1764 3176
730 101 822 150 Pag.
849 98 1104 141 337—353.
1616 100 1669 140 61

443 211 635 250 contendit
656 212 811 256 Quaest.
843 224 902 261 ep.
930 225 966 261 p.
999 210 1093 252 145.
1151 210 1248 248 Nam
1283 212 1428 250 etiamsi
1462 215 1621 261 negetur
1650 225 1672 250 a

443 267 715 305 Choerobosco
758 268 936 316 scriptum
983 280 1066 304 esse
1114 267 1435 318 τριακονταέτους
1480 268 1553 317 (sic
1588 269 1671 319 ipse

443 324 637 373 scripsisse
667 336 751 359 eum
777 324 944 372 coniicit)
982 328 1105 359 tamen
1144 324 1204 360 illo
1232 322 1534 374 τριακονταέτης
1562 339 1673 376 τρια-

441 378 654 419 κονταέτου
686 379 756 415 hoc
789 383 931 415 tantum
962 379 1085 416 dicere
1122 392 1204 416 eum
1234 380 1419 428 voluisse,
1451 393 1532 417 cum
1561 381 1672 417 semi-

443 437 568 473 ninum
593 433 883 485 τριακονταέτις
913 435 1119 483 fingerent,
1153 436 1274 472 animo
1303 437 1410 486 quasi
1439 436 1671 486 praeforma-

440 499 516 528 tam
528 491 703 528 habuisse
714 491 951 538 isosyllabam
963 490 1245 528 declinationem
1255 490 1555 543 τριακονταέτης
1567 508 1671 544 τρια-

439 545 664 586 κονταέτου.
700 545 840 583 Nescio
856 575 865 591 ,
889 559 962 595 qua
990 551 1114 583 mente
1138 547 1226 584 illud
1245 548 1496 585 Buttmannus
1519 550 1667 598 dixerit,

444 603 511 640 sed
529 616 577 640 ne
595 603 648 639 sic
664 603 812 652 quidem
829 607 932 639 recte
953 615 1037 639 eum
1057 603 1194 640 dixisse
1209 604 1383 641 arbitror.
1412 605 1550 642 Errare
1571 605 1671 641 Atti-

442 672 506 696 cos
530 659 639 695 docet
664 658 951 695 Choeroboscus
973 659 1130 707 primum
1155 660 1190 696 in
1208 665 1364 697 accentu
1387 665 1424 696 et
1441 660 1568 711 διέτης
1591 660 1671 701 κτὲ.

444 715 688 765 pronuntiare
708 719 747 750 ut
767 713 918 764 οἰκέτης
932 712 1008 752 mg.
1022 740 1033 761 ‚
1053 727 1178 752 errare
1195 717 1345 752 eosdem
1368 717 1404 752 in
1421 717 1669 754 declinatione

441 776 479 808 et
499 769 731 809 δωδεκαέται
759 771 907 816 dicere
929 783 1009 806 cum
1029 770 1192 808 debeant
1216 772 1488 821 δωδεκαετεῖς,
1509 774 1670 822 denique

440 827 617 863 feminina
639 839 787 875 quoque
806 831 846 862 ut
870 839 891 862 a
917 827 1056 875 primae
1086 827 1345 864 declinationis
1367 829 1579 866 nominibus
1599 830 1669 866 du-

439 895 542 919 cere:
564 877 695 933 ω’σπερ
712 879 786 934 γοὶρ
803 879 823 921 ὃ
841 882 1004 931 πολίτης
1025 885 1096 921 τοῦ
1112 884 1276 922 πολίτου
1294 883 1361 922 καὶ
1378 900 1403 935 η
1426 887 1576 932 πολῖτις
1595 888 1668 936 τῆς

438 936 659 985 πολίτιδος,
690 961 746 965 —
777 934 901 984 οὕτως
926 937 992 977 καὶ
1022 934 1099 977 α’πὸ
1127 943 1200 978 τοῦ
1230 939 1531 990 τριακονταέτης
1560 956 1669 993 τρια-

435 993 647 1032 κονταέτου
683 995 846 1033 ποιοῦσι
882 991 925 1033 τό
964 992 1145 1043 θηλυκόν
1184 1012 1209 1045 η
1243 995 1533 1047 τριακονταέτις
1562 1013 1668 1049 τρια-

437 1049 706 1098 κονταέτιδος,
745 1063 826 1087 cum
863 1050 1025 1087 debeant
1059 1049 1087 1100 ἦ
1117 1050 1419 1103 τριακονταετής
1456 1056 1527 1104 τῆς
1556 1069 1667 1104 τρια-

436 1108 686 1152 κονταετοῦς.
749 1107 849 1142 Haec
887 1107 949 1154 qui
987 1107 1119 1154 docet,
1162 1108 1193 1144 is
1233 1112 1333 1145 certe
1366 1109 1667 1159 τριακονταέτού

434 1163 481 1199 ab
519 1162 651 1198 Atticis
678 1175 749 1198 non
777 1163 988 1209 abiudicat‚
1014 1175 1136 1211 neque
1165 1165 1196 1200 si
1223 1164 1424 1212 singularis
1462 1166 1669 1203 heterocliti

435 1219 603 1267 exempla
635 1218 733 1254 nulla
763 1218 897 1263 affert,
930 1218 1157 1266 singularem
1192 1221 1244 1257 eis
1276 1220 1521 1258 heterocliton
1551 1223 1667 1259 fuisse

435 1280 562 1322 negat,
588 1275 656 1310 sed
686 1274 715 1309 si
743 1278 962 1322 quaeratur,
995 1275 1084 1323 quid
1113 1275 1194 1324 ipse
1229 1277 1276 1312 de
1311 1277 1443 1314 Atticis
1479 1279 1667 1325 statuerit,

436 1330 607 1367 omnibus
646 1330 767 1366 modis
813 1334 850 1366 et
887 1331 1050 1366 numeris
1100 1343 1165 1367 eos
1213 1345 1338 1369 errare
1373 1333 1570 1381 statuisse,
1608 1335 1667 1371 sin

435 1386 525 1435 quid
550 1385 658 1422 nobis
691 1398 735 1422 ex
764 1386 842 1421 eius
871 1385 992 1422 verbis
1022 1386 1268 1435 colligendum
1296 1389 1364 1433 sit,
1400 1390 1666 1427 nominativum

436 1446 473 1478 et
500 1442 750 1478 accusativum
781 1440 933 1490 pluralis
963 1443 1165 1479 secundum
1196 1444 1348 1491 primam
1382 1444 1667 1483 declinationem

431 1497 554 1534 factos
583 1498 620 1533 in
648 1496 856 1533 Atticorum
880 1498 1030 1547 scriptis
1055 1499 1270 1548 repperisse
1297 1500 1566 1538 existimandus
1594 1506 1666 1538 est.

435 1553 610 1590 Ceterum
642 1551 738 1602 Leg.
772 1552 814 1589 L.
846 1553 929 1592 Vll.
955 1567 989 1602 p.
1021 1555 1113 1594 812.
1150 1555 1192 1591 Β.
1224 1553 1531 1606 ἑξηκοντούτας,
1563 1558 1664 1606 quod

433 1609 630 1646 Bekkerus
656 1621 699 1645 ex
731 1622 804 1645 uno
823 1609 910 1647 Par.
929 1608 974 1647 A.
1000 1622 1121 1659 eoque
1151 1617 1320 1648 correcto
1348 1614 1504 1662 recepit,
1534 1626 1666 1663 quam-
1718 1632 1728 1634 ⁴

434 1677 544 1713 quam
584 1666 692 1701 etiam
732 1666 765 1701 in
806 1665 990 1702 vossiano
1032 1670 1175 1716 exstat,
1219 1672 1344 1705 tamen
1379 1680 1507 1717 parum
1545 1674 1664 1706 tutum

433 1721 600 1768 videtur,
640 1734 719 1757 cum
753 1721 788 1757 in
820 1720 905 1761 Par.
944 1721 988 1758 A.
1020 1720 1091 1758 Dii.
1127 1735 1149 1759 a
1178 1736 1226 1762 m.
1262 1736 1320 1774 pr.
1355 1729 1396 1760 ut
1436 1725 1472 1761 in
1512 1725 1663 1774 reliquis

432 1777 611 1827 scriptum
650 1778 699 1827 sit
727 1774 1035 1827 ἕξηκοντούτεις,

158 1831 404 1883 Pag.347‚a,
427 1834 449 1873 2
477 1837 565 1882 post
595 1829 801 1885 ἐλέγξωσιν
831 1834 992 1870 inseras:
1021 1855 1077 1860 —
1096 1834 1187 1881 ξ--
1214 1834 1249 1870 in
1280 1834 1392 1871 litura
1421 1834 1508 1873 Par.
1529 1834 1663 1878 A.D1'i‚

432 1889 482 1927 15
514 1902 535 1926 a
564 1889 587 1926 f.
620 1890 753 1926 addas:
784 1904 830 1941 γρ
860 1885 1099 1939 μεμνήσεται
1127 1891 1163 1927 in
1186 1903 1233 1930 m,
1263 1891 1347 1928 Par.
1374 1890 1421 1930 A.
1450 1891 1524 1932 Dii.

158 1941 362 1993 Pag.348‚
375 1958 410 1992 a,
435 1945 487 1984 20
517 1948 605 1994 post
635 1943 686 1983 ἔτι
719 1945 751 1984 δ.
774 1946 937 1983 inseras:
966 1945 1052 1982 Par.
1085 1946 1127 1981 A.
1156 1946 1228 1986 Du,
1260 1960 1282 1983 a
1314 1959 1361 1985 m.
1389 1960 1448 1996 pr.

378 2000 414 2046 b,
434 2002 485 2040 27
517 2001 652 2038 addas:
685 1996 1038 2051 πεντήκοντούτων
1068 2015 1089 2037 a
1111 2015 1157 2039 m.
1181 2014 1238 2051 pr.
1268 2001 1353 2039 Par.
1382 2005 1423 2041 A.
1456 2003 1527 2044 Du,

158 2054 408 2106 Pag.350‚a‚
428 2057 525 2093 inter
556 2070 588 2095 v.
615 2057 667 2096 10
695 2062 730 2093 et
761 2059 810 2096 11
842 2059 1002 2094 inseras:
1034 2057 1298 2107 φιλοσοφίαν)
1328 2061 1369 2095 In
1399 2057 1483 2095 Par.
1513 2060 1558 2097 A.
1588 2058 1663 2100 Dii.

432 2127 446 2150 ι
476 2125 498 2148 a
518 2125 566 2151 m.
597 2116 671 2151 vet.
708 2127 820 2163 super
841 2129 862 2151 v
888 2113 1067 2161 scriptum
1097 2118 1168 2153 est.

438 2167 536 2203 inter
562 2181 596 2204 v.
622 2169 671 2207 11
704 2173 740 2205 et
774 2170 821 2209 12
850 2170 1014 2205 inseras:
1048 2162 1136 2207 ἄλλ
1180 2166 1254 2216 ως)
1280 2189 1336 2196 -—-
1355 2167 1386 2208 ὦ
1405 2191 1460 2197 ——-
1488 2170 1523 2206 in
1552 2170 1663 2208 litura

431 2223 517 2260 Par.
546 2222 590 2262 A.
621 2222 695 2265 Dii.

378 2277 413 2322 b,
432 2277 485 2317 14
510 2292 531 2315 a
561 2279 586 2314 f.
610 2280 749 2318 addas:
781 2295 802 2331 ρ
832 2281 867 2316 in
901 2275 1132 2330 ἄπείργασαι
1165 2278 1251 2320 Par.
1281 2279 1327 2317 A.
1355 2280 1428 2318 Du.
1457 2295 1479 2319 a
1506 2294 1555 2321 m.
1584 2295 1659 2322 rec.

429 2334 608 2371 insertum
635 2335 760 2376 habet.

160 2387 404 2435 Pag.351,a‚
431 2390 455 2428 8
486 2402 507 2426 a
537 2390 564 2429 f.
593 2395 679 2440 post
709 2392 920 2443 ξυγχωρεῖν
948 2404 987 2429 τε
1017 2390 1178 2427 inseras:
1199 2390 1284 2428 Par.
1315 2392 1360 2432 A.
1391 2392 1462 2433 Du,
1493 2407 1514 2431 a
1535 2405 1582 2429 m.
1603 2405 1660 2443 pr.

412 2444 516 2493 (ante
546 2445 723 2496 lituram.)

160 2498 405 2548 Pag.353,b,
430 2502 480 2539 17
510 2514 531 2537 a
560 2501 585 2542 f.
616 2502 757 2539 addas:
788 2501 865 2554 ἐγγ.
900 2503 944 2547 -ξ-
977 2505 1040 2541 πλ.
1069 2501 1155 2542 Par.
1186 2502 1228 2540 Δ.
1257 2501 1330 2541 Βῆ.
