1764 3176
0 766 5 841 ι

0 843 5 952 ἔ

483 167 802 211 CIVITAS
850 167 973 211 LIB.
1003 167 1140 211 VIIII.
1171 173 1236 208 581
1462 170 1544 210 147

161 285 277 334 μεθα
315 282 377 336 τῷ
415 277 555 340 λόγῳ,
593 279 704 325 ὥστε
742 296 785 325 τι
819 279 927 336 ἡμῖν
974 277 1127 332 αὐτοῖς
1172 281 1367 336 δηλοῦν,
1413 274 1546 323 ὁπότε

161 352 292 393 τοῦτο
321 349 396 404 τῆς
425 353 565 405 ψυχῆς
586 349 635 393 τὸ
664 348 797 406 μέρος
826 345 1039 404 λέγοιμεν,
1069 348 1142 392 καὶ
1172 350 1411 397 καλοῦντες
1435 345 1544 390 αὐτὸ

160 414 494 473 φιλοχρήματον
540 416 615 460 καὶ
671 415 931 472 φιλοκερδὲς
989 413 1139 468 ὀρθῶς
1198 415 1254 458 ἂν
1310 419 1542 471 καλοῖμεν,·

159 484 277 540 Ἐμοὶ
305 488 420 540 γοῦν
452 486 596 537 δοκεῖ,
635 484 732 540 ἔφη.
797 486 849 527 Τί

888 485 958 535 6213
987 483 1036 528 τὸ
1073 484 1307 539 θυμοειδὲς
1347 481 1401 527 οὐ
1432 482 1546 538 πρὸς

159 552 209 596 τὸ
244 557 420 607 κρατεῖν
449 551 598 608 μέντοι
639 553 784 608 φαμὲν
822 551 895 595 καὶ
935 556 1064 595 νικᾶν
1096 569 1168 596 και
1201 550 1447 607 εὐδοκιμεῖν
1478 550 1545 594 ἀεὶ

160 620 268 664 ὅλον
311 618 568 676 ωρμῆῦθαις
610 621 697 664 Καὶ
735 618 864 676 μάλα.

924 623 980 664 Εἰ
1017 615 1098 664 οὗν
1136 617 1391 676 φιλόνεικον
1433 618 1541 662 αὐτὸ
1570 619 1606 659 Β

160 689 234 732 καὶ
281 688 517 745 φιλότιμον
564 689 995 746 προσαγορεύοιμεν,
1043 692 1070 744 ἠ
1113 689 1302 743 ἐμμελῶς
1342 687 1394 729 ἂν
1433 688 1546 742 ε’χοις

157 755 467 814 Ἐμμελὲστατα
508 774 587 813 μεν
625 761 720 801 οὐν.

784 755 911 801 Ἀλλὰ
951 756 1039 814 μὴν
1082 759 1115 814 ᾠ
1155 772 1202 811 γε
1245 754 1544 810 μανθάνομεν,

159 826 290 870 παντὶ
320 828 455 882 δῆλον
486 825 552 869 ὅτι
580 825 694 882 πρὸς
723 826 771 870 τὸ
803 826 963 870 εἰδέναι
996 824 1076 881 τήν
1105 822 1317 880 ἀλήθειαν
1348 823 1432 879 ὅπη
1464 824 1546 878 ἔχει

160 897 250 937 πᾶν
298 891 366 937 ἀεὶ
406 894 599 945 τέταται,
639 911 714 937 και
751 892 985 951 χρημάτων
1021 909 1066 936 τε
1105 893 1179 936 καὶ
1225 890 1353 945 δόξης
1392 890 1544 946 ἥκιστα

159 961 332 1006 τούτων
359 960 502 1019 τούτῳ
533 961 663 1017 μέλει.
725 962 851 1007 Πολύ

881 979 941 1018 γε.
1002 959 1251 1016 Φιλομαθὲς
1281 958 1335 1014 δή
1366 959 1439 1001 καὶ
1471 975 1545 1014 φι-

159 1030 360 1086 λόσοφον
403 1034 640 1082 καλοῦντες
682 1029 788 1075 αὐτὸ
838 1030 950 1073 κατὰ
995 1027 1161 1084 τρόπον
1212 1028 1267 1071 ἂν
1312 1031 1542 1083 καλοῖμεν,-

162 1102 268 1150 Πιὸς
304 1097 390 1154 γὰρ
433 1098 510 1149 οὕς
547 1097 743 1152 Οὐκοῦν,
783 1093 839 1155 ἦν

159 1244 225 1290 μὲν
244 1247 330 1280 Lob.
358 1246 458 1281 vina.
481 1223 522 1281 F}
544 1247 713 1282 vanssM.
734 1248 820 1282 ven.

161 1292 820 1382 ⁰·..2313225‘·.}35·.{³05k¹3215511‘3g·5122.

157 1384 411 1474 Flzlgyssggag·
454 1427 642 1475 λέγοιμεν;

159 1477 310 1566 Αῗίὶιῗῖ·
328 1477 705 1558 35‚;†·1¹,³:b¹i¹‘·.1⁸;‚¹2i¹}¹3
742 1513 821 1558 vat.

158 1568 239 1602 ΒΜ.
263 1569 344 1602 Par.
369 1569 413 1603 K.
438 1581 507 1604 sec.
527 1570 639 1604 Bekk.

207 1626 428 1671 καλοῦντες]
458 1628 653 1670 φιλοῦντες
676 1638 750 1661 cum
774 1639 822 1661 κα

159 1683 261 1717 super
285 1684 329 1715 φι
353 1674 433 1707 vat.
455 1673 500 1708 H.

209 1715 508 1763 φιλοχρήματον]
549 1717 614 1754 καὶ
654 1731 694 1763 φ.
735 1719 820 1753 Lob.

161 1765 243 1798 Vat.
263 1764 343 1797 ΒΜ.

207 1807 350 1866 ὀρθῶς]
380 1803 437 1853 ἆρ’
461 1806 491 1844 6
511 1810 602 1844 Mon.
613 1811 653 1843 Β.
667 1810 763 1844 Flor.
776 1811 821 1844 U.

207 1852 310 1912 Ἐμοὶ
337 1855 454 1911 γοῦν]
500 1856 554 1890 Ita
600 1858 628 1890 ἶ
632 1857 701 1890 ind.
747 1857 823 1890 EF.

697 1432 818 1477 Steph.

153 1897 301 1946 ’Έμοιγ’
337 1901 407 1936 οὐν
443 1913 517 1935 cum
546 1902 631 1936 Lob.
660 1903 756 1937 Vind.
781 1903 823 1937 Β.

162 1948 256 1982 Mon.
288 1949 330 1982 B.
365 1948 473 1992 (Flor.
505 1948 713 1983 ACRQrUV
743 1949 822 1984 Par.

161 1994 226 2038 Κ.)
251 1994 416 2029 editiones
441 1997 519 2028 ante
542 1995 748 2036 Bekkerum,
767 1995 823 2039 qui

160 2041 265 2074 tacito
289 2040 448 2074 correxit.
485 2041 540 2075 Cf.
550 2040 622 2074 Vol.
633 2041 660 2074 I.
679 2053 713 2097 p.
725 2043 779 2081 30
789 2041 822 2074 b.

212 2086 258 2120 Τί
272 2084 334 2128 δέ,·
358 2085 401 2121 τὸ
415 2085 626 2130 θυμοειδὲς]
651 2088 687 2120 τί
703 2085 741 2120 δὲ
752 2088 822 2120 θυ-

161 2130 328 2187 μοειδὲς,
361 2132 456 2167 Mon.
479 2134 521 2167 Β.
554 2133 590 2166 τί
615 2129 653 2167 δε
679 2131 721 2167 τὸ
752 2134 823 2167 θυ-

162 2175 318 2220 μοειδὲς.
342 2179 441 2212 Vind.
465 2179 508 2212 E.
539 2179 615 2213 Ald.
650 2179 687 2213 τί
709 2176 748 2213 δὲ
777 2177 819 2214 τὸ

163 2221 363 2280 θυμοειδὲς
379 2226 408 2258 V
412 2225 481 2258 ind.
502 2226 542 2258 Β.
572 2225 617 2259 Τί
635 2223 673 2258 δὲ
690 2224 733 2260 τὸ
751 2227 822 2259 θν-

162 2267 325 2313 μοειδὲς,
349 2271 431 2305 Bas.
456 2271 510 2304 ab.
538 2272 584 2304 Τί
613 2268 652 2305 δὲ
678 2270 722 2306 τὸ
752 2273 822 2305 θυ-

163 2315 327 2358 μοειδές,·
350 2317 434 2350 serri
457 2321 582 2361 potest.
619 2317 672 2352 Cf.
700 2317 774 2352 Vol.
793 2318 820 2352 I.

162 2373 196 2406 p.
219 2364 275 2403 21,
294 2375 324 2396 a.
349 2362 395 2396 Π.
420 2375 452 2408 p.
470 2365 526 2398 91.
548 2375 599 2408 sq.

208 2420 368 2473 κρατεῖν]
393 2421 557 2464 κρατοῦν
584 2421 665 2455 Bas.
689 2421 723 2453 b.

207 2463 351 2509 μέντοι]
369 2464 436 2508 μέν
454 2479 489 2500 τι
508 2467 616 2511 (Flor.
629 2466 722 2509 AC.)
741 2466 823 2500 editi

162 2512 456 2590 antessBekkerum,
474 2513 666 2547 tacentibus
683 2513 727 2547 de
744 2513 823 2547 Par.

161 2558 206 2592 K.
260 2569 308 2602 lp.

211 2600 294 2646 ἀεὶ]
337 2604 391 2637 Ita
423 2604 501 2638 Par.
535 2605 574 2637 A.
608 2604 708 2637 Vind.
743 2604 819 2638 BE.

165 2651 246 2684 vat.
280 2651 324 2684 H.
357 2650 449 2683 Flor.
474 2650 613 2686 ACTV.
648 2651 707 2684 δεῖ
735 2650 819 2683 Lob.

164 2696 262 2729 Vind.
286 2696 329 2729 F.
357 2696 435 2729 Vat.
458 2696 497 2729 B.
531 2696 615 2730 Ven.
640 2697 712 2729 BC.
741 2696 821 2729 Par.

164 2742 241 2778 ΒΚ.
271 2753 339 2775 sec.
364 2742 473 2775 Bekk.
500 2742 574 2777 Ald.
600 2743 680 2777 Bas.
705 2743 760 2777 ab.
786 2745 822 2775 et

164 2789 298 2833 punctis
330 2787 532 2833 subscriptis
565 2788 659 2822 Mon.
684 2789 724 2823 Β.
754 2799 818 2821 om.

165 2836 253 2879 Ang.
286 2834 325 2868 Β.
360 2834 432 2868 Fic.
468 2834 545 2868 δεῖν
582 2834 690 2877 (Flor.
720 2834 819 2878 RU.)

881 1096 924 1142 δ’
957 1096 1066 1153 ἐγώ,
1104 1096 1178 1140 καὶ
1216 1096 1337 1152 ἄρχει
1377 1095 1423 1139 ἐν
1451 1100 1546 1146 ταῖς

878 1245 1000 1290 Steph.
1023 1245 1097 1279 Ast.
1121 1255 1174 1289 pr.
1197 1255 1266 1279 sec.
1311 1244 1365 1278 De
1388 1246 1468 1280 Vat.
1494 1245 1543 1278 M.

878 1293 1057 1326 Bekkerus
1082 1291 1172 1324 nihil.

924 1334 1140 1381 ιὸρμῆσθαι]
1167 1333 1357 1380 ὁρμῆσθαι
1381 1337 1481 1372 Vind.
1502 1337 1543 1372 F.

877 1379 1085 1437 (ὁρμεῖσθαι
1105 1384 1185 1417 Bas.
1208 1384 1263 1416 ab.

924 1428 1149 1474 φιλόνεικον]
1171 1426 1366 1472 φιλόνικον
1387 1428 1482 1464 Mon.
1501 1430 1542 1463 B.
1568 1429 1604 1469 Β

877 1476 971 1510 Flor.
998 1476 1042 1509 U.

924 1530 1275 1577 προσαγορεύοιμεν]
1294 1530 1544 1576 προσαγορεύ-

879 1591 966 1625 ομεν
994 1580 1543 1635 Vind.EF.Ang.B.F10r.R

924 1620 1016 1670 ἧ]ὴ
1009 1622 1141 1658 Vind.
1166 1625 1207 1659 F.

924 1670 1051 1726 παντὶ]
1078 1683 1141 1704 om.
1168 1671 1254 1704 Lob.
1285 1671 1365 1704 Vat.
1390 1671 1470 1704 ΒΜ.

927 1715 1008 1761 ότι]
1045 1729 1109 1751 om.
1133 1717 1245 1750 iidem.
1276 1714 1370 1760 ἔφην
1394 1717 1473 1750 Par.
1498 1716 1542 1750 K.

879 1764 972 1797 Mon.
998 1764 1038 1798 B.
1064 1763 1154 1796 Flor.
1181 1763 1223 1795 U.
1255 1761 1326 1805 ε’φη
1354 1764 1430 1796 Par.
1455 1763 1496 1795 D.

927 1806 1015 1853 ὅπη]
1041 1805 1130 1843 ὅποι
1152 1809 1235 1841 Ven.
1254 1810 1293 1842 B.
1319 1809 1410 1842 Flor.
1435 1808 1474 1841 C.

926 1854 1010 1899 ἔχει]
1032 1853 1107 1898 ἔχοι
1127 1855 1227 1889 Vind.
1247 1855 1287 1888 B.

924 1900 1095 1945 τέταται]
1130 1901 1184 1934 Ita
1221 1901 1301 1935 Par.
1332 1900 1440 1934 ADK.
1476 1912 1544 1934 sec.

878 1947 988 1982 Bekk.
1023 1947 1109 1981 Lob.
1145 1947 1238 1982 Mon.
1271 1947 1312 1981 B.
1351 1948 1425 1981 vat.
1464 1947 1543 1980 ΒΜ.

878 1995 961 2029 Ven.
989 1994 1029 2027 C.
1056 1994 1147 2027 Flor.
1175 1993 1218 2027 U.
1250 1994 1364 2026 anniti
1386 1992 1462 2026 Fic.
1486 1990 1543 2026 τέ-

877 2052 1010 2073 τακται
1042 2039 1164 2085 reliqui
1205 2050 1280 2072 cmn
1321 2039 1422 2072 editis
1467 2045 1546 2072 ante

878 2086 1083 2119 Bekkerum.
1133 2085 1188 2118 Cf.
1222 2085 1368 2118 Phaedr.
1402 2096 1435 2128 p.
1460 2087 1542 2119 270.

878 2133 929 2166 E:
954 2129 977 2176 ἡ
1003 2127 1136 2175 ἅμιλλα
1159 2128 1261 2176 αὐτῷ
1291 2129 1431 2164 έταται
1450 2127 1544 2174 πρὸς

879 2178 993 2212 τοῦτο
1018 2178 1134 2212 πᾶσα.
1161 2189 1227 2222 quo
1252 2177 1326 2211 loco
1344 2177 1450 2210 codex
1468 2179 1544 2210 Go-

879 2225 1001 2258 thanus
1032 2230 1068 2257 et
1099 2222 1248 2257 nonnulli
1279 2223 1335 2257 a'ii
1368 2220 1544 2256 τέτακται

879 2270 1051 2304 exhibent.
1075 2270 1160 2313 Leg.
1184 2269 1225 2303 L.
1248 2269 1309 2302 VL
1333 2280 1367 2313 p.
1391 2270 1471 2304 763.
1492 2269 1542 2302 C:

879 2317 955 2350 τῶν
981 2313 1018 2349 ἐκ
1041 2316 1109 2359 τῆς
1129 2313 1252 2359 χώρας
1275 2311 1475 2358 λεωφόρων
1492 2315 1544 2353 εἰς

878 2361 949 2406 τὴν
982 2359 1092 2396 πόλιν
1127 2360 1186 2395 ἀεὶ
1218 2359 1438 2403 τεταμένων.
1482 2361 1543 2394 ubi

878 2413 958 2443 ante
982 2409 1111 2441 Astium
1135 2405 1364 2450 τεταγμένων
1388 2411 1475 2442 erat.

923 2453 1034 2497 μέλει]
1059 2452 1179 2497 μέλλει
1200 2453 1297 2487 Viud.
1323 2454 1397 2488 BF.

925 2498 986 2544 δὴ]
1012 2498 1051 2533 δε
1078 2501 1162 2533 Ven.
1189 2499 1229 2533 B.

925 2557 1126 2596 καλοῦντες
1156 2553 1278 2599 αὐτὸ]
1301 2556 1481 2590 καλοῦντε
1507 2560 1558 2591 αλ

879 2603 956 2637 Ald.
998 2604 1076 2636 Bas.
1119 2614 1149 2636 a.
1199 2599 1292 2636 αὐτὸ
1343 2603 1544 2642 καλοῦντες

879 2650 976 2684 Flor.
1000 2650 1045 2682 U.
1079 2646 1174 2683 αὐτὸ
1209 2648 1412 2687 καλοῦντες
1445 2647 1540 2682 αὐτὸ

881 2707 956 2728 cum
997 2695 1131 2739 punctis
1170 2696 1232 2729 sub
1284 2695 1393 2729 altero
1445 2691 1541 2729 αὐτὸ

878 2741 972 2775 Mon.
997 2742 1040 2775 B.

925 2788 1140 2831 καλοῖμενς]
1166 2788 1350 2829 καλοῖμεν.
1369 2786 1443 2819 Ald.
1462 2787 1543 2820 Bas.

880 2833 934 2867 ab.
960 2833 1078 2878 Steph.
1103 2834 1176 2867 Ast.
