1764 3176
483 176 820 220 CIVITAS
850 178 1132 222 LIB.V1111.
1163 184 1230 218 576
1454 183 1537 224 129

149 294 314 345 θομενς
348 290 450 332 Πᾶν
478 287 767 342 τούναντίον,
805 289 909 345 ἔφη·
939 287 968 345 ἦ
999 289 1078 344 μὲν
1105 288 1192 345 γάρ
1224 288 1402 346 ἀρίστη,
1432 287 1460 345 ἡ
1488 289 1535 333 δὲ

149 357 344 410 κακίστη.
407 354 502 400 Οὐκ
533 356 765 413 ἐρήσομαι,
796 355 934 408 εἷπον,
965 353 1184 411 ὁποτέραν
1212 357 1366 413 λέγεις·
1399 358 1535 414 δῆλον

147 423 244 481 γάρ.
304 421 401 466 ἀλλ’
433 422 716 480 εὐδαιμονίας
744 440 789 467 τε
823 419 879 467 αὖ
910 424 984 467 καὶ
1013 422 1276 481 ἀθλιότητος
1308 423 1533 479 ὡσαύτως,

147 491 177 549 ἢ
215 490 357 544 ἄλλως
387 495 572 547 κρίνειςς
609 493 682 536 καὶ
721 491 778 549 μὴ
817 491 1154 548 ἐκπληττώμεθα
1192 491 1306 547 πρὸς
1348 492 1427 536 τόν
1455 491 1533 536 τύ-

148 577 314 614 ραννον
356 560 433 604 ἕνα
473 560 579 604 ὄντα
616 561 872 617 βλέποντες,
914 558 1023 616 μηδ’
1056 562 1097 604 εἴ
1122 576 1235 611 τινες
1265 559 1405 616 ὀλίγοι
1434 561 1534 615 περὶ

149 628 338 680 ἐκεῖνον,
378 625 472 672 ἀλλ’
505 627 563 679 ὡς
588 627 668 685 χρὴ
709 629 817 686 ὅλην
846 629 925 685 τὴν
953 627 1086 672 πόλιν
1117 627 1394 680 εἰσελθόντας
1423 629 1531 673 θεά-

149 702 327 750 σασθαι,
357 696 621 748 καταδύντες
651 698 710 748 εἰς
740 696 914 741 ἅπασαν
943 697 1017 740 καὶ
1047 695 1228 748 ἰδόντες,
1262 695 1376 740 οὕτω
1399 695 1532 750 δόξαν
1560 697 1595 738 Ε

148 869 271 928 habet)
304 874 364 905 aut
402 870 492 916 quod
534 870 651 904 Astius
684 871 717 904 in
754 882 807 916 pr.

154 917 200 950 Τί
221 912 291 951 ουν
312 917 387 961 ἄρα
408 936 449 941 -
465 928 530 950 non
548 918 677 961 negabo
698 928 807 961 neque

148 969 309 998 accentus
333 963 572 1004 mutationem,
593 975 691 1008 quem
715 964 808 997 Bek-

148 1008 251 1042 kerus
283 1010 464 1043 secundum
506 1021 607 1042 unum
651 1010 728 1044 Vat.
761 1010 806 1044 H.

146 1058 283 1089 acutum
307 1067 350 1089 ex
373 1054 618 1089 circumflexo
608 1067 644 1088 ιιι
668 1055 807 1100 reliquis

147 1101 300 1135 omnibus
331 1114 352 1136 a
375 1113 412 1135 se
435 1096 574 1134 invento
597 1102 721 1135 secisse
746 1101 806 1143 ait,

148 1158 170 1180 a
193 1147 378 1189 codicibus,
398 1148 426 1181 si
443 1147 576 1181 codices
591 1147 807 1191 requirimus,

147 1193 231 1226 satis
279 1194 409 1228 firmam
450 1204 525 1226 esse
568 1193 805 1226 dissimulabo:

149 1234 226 1283 ἄρα
259 1239 294 1272 in
317 1240 402 1273 Lob.
433 1233 535 1272 Vind.
563 1239 638 1273 EF.
671 1239 747 1284 (qui
772 1238 808 1272 τί

148 1285 299 1319 enclitici
322 1286 430 1319 instar
454 1285 497 1318 ad
525 1285 734 1318 Glauconem
751 1296 807 1318 re-

147 1332 240 1364 fert·
264 1331 345 1371 πῶς
369 1329 441 1374 γὰρ
466 1326 512 1364 οὔ
540 1343 595 1364 τι.·
621 1324 692 1364 οὖν
711 1326 806 1383 ἄρα)

147 1376 242 1411 Mon.
265 1378 306 1410 Β.
340 1381 376 1410 et
405 1376 440 1410 in
464 1376 669 1409 Florentinis
696 1377 806 1410 omni-

146 1423 210 1456 bus
234 1422 401 1476 scripturn
422 1427 486 1455 est.
521 1422 593 1456 Sed
616 1423 680 1456 hoc
697 1421 807 1467 ipsum

148 1463 242 1512 ἄρα,
268 1480 369 1523 quum
392 1467 522 1501 ironiae
545 1468 601 1501 hic
624 1468 716 1502 locus
741 1480 807 1501 non

148 1514 206 1556 sit,
218 1521 296 1559 post
315 1526 384 1548 ουν
403 1514 639 1548 molestissime
657 1520 692 1547 et
707 1526 806 1559 pror-

149 1572 206 1594 sus
245 1561 378 1594 insolito
421 1560 517 1593 modo
563 1560 735 1602 abundat,
772 1564 807 1593 et

148 1606 239 1652 quod
260 1606 494 1650 gravissimum
517 1610 590 1646 est,
615 1618 715 1651 quum
740 1607 807 1640 So-

148 1657 263 1686 crates
296 1652 329 1685 in
359 1652 511 1697 proximo
540 1651 689 1685 virorum
718 1653 808 1686 inter

147 1698 238 1752 ipsos
250 1698 532 1751 comparationem
544 1698 695 1738 eandem,
706 1710 806 1743 quam

148 1744 324 1777 civitatum
347 1744 421 1777 fore
443 1743 581 1776 virtutis
605 1750 639 1776 et
660 1744 807 1777 felicita-

149 1790 194 1824 tis
217 1791 348 1823 ratione
370 1789 489 1823 habita
513 1789 666 1830 dixisset,
691 1790 721 1822 si
744 1791 808 1823 hoc

147 1835 223 1870 loco
254 1836 386 1869 omnino
418 1847 562 1880 quonam
594 1835 691 1869 modo
723 1836 808 1869 civi-

149 1887 204 1916 tas
235 1886 379 1925 tyranno
412 1881 566 1914 subiecta
605 1881 647 1914 ad
680 1882 808 1924 regiam

148 1940 187 1962 se
227 1928 370 1961 baberet
410 1928 676 1970 interrogasset,
717 1927 807 1961 haud

149 1973 253 2008 dubie
276 1979 454 2018 utramque
476 1973 563 2006 illam
577 1999 587 2015 ,
611 1985 711 2018 quam
736 1985 807 2007 mo-

148 2020 192 2054 do
217 2019 445 2059 ostendisset,
476 2019 634 2052 virtutem
666 2024 702 2053 et
731 2019 807 2053 feli-

148 2065 286 2100 citatem
317 2065 443 2110 respici
469 2065 556 2099 velle
590 2065 680 2099 visus
703 2070 806 2106 esset,

147 2123 214 2146 non
237 2113 383 2156 priorem
406 2116 548 2153 tantum,
571 2123 669 2155 quam
693 2118 807 2145 tamen

147 2161 184 2192 et
207 2158 340 2191 Glauco
362 2157 544 2191 secundum
566 2157 614 2198 id,
641 2158 733 2202 quod
751 2170 806 2191 re-

148 2203 314 2248 spondet,
338 2203 442 2237 solam
465 2203 636 2247 respexiss
621 2215 658 2236 se
681 2209 716 2237 et
741 2205 805 2237 So-

147 2255 261 2282 crates
290 2249 474 2282 secundum
498 2261 559 2290 ea,
589 2260 676 2295 quae
708 2250 806 2283 dein-

150 2306 232 2339 ceps
259 2294 473 2338 interrogat,
511 2274 616 2328 so’lam
657 2296 806 2329 voluisse

149 2340 273 2394 respici
308 2340 454 2374 videtur.
525 2340 650 2385 Itaque
691 2338 805 2397 αρετῇ

150 2398 213 2431 pro
240 2381 316 2429 ἄρα
347 2386 480 2431 recepi,
505 2387 682 2420 articulum
705 2384 726 2431 ἠ
752 2388 806 2421 in-

151 2436 279 2466 tactum
302 2432 434 2477 reliqui,
457 2432 521 2466 etsi
545 2444 619 2466 eum
643 2445 710 2467 una
733 2445 807 2467 cum

149 2478 317 2521 particula
337 2490 400 2523 per
423 2479 691 2533 compendiorum
715 2479 808 2512 simi-

148 2523 321 2557 litudinem
345 2524 511 2569 prodiisse
526 2536 567 2558 ex
585 2521 696 2571 α’ρετῇ
716 2526 808 2559 veri-

149 2569 260 2604 simile
282 2575 345 2604 est.

199 2615 305 2660 οἴαν]
343 2613 428 2650 οἷαν

151 2661 239 2696 Lob.

197 2705 241 2741 τὸ
269 2706 439 2750 πρῶτον]
475 2718 581 2751 tono.
620 2708 707 2742 Lob.
733 2707 809 2741 Ald.

151 2752 232 2787 Bas.
256 2753 310 2786 ab.
334 2753 455 2797 steph.

197 2795 439 2841 τούναντίον,
468 2796 560 2842 ἔφη]
585 2795 809 2833 τούναντίον

153 2842 225 2888 ἔχει
247 2845 333 2879 Lob.
356 2845 437 2879 Vat.
460 2844 511 2879 M.
534 2845 612 2880 Bas.
635 2846 670 2880 b.

226 2903 433 2944 Ptin-oms
471 2903 547 2943 ΟΡ.
571 2902 644 2944 III.

470 2616 571 2651 Vind.
609 2616 651 2649 F.
688 2612 730 2649 οἷ
761 2627 809 2650 αν

911 867 1008 913 γὰρ]
1036 880 1100 902 om.
1126 869 1206 902 Par.
1229 869 1274 902 K.

912 916 1026 972 δῆλον
1053 913 1134 959 γάρ.
1162 911 1269 958 αλλ’]
1302 915 1427 958 Δῆλον
1449 926 1531 958 γαρ.

864 958 935 995 Ἀλλ
986 962 1066 996 Bas.
1093 962 1146 994 ab.
1196 961 1310 994 Etiam
1346 961 1446 995 Vind.
1487 962 1528 994 E.

863 1011 943 1041 ante
976 1005 1058 1040 ἀλλ’
1095 1011 1244 1041 mutatae
1278 1018 1448 1052 personae
1483 1006 1533 1040 si-

863 1065 963 1098 gnum
988 1054 1102 1087 habet.

910 1108 1149 1153 εὐδαιμονίας
1176 1111 1238 1154 τε]
1289 1110 1344 1143 Ita
1376 1111 1454 1144 Par.
1490 1112 1532 1144 A.

863 1157 948 1189 Lob.
977 1156 1192 1191 Vind.}3EF.
1219 1156 1296 1191 Vat.
1309 1157 1423 1191 BHM.
1445 1158 1533 1192 Ven.

864 1203 936 1236 Bc.
970 1203 1055 1246 Ang.
1081 1203 1122 1235 B.
1159 1203 1251 1236 Flor.
1288 1203 1457 1237 ACRTV.
1493 1214 1533 1237 τε

864 1261 928 1283 om.
953 1248 1046 1281 Mon.
1071 1249 1111 1280 Β.
1148 1249 1243 1291 (Par.
1266 1249 1310 1282 K.
1345 1249 1441 1283 Flor.
1466 1249 1532 1293 U.)

867 1294 1033 1328 Ald.Bas.
1059 1295 1113 1328 ab.
1139 1295 1262 1340 Steph.
1286 1295 1360 1328 Ast.
1386 1295 1438 1329 De
1452 1295 1532 1329 Par.

864 1340 906 1374 D.
931 1340 1110 1374 Bekkerus
1134 1352 1200 1374 non
1224 1341 1343 1384 magis,
1359 1352 1461 1386 quam
1488 1341 1532 1375 de

863 1387 943 1421 Par.
968 1386 1013 1419 K.
1047 1386 1140 1420 Mon.
1165 1387 1205 1420 Β.
1242 1387 1528 1431 significationem

865 1432 968 1466 dedit.

912 1472 977 1534 αν]
1005 1489 1069 1511 om.
1093 1477 1179 1510 Lob.
1205 1479 1284 1512 Vat.
1309 1478 1387 1512 ΒΜ.
1409 1477 1487 1512 Fic.

911 1521 1158 1579 ἀθλιότητος]
1187 1522 1407 1579 δολιότητος
1428 1525 1528 1558 Vind.

862 1570 903 1603 F.
938 1571 1178 1612 δουλιοτητος
1223 1582 1297 1603 cum
1338 1568 1393 1604 οἷθ
1427 1583 1532 1626 super

864 1617 932 1649 δου
969 1617 1054 1659 Aug.
1098 1617 1137 1649 B.
1183 1613 1409 1660 ἅθλιότητος
1447 1615 1533 1661 πέρι

863 1663 985 1706 St‹ph
1009 1663 1083 1694 Ast.
1117 1673 1169 1706 pr.
1218 1663 1369 1706 Egregie
1402 1664 1445 1696 de
1469 1675 1531 1707 ge-

864 1708 970 1741 nitivo
1016 1708 1147 1740 fallitur
1192 1708 1392 1752 Bernhardy
1435 1715 1528 1752 synt.

865 1766 897 1807 p.
935 1754 1013 1788 159.
1056 1753 1132 1786 dum
1165 1765 1240 1787 eum
1283 1767 1325 1788 ex
1370 1755 1531 1790 adverbio

865 1796 1043 1838 ωσαύτως
1064 1800 1213 1844 pendere
1237 1800 1370 1834 statuit.

909 1855 972 1890 καὶ
1003 1854 1050 1900 μὴ
1086 1854 1398 1902 ἐκπληττώμεθα]
1432 1870 1465 1892 κ.
1492 1870 1531 1902 μ.

865 1900 1145 1946 ἐκπληττόμεθα
1158 1904 1254 1937 Vind.
1265 1904 1308 1938 F.
1321 1916 1430 1949 neque
1448 1917 1530 1938 vero

864 1951 1066 1992 tyrannicae
1099 1950 1252 1982 civitatis
1282 1952 1427 1994 speciem
1465 1952 1528 1986 ad-

863 1996 1028 2028 miremur·
1062 1995 1134 2029 Pie.
1168 2007 1217 2039 μη
1254 1993 1354 2030 ἐκπλ.
1381 2002 1447 2031 etc.
1472 2008 1531 2030 us-

863 2053 929 2086 que
965 2041 1006 2075 ad
1041 2037 1367 2086 εὕδτιμονεστέρα.
1400 2044 1443 2078 Ε.
1469 2055 1531 2076 ex-

863 2088 990 2131 cerpsit
1021 2088 1192 2122 Stobaeus
1227 2100 1327 2122 serm.
1364 2089 1529 2123 XXXXI.

863 2145 896 2179 p
909 2177 1021 2234 πρὸς]
1050 2178 1101 2218 εἰς
1131 2180 1230 2213 Stob.
1254 2180 1325 2213 Sed
1351 2179 1422 2213 eius
1451 2180 1526 2214 cod.

862 2227 903 2259 A.
929 2223 1024 2268 πρὸς
1047 2226 1160 2259 habet.

863 2269 1011 2350 Fl‘ctivt]J
1033 2283 1099 2306 om.
1134 2271 1227 2306 Mon.
1260 2271 1302 2304 B.
1337 2271 1417 2307 Par.
1450 2271 1526 2306 DK.

907 2329 955 2351 or.
1014 2343 1022 2350 .

908 2372 1109 2418 τύραννον]
1136 2373 1176 2407 In
1198 2374 1292 2407 Mon.
1318 2375 1358 2409 B.
1383 2376 1528 2420 primum

862 2433 884 2455 ν
908 2421 969 2454 int.
995 2431 1086 2455 vers,
1112 2432 1131 2453 a
1156 2432 1199 2453 m.
1227 2431 1254 2454 s.
1281 2424 1344 2454 est.

909 2463 973 2510 ὥς]
1002 2466 1053 2505 εἰς
1082 2467 1180 2498 Stob.
1207 2466 1280 2499 cod.
1305 2468 1347 2501 A.

908 2510 990 2556 τήν]
1017 2524 1082 2544 om.
1108 2511 1193 2544 idem
1218 2516 1254 2545 et
1279 2513 1397 2547 Trinc.

912 2566 1161 2612 εἰσελθόντας]
1194 2567 1426 2610 εἰσελθόντες
1450 2572 1527 2606 Α1(1.

865 2616 1159 2704 Βὸιῗαζέδύντες]
1193 2661 1423 2701 καταδῦντες
1448 2676 1527 2696 eae-

866 2707 952 2741 dem.
983 2706 1081 2740 κοὶτα
1110 2703 1240 2746 δύντες
1264 2707 1348 2741 Lob.
1373 2710 1452 2743 Vat.
1476 2710 1525 2744 M.

911 2749 1077 2796 ἅπασαν]
1101 2747 1204 2785 α’παν
1223 2753 1321 2787 Vind.
1334 2754 1373 2788 F.
1399 2759 1434 2788 et
1451 2767 1526 2789 cum
1554 2750 1588 2790 E

866 2809 936 2833 σαν
947 2809 1057 2852 super
1080 2809 1102 2830 ν
1125 2797 1209 2842 Ang.
1235 2799 1275 2832 B.

910 2842 1039 2889 δόξαν]
1065 2839 1109 2878 τὸ
1135 2843 1169 2878 δ.
1193 2844 1279 2879 Lob.

1318 2901 1339 2943 I
