1764 3176
411 177 746 220 CIVITAS
793 179 914 221 LlB.
936 179 1070 222 Vlffl.
1102 184 1170 219 572

104 288 307 346 θόρυβον
341 305 402 345 τῳ
441 290 646 346 βελτίστῳ
686 294 840 346 χαῖρον
879 292 908 347 ἢ
951 292 1254 376 λυπούμενον,
1296 290 1392 335 ἀλλ’
1432 291 1481 349 ἐᾷ
1506 305 1574 338 572>

1396 184 1476 222 111

106 357 213 401 αὐτὸ
250 355 363 401 καθ’
394 354 502 400 αὐτὸ
533 356 672 413 μόνον
701 359 904 413 καθαρόν
933 365 1113 404 σκοπεῖν
1142 361 1215 404 καὶ
1251 359 1483 416 ὀρέγεσθαι

103 429 192 469 τοῦ
222 424 515 469 αἰσθάνεσθαι
556 425 583 468 ὃ
620 426 678 481 μή
716 424 854 476 οἶδεν,
895 426 923 482 ἦ
965 445 1006 472 τι
1045 446 1134 472 των
1171 428 1418 485 γεγονότων
1455 426 1484 483 ἢ

105 493 248 537 ὄντων
285 491 314 549 ἢ
348 494 423 537 καὶ
452 493 721 549 μελλόντων,
753 493 961 547 ὠσαύτως
994 496 1041 540 δὲ
1069 497 1142 539 καὶ
1171 497 1220 540 τό
1250 496 1485 579 θυμοειδὲς

103 559 307 616 πραΰνας
346 563 420 606 καὶ
456 562 515 619 μή
547 574 662 606 τισιν
691 564 750 614 εἰς
794 561 929 618 ὀργὰς
957 563 1101 607 ἐλθών
1129 564 1393 623 κεκινημένῳ
1423 581 1483 621 τῳ

103 633 235 688 θυμῳ
276 631 495 687 καθεύδῃ,
537 629 637 685 ἀλλ’
679 628 901 686 ἡσυχάσας
938 632 1018 686 μὲν
1057 633 1117 675 τώ
1158 631 1238 675 δύο
1285 634 1402 689 εἴδη,
1432 631 1483 676 τὸ

104 699 251 752 τρίτον
290 698 337 741 δὲ
377 698 579 755 κινήσας,
619 700 667 743 ἐν
697 717 731 758 ῳ
769 699 818 742 τὸ
849 704 1035 753 φρονεῖν
1071 699 1332 756 εγγίγνεται,
1366 699 1483 743 οὕτω

105 765 403 822 ἀναπαύηται,
435 764 555 811 οἶσθ’
570 800 579 819 ,
613 767 679 811 ὅτι
708 770 786 822 τῆς
823 764 863 809 τ’
896 765 1103 824 ἀληθείας
1134 769 1181 812 ἒν
1207 772 1268 826 τῷ
1298 768 1484 825 τοιούτῳ

102 833 287 890 μάλιστα
327 833 505 879 ἅπτεται
545 835 619 879 καὶ
661 834 812 891 ἥκιστα
851 835 1104 892 παράνομοι
1140 835 1236 880 τότε
1279 838 1326 879 αἱ
1363 835 1484 887 ὄψεις
1512 837 1548 878 Β

104 898 399 958 φαντάζονται
434 907 523 947 τῶν
562 903 793 947 ἐνυπνίων.

104 968 226 1026 οἶμαι
264 971 393 1016 οὕτω.

102 1143 200 1177 Stob.
235 1144 342 1178 Gesn.
375 1139 497 1177 αὐτοῦ
522 1143 601 1178 Par.
625 1144 670 1178 K.
697 1156 764 1179 sec.

102 1189 180 1234 Bip.
206 1185 325 1222 αὐτοῦ
351 1189 450 1223 8101).

143 1234 252 1290 μήτε]
278 1231 369 1278 μήτ’
394 1237 481 1278 Ang.
506 1235 546 1270 B.
571 1236 670 1270 Stob.

149 1279 262 1324 δοὺς]
297 1279 365 1320 δὸς
398 1282 496 1315 8101).
529 1283 603 1316 cod.
634 1282 675 1317 Β.
708 1278 762 1316 ἐν-

103 1325 196 1367 δοὺς
219 1327 305 1360 Lob.
331 1328 410 1362 vat.
435 1327 485 1361 M.

145 1372 213 1429 μὴ]
238 1384 303 1407 om.
330 1372 431 1406 Vind.
456 1374 496 1407 B.

34 1425 101 1460 572
150 1416 218 1465 ἑᾷ]
262 1415 328 1453 ε’ἅν
361 1418 446 1452 Lob.
493 1420 572 1454 Par.
606 1420 651 1453 K.
693 1432 761 1454 sec.

101 1454 212 1499 Bek'k.
237 1466 317 1500 Vat.
339 1465 389 1498 M.
416 1462 482 1499 ἐὰν
505 1467 592 1501 Ven.
617 1466 658 1500 C.
683 1466 763 1501 Par.

99 1512 143 1545 D.
167 1523 233 1546 om.
258 1511 358 1547 8101).
383 1502 501 1545 Tlinc.
528 1508 600 1546 ἐῶν
624 1512 703 1545 vat.
720 1513 760 1545 Β.

100 1557 186 1591 Ven.
219 1557 260 1590 B.
302 1557 404 1591 8101).
447 1558 527 1591 editi
561 1564 640 1592 ante
671 1559 763 1592 Bek-

100 1604 228 1637 ken-um.

147 1645 263 1704 αὐτὸ]
293 1645 412 1695 ἑαυτῷ
439 1649 679 1684 8101).Τι·1110.

144 1691 244 1728 καθ’
271 1683 396 1749 αὐτὸ]
425 1697 565 1732 καθαυ.
597 1696 695 1732 Vind.
721 1696 762 1729 F.

99 1737 198 1775 καθ’
224 1737 335 1774 ἑαυτὰ
360 1741 458 1774 Stob.

149 1784 348 1831 ὀρέγεσθαι
368 1786 453 1831 τοῦ]
478 1784 677 1843 ὀρέγεσθαι
699 1785 763 1820 καὶ

102 1833 242 1866 ΡιιικΑ.
277 1844 364 1866 am.
390 1844 443 1876 pr.
469 1830 669 1877 ὀρέγεσθαί
694 1844 761 1866 του

100 1877 164 1913 καὶ
183 1878 273 1911 idem
297 1890 317 1913 a
340 1890 383 1912 m.
406 1889 433 1911 S.
455 1880 558 1914 Vind.
575 1879 652 1912 ΒΕ..
675 1880 761 1913 ven.

100 1926 142 1958 Β.
177 1925 254 1958 Vat
279 1924 325 1959 H.
358 1923 450 1958 Flor.
479 1926 552 1960 AC.
587 1925 761 1969 (conside-

99 1970 212 2015 rare,)
231 1971 407 2024 indagare
427 1976 532 2016 atque
549 1971 760 2015 (percipere)

100 2017 173 2051 Fic.
218 2016 257 2050 Si
281 2016 349 2050 τοῦ
374 2015 409 2049 in
435 2017 514 2051 Par
542 2019 583 2051 A.
617 2029 637 2051 a
661 2029 761 2051 manu
818 2046 822 2050 .

99 2062 220 2117 prima
233 2066 345 2104 esset,
372 2059 572 2107 ὀρέγεσθαι
602 2063 671 2097 τοῦ
696 2062 760 2097 καὶ

101 2105 360 2145 αἰσθάνεσθαι
377 2109 481 2143 scribi
505 2113 638 2154 posset.
672 2121 760 2143 nunc

99 2165 280 2211 perperam
301 2166 343 2188 ex
364 2156 644 2190 antecedentibus
661 2167 761 2200 repe—

100 2201 197 2234 titum
221 2198 285 2233 καὶ
314 2200 458 2245 primum
483 2202 652 2247 expulisse
676 2202 760 2235 arti-

101 2245 223 2286 culum,
247 2246 369 2279 deinde
386 2247 680 2291 interpolationem
700 2259 759 2293 pe-

100 2291 231 2340 pelisse
253 2292 457 2340 pronominis
479 2293 626 2329 videtur.

147 2333 261 2393 οἶδεν]
288 2334 366 2372 οἶδε
384 2338 486 2372 Vind.
497 2340 540 2374 B.

145 2379 193 2427 ἤ
202 2384 272 2438 τι]
302 2379 327 2427 ἤ
367 2384 404 2417 τί
445 2385 539 2420 Μοιι.
580 2386 620 2420 Β.
659 2387 758 2420 Stob.

101 2430 221 2464 Trinc.
247 2426 306 2463 ὅτι
331 2431 403 2464 cod.
428 2430 470 2464 Β.
499 2427 586 2476 ἤτοι
612 2433 689 2466 Vat.
714 2433 758 2467 H.

100 2476 130 2509 F
132 2475 194 2510 lor
219 2476 324 2509 ACT.

146 2519 352 2565 γεγονότων
373 2517 396 2565 ἢ
425 2518 565 2567 όντων]
597 2535 761 2567 praescn-

101 2568 187 2602 tium
205 2569 259 2600 vel
274 2569 542 2612 praeteritorum
561 2570 635 2605 Fic.

102 2706 177 2740 cod.
201 2705 240 2738 Β.
263 2701 286 2749 ἢ
311 2718 375 2739 om.
400 2706 519 2741 Trinc.

149 2748 283 2841 Ξῖἔέῗ]
298 2748 421 2832 {3²52ss
434 2753 530 2833 {2²33
540 2801 582 2834 A.
605 2797 704 2834 vind.
713 2799 757 2834 E

103 2843 182 2878 Vat.
198 2843 244 2878 H.
283 2844 338 2878 Cf.
359 2844 403 2878 D.

863 907 1099 957 Παντελῶς
1127 905 1206 961 μὲν
1245 898 1355 956 οὖν,
1387 903 1484 960 ἔφη,

466 973 616 1016 Ταῦτα
653 972 732 1028 μὲν
769 972 924 1016 τοίνυν
963 972 1032 1016 ἐπὶ
1071 973 1207 1017 πλέον
1246 971 1486 1029 ἐξήχθημεν

868 1141 952 1178 ἀλλ’
980 1141 1168 1188 ἡσυχάσας
1191 1163 1237 1170 --
1267 1141 1481 1188 ἐγγίγνεται]

820 1190 939 1271 11Ξίο1ἰ1131
981 1192 1136 1225 Galenus
1166 1191 1210 1224 T.
1249 1191 1289 1225 V.
1333 1203 1368 1236 p.
1405 1190 1483 1225 517.

866 1282 944 1327 τὼ]
988 1282 1040 1316 τῶ
1080 1282 1174 1317 Mon.
1203 1283 1243 1316 B.
1287 1282 1339 1328 τῷ
1385 1283 1483 1317 8101).

820 1328 938 1362 Trinc.
962 1326 1009 1362 τὰ
1036 1330 1143 1362 Gesn.

868 1373 938 1408 δύο
960 1375 1016 1409 εἱδ
1018 1376 1054 1419 η]
1077 1372 1156 1408 δνω
1177 1386 1204 1409 ε.
1229 1375 1323 1410 Mon.
1335 1376 1375 1408 Β
1387 1374 1483 1407 Flor.

821 1420 897 1454 RU.
934 1421 1012 1455 Gal.
1045 1421 1202 1464 δνειδεῖ,
1240 1433 1260 1455 0
1294 1433 1382 1455 corz.
1415 1417 1483 1454 δύ’

821 1466 930 1509 εἴδει,
954 1467 1054 1502 Vind.
1077 1468 1121 1500 F.

866 1524 994 1567 τρίτον
1021 1524 1060 1558 δὲ
1081 1522 1249 1568 κινήσας]
1279 1537 1333 1567 τρ.
1364 1521 1406 1557 δέ
1432 1535 1488 1563 τις

819 1583 851 1604 κ.
872 1571 952 1603 Gal.
972 1570 1011 1604 δὲ
1035 1569 1114 1614 ἕρτε
1118 1582 1160 1604 ον
1179 1572 1278 1606 8101).
1297 1570 1416 1604 Trinc.

866 1613 925 1671 τὸ]
951 1617 1011 1650 int.
1037 1629 1126 1651 verS.
1152 1617 1252 1651 ἷίιιό.
1279 1617 1323 1650 F.

866 1659 1080 1716 ἐγγίγνεται]
1103 1660 1129 1695 ἐ
1122 1663 1209 1706 γίν.
1231 1664 1327 1696 8101).

868 1706 992 1752 οὕτω]
1019 1705 1139 1748 οὕτως
1171 1710 1269 1742 Stob.
1293 1708 1485 1749 Bekkerus,

819 1754 866 1786 Α
861 1754 937 1787 tius
971 1755 1005 1787 in
1039 1759 1119 1788 tert.
1161 1758 1197 1788 et
1231 1754 1483 1788 Stallbaumius.

821 1799 876 1834 Cf.
904 1800 978 1834 Vol.
1005 1801 1050 1833 ΙΙ.
1075 1812 1108 1845 p.
1138 1802 1216 1842 105,
1242 1801 1273 1834 b.

866 1853 1124 1902 ἀναπαύηται]
1138 1855 1375 1892 α’ναπαύεται
1386 1859 1484 1892 8101).

818 1903 902 1982 cog-⁵
918 1904 1140 2006 Βάληθειάς]
1177 1947 1257 1984 ταλ.
1292 1950 1370 1986 Ald.
1403 1951 1484 1984 Bas.

817 1994 873 2030 ab.
898 1992 937 2028 τ’
962 2008 1027 2030 σπι.
1052 1996 1137 2030 Lob.
1172 1998 1252 2031 Vat.
1277 1997 1357 2032 ΒΜ.
1382 1998 1480 2031 8101).

863 2041 931 2088 τῷ]
956 2042 1017 2078 int.
1041 2054 1130 2076 vers.
1153 2042 1239 2077 Lob.

862 2075 1098 2133 παράνομοι]
1143 2090 1356 2132 παρανομεῖ
1394 2088 1478 2122 Ῐο1).

817 2133 911 2167 Mon.
935 2135 975 2167 Β.
1001 2135 1079 2168 Par.
1105 2134 1180 2168 DK.
1208 2136 1286 2170 vat.
1310 2134 1360 2169 M.
1385 2135 1479 2168 Flor-

815 2180 861 2259 ἕ.
886 2180 984 2214 8101).
1011 2181 1128 2214 Trinc.
1153 2178 1356 2225 παράνομα
1379 2181 1479 2216 Vind.

861 2279 946 2317 τότε
971 2282 1011 2317 αἱ
1036 2278 1157 2328 ὄψεις]
1186 2284 1266 2318 αἵτε·
1283 2281 1399 2340 ὄψεις
1416 2282 1478 2320 τό·
1507 2283 1544 2325 Β

815 2340 856 2362 τε
880 2329 973 2363 Μοιι.
997 2330 1038 2364 Β.
1063 2330 1154 2363 Flor.
1177 2331 1220 2364 U.
1246 2328 1332 2366 τότε
1359 2327 1421 2366 ὅτε
1438 2330 1479 2365 αὶ

817 2370 925 2430 οψεις
948 2376 1027 2410 Par.
1052 2376 1096 2410 K.

863 2418 1080 2466 ἑννπνίων.]
1124 2419 1330 2464 ἐνυπνίωνς
1381 2424 1480 2458 8101).

816 2467 934 2501 Trinc.
961 2469 1068 2502 Gesn.
1102 2468 1280 2503 Bekkerus
1313 2474 1350 2503 01
1373 2470 1482 2504 Stall-

816 2513 982 2547 baumius.

815 2616 849 2650 T
864 2568 981 2624 οἶμαι]
1000 2583 1063 2606 om.
1077 2571 1165 2607 Lob.
1189 2573 1267 2608 vat.
1281 2573 1362 2609 ΒΜ.
1381 2574 1479 2608 8101).

851 2628 974 2696 Γόῐίίξω.
994 2663 1006 2706 ]
1086 2660 1217 2704 οὕτως.
1292 2665 1482 2707 Bekkerus,

815 2709 932 2742 Astius
966 2709 1000 2742 in
1040 2712 1121 2743 tert.
1157 2716 1193 2744 01
1225 2711 1479 2745 Stallbaumius.

861 2766 929 2810 μεν
947 2754 1112 2812 τοίνυν]
1109 2754 1234 2790 μέντοι
1248 2758 1344 2789 Stob.
1359 2756 1478 2791 Τιίιιο.

862 2797 921 2834 ἐπὶ
931 2798 1057 2846 πλέον]
1078 2790 1252 2837 ἐπιπλέον
1269 2803 1297 2835 Ι
1300 2803 1353 2836 01).
1375 2802 1478 2837 Vind.

817 2845 860 2880 F.
885 2846 978 2882 Μοιι.
997 2847 1038 2882 Β.
1063 2848 1161 2883 8101).
1187 2849 1268 2883 edxti
1290 2852 1370 2882 ante
1387 2848 1477 2882 Bek-
