1764 3176
244 121 327 162 158
669 112 1141 157 PLATONIS

242 229 532 287 γιγνομένους
561 225 665 278 τούς
700 222 986 280 ἀνθρώπους,
1031 225 1078 268 ἐν
1123 221 1212 275 οἷς,
1251 223 1358 268 ὅταν
1387 225 1622 275 λυπῶνται,

243 298 292 342 τὸ
327 297 384 353 μὴ
415 300 650 339 λυπεῖσθαι
685 294 761 338 καὶ
788 293 870 350 τήν
907 292 1094 349 ἡσυχίαν
1124 294 1205 335 τοῦ
1242 291 1449 336 τοιούτου
1485 289 1632 348 {rumh

244 366 475 422 μιάζουσιν
507 361 567 414 ὦς
595 362 789 420 ἥδιστον,
822 359 876 404 οὐ
906 359 954 404 τό
987 361 1167 416 χαίρειν.
1231 364 1375 404 Τοῦτο
1401 359 1502 416 γάρ,
1527 359 1625 415 ἔφη,

246 433 343 476 τότε
382 431 468 489 ἡδΰ
510 433 616 482 ἴσως
653 431 725 474 καὶ
767 428 991 486 ἀγαπητὸν
1034 430 1247 484 γίγνεται,
1284 426 1454 484 ἡσυχία.
1536 426 1627 469 Καὶ

178 499 211 539 Ε
243 502 350 545 ὅταν
384 499 604 555 παύσηται
644 496 752 551 ἄρα,
794 496 938 546 εἷπον,
979 499 1142 553 χαίρων
1180 513 1264 548 τις,
1302 494 1330 552 ἡ
1361 500 1437 552 τῆς
1465 495 1628 552 ἡδονῆς

241 568 400 625 ἡσυχία
429 566 632 622 λυπηρὸν
662 566 792 610 §.aaa
839 564 988 618 Ἴσως,
1021 564 1116 646 ἔφη.
1164 563 1220 607 uO
1247 563 1405 619 μεταξύ
1437 561 1523 617 α’ρα
1543 566 1628 605 νῦν

246 635 299 691 δὴ
333 634 597 691 αμφοτέρων
637 635 803 691 ἔφαμεν
843 632 980 686 εἶναι,
1010 633 1089 690 τὴν
1123 631 1330 689 ἡσυχίαν,
1360 631 1492 675 τοῦτό
1525 644 1628 674 ποτε

244 703 472 759 ἀμφότερα
505 703 643 756 ἔσται,
684 702 798 759 λύπη
837 718 882 745 τε
925 702 999 745 καὶ
1034 699 1186 758 ἡδονή.
1235 700 1418 743 Ἔοικεν.
1470 693 1629 743 Ἠκᾶὶ

245 771 439 816 δυνατὸν
470 770 517 813 τό
560 770 771 826 μηδέτερα
812 769 865 813 ὃν
904 768 1130 825 αιιφότερα
1159 770 1406 824 γίγνεσθαις
1457 766 1524 811 Οῧ
1553 783 1629 821 μοι

248 843 381 883 δοκεῖ.
442 839 528 881 Καὶ
561 839 647 893 μὴν
677 836 727 880 τό
768 854 814 893 γε
844 836 930 894 ἡδύ
962 839 1008 881 ἐν
1037 841 1154 894 ψυχῇ
1184 836 1445 892 γιγνόμενον
1474 836 1549 878 καὶ
1579 833 1629 878 τό

143 919 224 955 -684
249 907 447 963 λυπηρὸν
477 908 646 962 κίνησίς
685 923 747 956 τις
789 905 1022 961 ἀμφοτέρω
1053 903 1190 950 ἐστόν.
1240 904 1267 961 ἢ
1298 904 1374 954 οὕς
1405 904 1506 946 Ναί.
1571 900 1630 945 Τὸ

249 977 296 1019 δὲ
325 974 429 1031 μήτε
469 973 669 1030 λυπηρὸν
698 971 803 1028 μήτε
840 971 926 1029 ἡδύ
970 971 1068 1028 ου’χὶ
1103 973 1262 1029 ἡσυχία
1292 971 1445 1029 μέντοι
1480 971 1554 1014 καὶ
1583 970 1633 1013 ἐν

249 1043 364 1099 μέσῳ
395 1041 573 1085 τούτοιν
610 1039 753 1098 ἐφάνη
784 1040 905 1096 ἄρῃς
931 1040 1098 1098 Ἐφοένη
1134 1041 1230 1098 γάρ.
1303 1045 1406 1091 Πῶς
1437 1034 1520 1083 οὖν
1556 1037 1631 1094 ὀρ-

250 1115 345 1163 θῶς
374 1111 462 1154 ἔστι
497 1109 545 1154 τό
588 1109 644 1166 μή
683 1107 830 1165 ἀλγεῖν
871 1107 955 1166 ἡδύ
996 1108 1200 1166 ἡγεῖσθαι
1238 1107 1266 1166 ἢ
1302 1108 1351 1153 τὸ
1379 1108 1437 1165 μή
1467 1109 1634 1165 χαίρειν

296 1278 336 1312 ἐν
361 1256 438 1323 οἶς]ἶ
457 1276 555 1318 ἒνοῒς
578 1279 672 1312 Mon.
697 1280 738 1313 B.

295 1321 461 1369 ἥδιστον,
482 1322 542 1368 ου’]
567 1321 721 1368 ἥδιστον
746 1320 789 1360 ὂν
811 1325 911 1359 Vind.

250 1372 471 1415 EA..ngB
511 1371 661 1405 5a..tM
696 1377 913 1406 etam.s.

1016 1276 1110 1323 οὐχὶ]
1138 1276 1205 1322 οὔχ
1230 1278 1308 1312 Vat.
1333 1277 1371 1311 Β.

1017 1345 1144 1391 ὀρθῶς
1177 1346 1271 1391 ἔστι]
1308 1347 1363 1380 Ita
1387 1345 1566 1379 Bekkerus
1598 1350 1634 1378 et

970 1394 1225 1428 Stallbaumius.
1274 1393 1411 1425 Priores
1440 1397 1475 1424 et
1499 1391 1634 1423 codices

227 1418 335 1451 Lob.
362 1418 398 1473 (3
422 1429 466 1450 ιιι.
491 1429 543 1472 pr.
567 1413 721 1461 ἥδιστον
747 1414 810 1462 ου’)
832 1414 913 1461 ἥδι-

251 1474 337 1497 στον
375 1459 418 1497 ὀν
457 1475 500 1497 ου
547 1464 628 1497 Ven.
669 1465 709 1497 B.
755 1466 834 1498 Vat.
869 1464 913 1497 H.

250 1510 418 1589 ξέρὲωᾘ.
464 1521 539 1543 cum
571 1510 670 1543 editis
710 1515 793 1546 ante
822 1510 915 1544 Bek-

304 1624 444 1679 Τοῦτο]
468 1621 588 1658 τούτω
613 1624 715 1659 Vind.
742 1625 786 1658 E.

299 1667 389 1714 ῆὸὺ]
400 1672 619 1725 gratissima
644 1671 719 1704 Fic.

300 1716 363 1750 καὶ
385 1714 419 1748 εἰ
413 1715 579 1759 [ναπητὸν
598 1736 643 1740 -
651 1713 757 1756 ”Ισως
773 1716 830 1760 Ε.]
852 1727 916 1750 om.

255 1761 343 1795 Lob.
369 1763 463 1795 Mon.
488 1763 527 1796 B.
562 1763 639 1796 Vat.
665 1763 743 1796 ΒΜ.
769 1764 853 1795 Ven.
877 1763 918 1795 C.

255 1808 336 1842 Par.
361 1808 437 1841 ΒΚ.
463 1808 525 1842 καὶ
545 1805 739 1851 ἀγαπητὸν
763 1820 828 1841 om.
847 1809 919 1841 Fic.

258 1854 483 1943 εἰγίὴνεται]
538 1855 606 1898 φίν.
654 1855 730 1888 Ald.
763 1855 844 1889 Bas.
887 1865 919 1887 a.

304 1913 320 1933 e

197 1945 231 1985 E
307 1944 344 1996 ᾗ]
371 1942 394 1990 ἢ
420 1946 519 2000 wind.
545 1946 588 1979 Ε.

308 1991 435 2049 ἔσται]
461 1990 581 2032 ἔςσται
606 1992 686 2024 Bas.
711 1992 765 2026 ab.

309 2036 394 2082 ἔφη]
424 2051 490 2073 om.
517 2038 603 2074 Lob.
628 2039 706 2071 Vat.
730 2037 809 2070 ΒΜ.
835 2048 922 2082 pun-

261 2085 326 2118 ctis
351 2090 504 2118 notatum
529 2090 582 2118 est
614 2085 649 2118 in
674 2083 765 2117 Mon.
792 2084 832 2117 B.

310 2128 546 2175 ἀμφοτέρων]
571 2136 650 2176 post
669 2127 809 2173 ἔφαμεν
830 2129 923 2162 Mon.

299 2242 456 2279 ”Εοικεν.
477 2239 546 2289 'H]
574 2245 629 2278 Ita
654 2225 738 2278 Lob.
763 2244 862 2278 Vind
880 2244 924 2277 Ε.

253 2287 418 2333 ”Εοικεν
445 2288 467 2335 ἢ
495 2292 569 2324 Am.
594 2287 750 2325 '‘Em-,aem
766 2286 923 2323 ''Hssas.

263 2340 316 2371 ab.
350 2339 470 2381 St‹².ph
506 2341 580 2371 As.t
614 2349 667 2383 pr.
686 2337 827 2381 (Vind.
853 2336 923 2368 BF.

263 2384 355 2418 Mon
381 2385 440 2427 B.)

265 2476 304 2508 v·
297 2426 574 2510 ‘ffgoeffimggm
585 2426 814 2510 αέφξτῖῗἪ.
837 2428 922 2507 Ιιέἒῗ·

263 2488 308 2557 Kl.
335 2522 423 2555 Flor.
451 2522 555 2556 Acv.
684 2477 717 2509 a
915 2499 923 2507 ’

312 2587 442 2633 ἐστόν]
481 2588 584 2624 ἔστον
620 2590 721 2626 Vind.
755 2590 793 2623 F.
830 2586 926 2622 ἔστιν

266 2637 350 2669 Lob.
378 2642 424 2675 et,
450 2647 523 2679 sup.
551 2648 569 2669 ο
596 2648 698 2682 super
715 2648 740 2679 ι,
765 2635 868 2672 Vind.
877 2636 926 2668 B.

267 2679 365 2716 ἐστὶν
391 2684 468 2716 Vat.
494 2682 541 2715 M.

317 2726 409 2772 μήτε
432 2727 610 2772 λυπηρὸν]
643 2734 720 2773 post
742 2725 833 2772 μήτε
854 2724 926 2771 η’δὺ

274 2774 357 2808 Lob.
384 2775 474 2808 etin
499 2786 539 2809 m.
566 2775 644 2808 V.at
670 2775 708 2808 B.

181 2728 248 2764 584

971 1441 1037 1474 mei
1063 1438 1191 1495 ὀρθῶς
1217 1437 1294 1473 ἐστι
1318 1438 1385 1480 vel,
1405 1443 1442 1470 ut
1459 1437 1576 1470 Astius
1600 1436 1635 1469 in

972 1492 1075 1528 tert„
1100 1483 1227 1541 ὀρθῶς
1256 1482 1330 1518 ἐστι
1356 1485 1493 1517 habent.
1540 1483 1633 1524 „-Re

975 1533 1062 1566 etius
1098 1529 1218 1587 ὀρθόν
1257 1528 1331 1564 ἐστι
1365 1529 1510 1573 legetur.
1575 1528 1637 1561 Sic

977 1585 1089 1613 autem
1114 1576 1242 1621 ὀρθῶς
1271 1588 1333 1621 pro
1361 1559 1483 1619 ὀρθὸν
1510 1575 1544 1607 in
1570 1574 1636 1607 alio

975 1624 1121 1677 positum
1146 1636 1222 1656 esse
1247 1624 1341 1663 loco,
1365 1622 1399 1654 in
1424 1622 1541 1654 harum
1566 1621 1637 1654 An-

976 1670 1183 1704 notationum
1193 1668 1359 1713 principio
1371 1667 1493 1701 docui.‘
1497 1667 1636 1711 ‘Steph.

976 1729 1010 1762 p.
1029 1718 1084 1751 27.
1112 1716 1166 1749 Ad
1190 1715 1382 1757 Euthy.phr
1406 1725 1438 1758 p.
1457 1715 1489 1747 2.
1504 1713 1544 1746 C.
1570 1723 1637 1757 quo

977 1770 1092 1796 tamen
1115 1762 1187 1795 loco
1213 1758 1340 1804 ὀρθῶς
1361 1771 1426 1793 non
1450 1760 1557 1792 minus
1575 1770 1638 1791 ve-

977 1820 1051 1842 rum
1084 1813 1161 1849 est,
1195 1819 1295 1852 quam
1328 1807 1392 1840 hic.
1443 1805 1497 1838 Cf.
1525 1805 1639 1838 Heus-

978 1855 1053 1888 dius
1076 1866 1168 1907 spec.
1195 1854 1270 1886 crit.
1279 1864 1326 1907 p.
1351 1854 1382 1886 6.

1025 1898 1084 1944 τὸ]
1115 1897 1231 1943 λέγειν
1248 1896 1290 1933 τὸ
1316 1899 1402 1941 Ang.
1425 1897 1467 1931 B.

1025 1965 1212 2023 ἡγεῖσθαι]
1235 1963 1402 2021 ἦγῆσθαι
1422 1965 1522 1999 Vind.
1539 1964 1582 1997 Ε.

1026 2013 1068 2048 τὸ
1095 2011 1284 2057 ἀλγεινὸν]
1309 2010 1352 2046 τὸ
1379 2008 1501 2054 ἀλγεῖν
1520 2022 1638 2055 margo

980 2061 1070 2094 Flor.
1097 2061 1136 2093 Α.
1160 2058 1234 2093 Ald.
1260 2059 1341 2092 Bas.
1365 2058 1418 2091 ab.

1027 2126 1135 2169 τότε,
1161 2124 1184 2171 ἡ
1207 2123 1356 2170 ἡσυχία]
1385 2126 1422 2159 id
1447 2130 1528 2159 tunc
1549 2125 1640 2169 quod

982 2176 1132 2209 medium
1160 2179 1207 2207 est
1234 2179 1266 2206 et
1287 2174 1382 2216 quies
1407 2172 1481 2205 Fic.
1532 2171 1640 2216 Vulgo

983 2223 1068 2254 haec
1108 2220 1303 2254 indistincta
1345 2218 1562 2261 scribuntur,
1606 2222 1642 2251 et

983 2267 1103 2311 Steph.
1136 2272 1319 2318 punctum,
1358 2265 1434 2298 ΑΜ.
1470 2265 1550 2298 Β35.
1583 2264 1638 2297 ab.

981 2324 1109 2346 comma
1143 2317 1222 2345 ante
1254 2309 1337 2345 τότε
1370 2311 1513 2351 habent,
1537 2313 1575 2343 ut
1600 2309 1641 2342 il-

980 2359 1037 2392 lud
1063 2356 1131 2392 ου’ν,
1161 2356 1256 2391 ἔστιν
1288 2354 1363 2400 ἄρα
1390 2357 1526 2397 τοῦτο,
1550 2355 1640 2400 quod

979 2405 1075 2438 initio
1098 2404 1243 2449 positum
1268 2408 1342 2442 est,
1374 2403 1457 2437 nihil
1479 2401 1544 2435 nisi
1567 2402 1640 2435 inu-

981 2451 1071 2493 tius,
1107 2462 1147 2483 ne
1185 2450 1295 2482 dicam
1330 2449 1446 2493 inepta
1477 2447 1640 2492 repetitio

981 2497 1025 2530 sit
1045 2496 1234 2540 negationis
1256 2495 1521 2529 Glauconianae.
1556 2493 1640 2527 Eius

981 2542 1181 2576 incommodi
1203 2541 1334 2575 ιίῐειιιάἰ
1359 2552 1480 2574 caussa
1504 2544 1540 2573 et
1560 2550 1640 2594 pro-

1007 2595 1062 2622 ter
1091 2589 1221 2629 locum,
1254 2599 1351 2632 quem
1384 2588 1489 2620 verba
1519 2585 1567 2629 ἠν
1598 2581 1638 2618 δ’

984 2647 1017 2678 ε’,
1017 2632 1052 2668 ὠ
1087 2635 1259 2674 obtinent,
1298 2636 1375 2677 post
1411 2630 1494 2667 τότε
1526 2629 1638 2665 incidi.

986 2682 1044 2714 Sic
1068 2677 1091 2724 ἡ
1113 2677 1244 2723 ἡσυχία
1261 2679 1458 2724 epexegesis
1483 2682 1538 2711 est
1559 2687 1639 2721 pro-

985 2726 1126 2760 nominis
1148 2726 1285 2767 τοῦτο,
1318 2730 1357 2758 ut
1379 2736 1483 2780 5ιιρι·3
1506 2735 1538 2767 p.
1560 2723 1638 2757 583.

986 2773 1038 2806 D:
1064 2772 1175 2806 τοῦτο
1194 2770 1264 2816 γὰρ
1282 2769 1366 2806 τότε
1378 2767 1453 2814 ἡδὺ
1475 2769 1561 2808 ἴσως
1578 2766 1640 2801 καὶ
