1764 3176
225 101 308 141 128
653 98 1129 142 PLATONIS

221 207 422 264 Ἀνάγκη..
452 207 558 263 ἔφη,
600 212 739 252 ταῦτα
767 213 879 264 γοῦν
911 209 1052 260 οὕτως
1092 209 1213 266 ἔχειν.
1261 207 1392 252 ’Άλλο
1425 225 1466 252 τι
1505 203 1603 258 οὗν,

222 278 279 332 ἠν
309 274 352 318 6’
383 274 486 329 ἐγώ,
529 273 556 318 ὅ
594 292 641 331 γε
678 277 941 332 τυραννικός
979 276 1090 320 κατὰ
1126 276 1206 332 τήν
1243 277 1603 332 τυραννουμένην)

221 342 352 385 πόλιν
397 341 453 385 ἂν
492 345 556 399 εἴη
598 342 846 401 ὁμοιότητι,
889 344 1122 401 δημοτικός
1155 345 1200 387 δὲ
1230 343 1340 387 κατὰ
1380 347 1601 400 δημοκρα-

221 410 458 466 τουμένην,
487 411 561 453 καὶ
593 413 636 454 οἱ
666 411 787 456 ἄλλοι
819 413 960 463 οὕτως
996 414 1047 455 Τί
1075 411 1186 468 μήν;
1219 410 1396 455 Ου’κοῦν
1426 413 1492 456 ὅτι
1521 413 1603 456 πό-

220 482 285 528 λις
317 476 427 532 πρὸς
456 476 587 521 πόλιν
630 477 761 536 ἀρετῇ
800 483 875 524 καὶ
907 479 1193 537 εὐδαιμονίᾳ,
1224 484 1354 523 τοῦτο
1388 481 1461 523 καὶ
1491 479 1601 537 ἀνὴρ

154 547 193 588 D
224 544 336 598 πρὸς
367 545 535 599 ἄνδρα,·
571 551 674 599 Πῶς
702 549 786 603 γάρ
819 547 897 601 οὕς
934 551 985 592 Τί
1020 543 1102 592 οὖν
1133 547 1262 605 ἀρετῇ
1295 547 1321 604 ἡ
1358 565 1605 603 τυραννου-

197 615 329 670 .μὲνη
361 614 488 665 πόλις
528 613 639 670 πρὸς
667 618 1012 675 βασιλευομένην
1051 618 1150 661 οἵαν
1189 616 1239 661 τὸ
1277 619 1455 672 πρῶτον
1484 615 1603 671 διήλ-

223 787 344 821 omissa
378 799 487 832 neque
522 799 541 820 a
565 787 688 821 Ficino
721 800 886 834 expressa

224 839 295 867 est:
321 834 435 866 multis
454 838 569 866 autem
588 836 699 867 multa
721 836 886 868 videbun-

224 885 291 913 tur.
348 879 402 912 Ex
434 879 498 912 hac
533 880 684 913 codicum
719 881 886 914 varietate

225 924 466 958 Stallbaumius
511 925 781 970 suspiciosiorem
822 926 886 959 ali-

226 983 325 1016 quem
357 971 520 1014 colligere
553 983 652 1026 posse
689 975 806 1005 censet
838 972 885 1004 le-

226 1017 371 1061 gendum
392 1028 468 1050 esse
487 1015 604 1050 πολλὰ
625 1016 686 1050 καὶ
709 1013 799 1051 ἄλλα
823 1018 884 1051 60-

225 1065 291 1096 κεῖ.
343 1064 442 1103 Quae
477 1062 624 1108 suspicio
653 1065 742 1097 foret
771 1064 886 1097 vanis—

226 1109 321 1143 sima.
366 1107 430 1142 καὶ
463 1109 633 1152 significat
665 1121 731 1143 non
764 1111 885 1143 mirum

227 1166 322 1196 esse,
348 1155 378 1188 si
401 1155 523 1199 vulgus
555 1155 727 1199 opiniones
752 1168 886 1200 quoque

226 1201 313 1235 tales
337 1201 474 1242 habeat⁷
488 1201 614 1246 quale
607 1213 713 1245 ipsum
738 1202 803 1235 sit:
831 1203 887 1235 die

228 1249 358 1292 Menge
376 1248 437 1280 hat
450 1249 540 1280 auch
561 1248 634 1281 eine
655 1249 783 1292 Mcnge
801 1249 889 1281 Mei-

226 1305 378 1338 nungen.
410 1294 481 1327 Eas
507 1304 605 1335 quum
630 1293 703 1326 aliis
724 1294 756 1326 in
774 1295 888 1335 rebus,

226 1344 297 1373 tum
321 1339 356 1373 in
380 1340 456 1381 hac,
486 1350 553 1384 qua
577 1339 618 1372 de
641 1351 729 1372 nunc
753 1348 888 1383 agatur,

227 1397 249 1419 a
271 1385 419 1418 velitate
443 1391 591 1418 remotas
627 1397 701 1418 esse
726 1386 888 1419 Socrates

227 1443 293 1465 non
317 1431 526 1476 pronuntiat,
552 1431 611 1463 sed
635 1432 754 1472 innuit,
779 1438 814 1464 et
834 1444 890 1465 re-

227 1482 283 1511 cte
307 1477 507 1510 scholiastes
530 1475 662 1519 ποῖλὰ,
681 1477 802 1533 inquit,
825 1475 888 1510 α’ν-

226 1522 263 1557 τὶ
295 1524 363 1556 τοῦ
394 1530 441 1565 ψ
431 1523 538 1578 υδῆ·
575 1520 618 1557 τό
648 1522 722 1579 γέὶρ
746 1530 794 1567 ψὲ
798 1524 843 1557 ὗδ
850 1536 890 1563 ος

227 1569 436 1624 πολυζοῦν,
463 1567 606 1608 ἁπλοῦς
635 1567 674 1603 δ’
704 1573 723 1603 6
763 1570 891 1612 μῦθος

228 1627 295 1659 της
315 1613 525 1658 αληθείας’
515 1613 596 1659 ἔφυ.
647 1616 807 1649 Ceterum
829 1627 890 1660 pro

229 1662 334 1695 δοκεῖ
355 1662 449 1694 Mon.
474 1663 515 1697 Β.
549 1673 636 1695 am.
673 1673 726 1706 pr.
751 1667 786 1694 et
812 1663 888 1696 Par.

228 1707 304 1741 DK.
330 1719 398 1740 sec.
413 1709 528 1762 Rekk.
553 1707 646 1751 δοκῆ
672 1708 843 1741 exhibent.

276 1751 383 1807 ἔχειν]
411 1751 480 1796 ἔχει
497 1754 587 1786 Μοῃ.
610 1754 649 1787 Β.

276 1793 359 1854 ουν]
386 1811 448 1852 οηι.
474 1800 573 1834 Viud
598 1800 638 1834 F.

278 1841 301 1879 ὅ
320 1846 371 1889 γε]
401 1841 462 1879 ὅτε
482 1845 583 1880 Vind.
610 1845 683 1878 BE.
710 1845 788 1879 Vat.
806 1845 891 1880 HM.

228 1891 324 1925 Flor.
350 1891 424 1926 AC.

275 1935 388 1994 agarei]
411 1934 434 1981 ἢ
459 1949 491 1970 κ.
516 1936 602 1971 Lob.
627 1937 708 1971 Vat.
733 1936 783 1972 M.

277 1979 338 2039 ἓὶν]
365 1996 429 2017 om.
454 1984 547 2017 Mon.
571 1984 614 2017 B.

279 2027 493 2073 ὁμοιότητι]
549 2029 640 2072 „Ita
679 2028 786 2062 vertit
815 2029 890 2062 Fic.

231 2076 330 2122 quasi
353 2076 478 2120 legerit
502 2071 736 2118 ὁμοιότατος.
748 2076 771 2093 “
808 2076 892 2107 Ste-

231 2123 363 2167 phanus
387 2123 420 2155 in
445 2134 487 2155 m.
524 2121 629 2155 Ficini
654 2120 891 2166 interpretatio

232 2170 317 2203 haec
342 2174 414 2202 est:
444 2169 657 2211 Tyrannicus
675 2168 729 2200 vir
758 2167 893 2200 civitati

231 2216 417 2269 tyrannide
460 2226 642 2257 oppressae
691 2214 893 2246 simillimus.

232 2262 345 2306 Atque
371 2257 595 2303 ὁμοιότατον
617 2271 677 2304 pro
700 2255 895 2302 ὁμοιότητι

234 2307 274 2340 L.
307 2307 400 2341 VIII.
433 2318 466 2351 p.
489 2307 571 2341 555.
597 2306 638 2339 A.
666 2305 699 2339 in
728 2304 895 2339 nonnullis

234 2352 406 2386 codicibus
427 2358 564 2386 exstare
580 2352 744 2393 vidimus3
769 2351 824 2396 qui
846 2351 895 2383 lo-

234 2410 294 2432 cus
344 2399 423 2432 huic
468 2399 584 2432 similis
627 2397 894 2437 Stallbaumium,

234 2456 335 2490 quum
365 2445 401 2477 in
436 2456 486 2489 pr.
510 2445 681 2478 immemor
714 2443 786 2477 eius
811 2443 896 2475 fuis-

235 2497 290 2524 set
314 2496 349 2523 et
373 2502 446 2523 cum
471 2490 566 2523 Astio
587 2487 779 2533 ὁμοιότητι
797 2501 815 2522 e
835 2500 896 2521 no-

235 2542 306 2570 stro
330 2536 530 2569 eiiciendum
555 2536 752 2578 censuisset,
775 2535 809 2567 in
827 2546 896 2568 sec.

235 2586 270 2616 in
300 2581 392 2615 viam
424 2582 570 2615 reduxit.
630 2582 753 2627 Neque
776 2581 894 2614 Ficino

235 2640 301 2662 non
349 2628 477 2661 licebat
525 2630 684 2661 Graecae
740 2626 895 2660 dictionis

236 2673 473 2709 abundantiam
497 2673 564 2707 isto
589 2673 685 2707 modo
710 2673 846 2708 imitari.

283 2718 503 2764 δημοτικὸς]
531 2717 800 2763 δημοκρατικὸς
817 2719 895 2752 Par.

237 2766 312 2800 DK.
348 2766 441 2800 Mon.
473 2766 513 2800 B.
547 2767 634 2809 Ang.
663 2766 701 2801 Β.
740 2766 820 2798 Vat.
850 2765 894 2802 H.

943 789 1039 823 Flor.
1067 789 1111 822 U.
1142 801 1216 822 cum
1240 788 1338 821 editis
1363 793 1442 821 ante
1466 787 1604 821 Bekke-

943 846 1026 868 rum.
1069 836 1124 868 Cf.
1158 847 1192 879 p.
1223 835 1301 869 587.
1330 834 1370 867 C.
1428 834 1494 867 Hic
1524 845 1604 866 vero

941 881 1093 925 proxime
1129 892 1273 924 sequens
1309 876 1606 923 δημοκρατουμέ-

943 938 1012 969 νην
1039 927 1140 960 facile
1164 926 1216 959 vel
1243 926 1354 959 oculos
1381 928 1435 959 vel
1458 932 1603 958 mentem

942 972 1156 1006 librarimum
1196 984 1229 1016 p
1230 972 1448 1015 aest·ingere
1482 971 1605 1015 potuit.

941 1018 1058 1052 Etiam
1091 1018 1229 1051 Ficinus·
1262 1018 1359 1063 paria
1368 1002 1503 1050 Ddedit:
1542 1028 1606 1061 po-

940 1066 1077 1119 palaris
1100 1066 1154 1097 vir
1174 1065 1343 1108 populari.

989 1108 1085 1143 κατὰ
1133 1106 1506 1153 δημοκρατουμένην]
1552 1108 1607 1141 Ita

944 1157 1022 1189 Par.
1048 1157 1089 1189 A.
1114 1156 1199 1189 Lob.
1226 1156 1324 1188 Vind.
1335 1156 1406 1188 BF
1433 1157 1513 1189 Vat.
1526 1154 1606 1188 ΒΜ.

944 1204 1029 1236 Ven.
1057 1203 1096 1235 C.
1124 1204 1210 1246 Aug.
1230 1202 1271 1234 B.
1298 1202 1392 1234 Flor.
1412 1201 1488 1235 RV.
1510 1198 1607 1234 κατὰ

945 1246 1014 1291 τὴν
1037 1248 1069 1282 6.
1089 1260 1208 1292 parum
1234 1247 1460 1291 aequabiliter
1484 1246 1608 1292 reliqui

947 1306 1020 1327 curn
1045 1294 1145 1327 editis
1172 1300 1251 1327 ante
1276 1294 1480 1326 Bekkerum.

994 1336 1136 1383 οὕτως]
1166 1336 1305 1379 οὕτως,·
1329 1339 1518 1372 Bekkerus.
1549 1338 1608 1371 In-

945 1387 1233 1429 terrogationffln,
1268 1397 1367 1430 quam
1411 1385 1607 1429 Stephanus

945 1433 980 1466 in
1005 1444 1046 1465 m.
1079 1431 1130 1464 his
1155 1432 1267 1464 inesse
1291 1430 1456 1473 ostendit,
1480 1430 1607 1475 primus

948 1478 1155 1531 significavit
1178 1477 1307 1510 Astius.

995 1523 1107 1575 αρετῇ
1130 1522 1193 1556 καὶ
1216 1520 1447 1568 εὐδαιμονίᾳ]
1471 1517 1607 1564 ἀρετὴν

947 1569 1009 1603 ναὶ
1029 1567 1272 1612 ευόαιμονίαν
1297 1572 1382 1612 Aug.
1394 1557 1435 1602 B'.
1459 1568 1551 1601 Flor.
1565 1567 1608 1601 R.

949 1613 986 1649 οἷ.
1005 1627 1036 1648 κ.
1059 1613 1281 1658 εὖδαιιιονία
1302 1615 1377 1648 Ald.

993 1662 1122 1705 τοῦτο]
1149 1662 1284 1700 τοῦτος
1309 1661 1389 1694 Bas.
1413 1661 1447 1695 b.

996 1707 1058 1741 καὶ
1088 1704 1208 1751 ἀνὴρ]
1251 1708 1305 1740 Ita
1329 1707 1407 1740 Par.
1434 1707 1474 1739 A.
1507 1704 1609 1739 Vind.

950 1754 1017 1788 BF.
1042 1758 1129 1797 Ang.
1144 1754 1180 1786 Β.
1207 1753 1300 1787 Flor.
1323 1753 1366 1787 V.
1395 1756 1431 1785 et
1454 1752 1609 1785 Ficinus:

949 1802 1004 1833 vir
1025 1812 1166 1844 quoque.
1208 1798 1343 1843 Reliqui
1372 1797 1451 1831 libri
1477 1803 1512 1830 et
1537 1797 1611 1830 edi-

948 1846 1058 1879 t‘10nes
1088 1851 1168 1879 ante
1192 1845 1386 1879 Bekkerum
1417 1843 1479 1877 καὶ
1513 1843 1612 1877 omit-

948 1896 1037 1925 tunt.

996 1937 1086 1976 Πῶς
1116 1934 1186 1980 γὰρ
1219 1933 1306 1980 οὕς]
1342 1948 1408 1970 om.
1441 1935 1539 1969 Vind.
1563 1934 1606 1968 E.
1638 1930 1677 1971 D

949 1983 1041 2018 Flor.
1063 1984 1103 2016 C.

1001 2029 1046 2062 Τί
1066 2023 1135 2062 οὖν
1158 2025 1286 2072 α’ρετῇ]
1312 2026 1506 2061 Lectionem
1527 2023 1610 2070 ἄρε-

949 2075 996 2120 τῇ
1025 2087 1044 2108 a
1068 2075 1213 2108 Faehsio
1237 2075 1270 2107 in
1294 2073 1448 2117 margine
1472 2073 1551 2107 Par.
1569 2074 1610 2105 A.

949 2121 1138 2163 inventam,
1175 2132 1194 2153 a
1228 2121 1387 2153 Bekkero
1420 2130 1462 2152 ex
1495 2119 1612 2152 eodem

949 2167 1036 2200 libro
1069 2179 1144 2200 cum
1177 2166 1342 2199 variantis
1367 2169 1447 2199 nota
1468 2166 1611 2198 relatam

952 2214 1047 2256 (,,,ρ
1083 2210 1212 2256 ἅρετῆι
1248 2213 1325 2246 Par.
1362 2213 1402 2245 A.
1413 2212 1461 2255 “)
1496 2212 1612 2244 facere

951 2259 1103 2304 equidem
1130 2270 1195 2292 non
1218 2259 1315 2302 potui
1339 2258 1421 2302 quin
1444 2268 1507 2302 pro
1531 2268 1611 2301 ger-

950 2316 1049 2339 mana
1072 2304 1222 2338 Platonis
1256 2304 1425 2348 scriptura
1454 2303 1611 2336 haberem

951 2356 986 2384 et
1010 2351 1169 2394 vulgatae
1195 2346 1269 2393 ἄρα
1301 2351 1401 2393 longe
1425 2354 1612 2394 antepone-

951 2408 1042 2438 rem,
1068 2408 1268 2442 quamquam
1299 2396 1434 2440 patiens
1467 2395 1612 2428 omnium

951 2443 1176 2487 interpretum
1225 2442 1392 2475 silentium
1441 2446 1476 2474 et
1520 2440 1611 2495 quod

952 2489 1145 2522 Bekkerum
1177 2500 1311 2533 quoque
1350 2487 1397 2521 Τί
1431 2487 1501 2521 ov’v
1535 2482 1610 2529 τέρα

953 2546 1027 2567 cum
1053 2535 1149 2577 Astio
1184 2536 1217 2567 iu
1255 2546 1322 2568 sec.
1356 2545 1396 2567 ex
1430 2533 1504 2567 Ald.
1530 2534 1609 2565 Bas.

953 2581 1006 2614 ab.
1031 2581 1211 2625 repetiisse
1234 2580 1407 2621 viderem,
1427 2578 1612 2612 dubitatio-

952 2627 1004 2660 nis
1035 2626 1162 2672 aliquid
1194 2626 1378 2660 iniiciebat.
1424 2625 1472 2659 Et
1504 2623 1612 2668 magis

952 2673 1016 2705 hoc
1048 2673 1133 2706 ferri
1171 2672 1342 2716 potuisse,
1383 2683 1482 2717 quam
1518 2669 1606 2724 quod

952 2718 1146 2763 Stephanus
1170 2719 1331 2760 dedisset,
1358 2718 1404 2751 Τί
1425 2717 1514 2762 ου’ν,·
1537 2715 1623 2770 ἄρα(

951 2783 997 2788 —
1025 2764 1142 2808 (etiam
1160 2766 1197 2799 ·V
1199 2765 1264 2797 }.nd
1289 2766 1330 2799 Β.
1363 2763 1400 2797 τί
1424 2763 1502 2796 ου’ν,
1536 2757 1610 2804 ἆρα
