1764 3176
278 119 362 158 290
740 112 1208 155 PLATONIS

278 227 390 282 βίων
418 224 746 278 παραδείγματα
776 224 835 275 εἷς
856 222 906 267 τὸ
929 222 1128 279 πρόσθεν
1157 225 1285 278 σφῶν
1313 225 1458 264 θεῖναι
1487 220 1555 263 ἐπὶ
1579 218 1660 276 τὴν

277 296 386 348 γῆν,
416 290 530 334 πολὺ
560 292 692 334 πλείω
731 296 820 335 τῶν
847 292 1093 347 παρόντων.
1152 289 1261 334 εἶναι
1299 291 1345 333 δὲ
1375 287 1656 333 παντοδαπά·

278 361 400 414 ζώων
421 374 466 402 τε
491 358 576 415 γὰρ
597 359 777 403 πάντων
802 362 929 416 βίους
953 361 1025 404 καὶ
1049 358 1102 416 δή
1124 360 1197 403 καὶ
1218 358 1323 410 τούς
1347 355 1660 412 ἀνθρωπίνους

277 428 485 478 ἅπαντας.
544 430 811 483 τυραννίδας
850 445 894 473 τε
929 428 1014 484 γὰρ
1046 429 1092 472 ἐν
1123 424 1276 477 αὐτοῖς
1311 424 1446 477 εἶναι,
1475 425 1552 476 τὰς
1580 424 1662 480 μὲν

277 497 507 547 διατελεῖς,
547 495 625 547 τοὶς
666 495 711 539 δὲ
753 497 827 540 καὶ
869 497 1027 553 μεταξὺ
1067 494 1442 550 διαφθειρομένας
1490 493 1563 536 καὶ
1602 494 1664 543 είς

276 565 428 614 πενίας
447 579 491 606 τε
511 564 584 607 καὶ
602 564 747 620 φυγὰς
769 565 843 608 καὶ
865 566 924 616 εἰς
943 566 1152 620 πτωχείας
1170 560 1458 613 τελευτώσας·
1482 560 1596 605 εἶναι
1616 561 1675 604 δὲ.

276 633 350 676 καὶ
394 633 587 688 δοκίμων
632 631 809 687 ἀνδρῶν
849 635 996 689 βίους,
1042 631 1146 682 τούς
1188 630 1268 686 μὲν
1309 629 1378 673 ἐπὶ
1419 632 1549 674 εἴδεσι
1588 629 1661 672 καὶ

214 706 252 748 Β
279 698 389 744 κατά
419 699 553 757 κάλλη
582 700 654 743 καὶ
696 700 776 757 τὴν
806 700 944 757 ἄλλην
973 700 1102 757 ἰσχύν
1138 715 1182 743 τε
1211 699 1284 742 καὶ
1315 697 1531 753 ἀγωνίαν,
1560 696 1664 749 τοὺς

276 767 320 812 δ’
353 768 422 812 ἐπὶ
450 768 593 825 γένεσι
622 769 696 811 καὶ
725 769 961 824 προγόνων
990 769 1175 823 ἀρεταῖς,
1205 768 1278 810 καὶ
1309 765 1534 822 ἀδοκίμων
1553 765 1664 810 κατὰ

275 835 435 880 ταύτά·
470 833 678 887 ὡσαύτως
709 838 756 880 δὲ
783 839 856 881 καὶ
885 842 1124 894 γυναικῶν.
1181 827 1322 892 ψυχῆς
1352 835 1397 879 δὲ
1427 835 1550 886 τάξιν
1580 832 1665 877 οὐκ

275 904 457 955 ἐνεῖναι,
495 903 567 948 διά
606 903 656 948 τὸ
699 903 947 961 ἀναγκαίως
988 905 1098 961 ἔχειν
1144 904 1277 948 ἄλλον
1314 904 1523 960 ἑλομένην
1562 903 1664 959 βίον

276 971 458 1017 ἀλλοίαν
497 975 726 1028 γίγνεσθαι
738 988 747 996 ·

277 1169 305 1202 Β
321 1122 626 1167 παραδείγματα]
665 1123 943 1167 παρκδείγματα

309 1181 358 1203 as.
381 1170 414 1201 b.

322 1212 491 1256 πρόσθεν
510 1214 616 1256 σφῶν
636 1214 776 1259 θεῖναι]
797 1211 943 1258 πρόσθε

279 1271 309 1295 σ.
333 1259 429 1294 εἶναι
449 1260 551 1292 Vind.
575 1260 617 1292 F.

322 1307 399 1340 τῶν
422 1303 634 1349 παρόντων]
655 1318 757 1349 quam
778 1318 867 1350 quae
889 1306 942 1339 hic

276 1354 325 1387 ad
351 1364 516 1397 praesens
546 1358 718 1395 apparent
747 1353 778 1386 F
781 1353 824 1386 ic.
875 1353 944 1386 Est

276 1399 504 1434 masculinum.

324 1442 426 1486 ζώων
439 1464 481 1469 —
503 1440 687 1488 απάντας]
705 1456 770 1477 om
789 1443 883 1478 Mon.
901 1444 941 1477 Β.

278 1489 401 1538 (ζώων
420 1490 495 1524 Ald.
500 1491 516 1533 )

323 1539 375 1593 τε]
401 1549 463 1571 om.
490 1536 575 1570 Lob.
596 1536 679 1569 Vat.
702 1536 752 1569 M.

323 1581 408 1628 γὰρ]
434 1595 496 1616 om.
518 1583 603 1628 Aug.
624 1583 664 1615 Β.
692 1582 784 1614 F.10r
805 1581 848 1614 R.

322 1626 561 1672 τυραννίδας]
586 1626 834 1671 τυρραννίδας
847 1627 920 1660 Ald.

327 1676 378 1715 εἰς
390 1675 584 1718 πτωχείας]
599 1674 650 1712 εἰς
669 1673 830 1716 πτωχίας
846 1673 942 1706 Vind.

280 1722 323 1756 Ε.
351 1721 402 1760 εἰς
425 1733 490 1754 om.
513 1721 602 1754 Mon.
625 1721 665 1753 B.
692 1720 786 1752 Flor.
808 1719 851 1752 U.

326 1764 422 1801 κατὰ
439 1764 567 1809 κάλλη]
586 1762 678 1809 μετοὶ
690 1763 846 1804 κάλλους
864 1765 943 1798 Par.

280 1813 324 1847 K.
348 1811 471 1847 κάλλει
492 1813 578 1855 Aug.
602 1813 643 1845 B.
667 1817 713 1854 et,
737 1823 813 1856 sup.
838 1823 860 1854 η
889 1822 945 1844 su-

284 1871 347 1905 per
370 1870 413 1901 ει,
437 1858 538 1891 Vind.
556 1858 599 1891 F.

332 1903 422 1944 τοὺς
441 1901 479 1937 δ’
491 1905 504 1948 ]
533 1901 621 1942 τούς
644 1899 681 1937 δ’
699 1903 774 1936 Ald.
797 1900 886 1942 τοὺς
908 1899 947 1935 δε

280 1953 350 2008 Ba?
385 1953 419 1984 b.

329 1995 389 2031 ἐπὶ
415 1993 554 2040 γένεσι]
592 1991 652 2028 ἐπὶ
683 1991 824 2038 ’γένεσιν
858 1993 944 2027 Lob.

282 2040 484 2087 ἐπιγένεσιν
504 2042 580 2075 vat.
610 2041 658 2075 Μ.

328 2088 500 2144 ἀρεταῖς]
525 2085 661 2131 ἀρετας
685 2086 763 2119 Vat.
786 2085 836 2119 M.

328 2134 391 2169 καὶ
406 2131 608 2177 ἀδοκίμων]
634 2133 776 2166 ltaPar.
789 2132 828 2165 A.
843 2130 944 2164 Vind.

282 2182 387 2216 BEF.
419 2182 506 2224 Ang.
538 2181 575 2213 B.
610 2179 683 2212 Pal.
710 2179 751 2212 A.
787 2179 867 2212 Vat.
901 2178 945 2211 H.

281 2229 378 2261 Flor.
403 2226 576 2260 ACRTV.
611 2222 827 2267 εὐδοκίμων.
852 2223 946 2257 Mon.

283 2275 325 2307 Β.
351 2273 442 2306 Flor.
471 2273 516 2306 U.
540 2284 603 2308 και
632 2268 839 2313 ενδοκίμων
867 2269 946 2303 reli-

285 2318 341 2362 qui
367 2319 500 2352 codices
534 2329 606 2352 cum
632 2317 730 2350 editis
753 2319 832 2350 ante
855 2316 948 2349 Bek-

285 2366 347 2398 ke1
350 2376 415 2397 um
449 2363 552 2406 „Nec
575 2362 638 2397 καὶ
662 2369 742 2396 ante
765 2361 948 2416 genitivum

286 2408 515 2454 ευδοκίμων,
552 2421 614 2443 nec
638 2412 716 2454 post
738 2409 830 2442 illum
854 2404 948 2441 κατ-ἀ

285 2457 407 2491 ταῦτα
430 2455 584 2500 agnoscit
609 2455 707 2488 Ficff‘
755 2454 949 2498 Stephanus

284 2503 318 2536 ἱη
345 2515 386 2537 m.
423 2503 462 2535 Id
486 2501 520 2534 in
547 2503 746 2555 Gryqaeum
770 2501 872 2541 cadit,
890 2499 948 2544 qui

285 2548 397 2583 Ficini
428 2547 741 2592 interpretationem
766 2546 808 2580 ad
831 2557 949 2579 veram

286 2595 463 2628 lectionem
482 2594 764 2626 accommodatam
781 2593 948 2636 (Exstare

288 2646 322 2675 et
358 2641 618 2684 praeclarorum
660 2641 809 2672 virorum
843 2639 946 2679 vitas,

285 2688 416 2731 partim
435 2686 556 2730 specie,
573 2686 705 2728 decore,
725 2687 853 2719 viribus
875 2696 946 2718 cer-

287 2734 539 2776 taminibusque
565 2733 839 2775 praestantium,
863 2743 947 2775 par-

288 2781 351 2814 tim
388 2780 556 2813 maiorum
583 2780 821 2823 generositate.
849 2778 944 2811 nobi-

798 973 852 1017 τὰ
892 972 935 1018 δ’
965 973 1073 1018 ἄλλα
1114 971 1316 1030 ἀλλήλοις
1353 989 1397 1016 τε
1427 972 1500 1016 καὶ
1529 970 1664 1016 πλού-

1001 1124 1105 1164 lium,
1130 1123 1402 1167 ignobiliumque
1429 1132 1547 1156 rursus
1573 1121 1667 1154 viro-

1001 1181 1078 1203 rum
1102 1171 1194 1203 vitas
1218 1170 1398 1209 similiter,
1425 1174 1458 1201 et
1483 1167 1666 1201 mulierum

1001 1217 1119 1249 eodem
1151 1215 1283 1258 modo.)
1329 1214 1513 1248 secundum
1545 1224 1665 1248 corru-

999 1267 1094 1306 ptam
1117 1260 1152 1295 in
1174 1281 1221 1286 —-
1245 1262 1377 1304 partim
1397 1262 1566 1294 maiorum
1583 1270 1667 1303 pro-

1000 1308 1101 1351 sapia
1130 1312 1161 1340 et
1183 1308 1311 1341 virtute
1336 1308 1512 1340 nobilium.
1539 1311 1572 1339 et
1591 1317 1666 1338 mu-

1002 1355 1123 1387 lierum
1141 1355 1234 1386 vitas
1255 1353 1327 1386 eod
1321 1365 1371 1386 m
1391 1353 1489 1385 modo
1508 1351 1665 1384 mutavit.

1001 1418 1046 1424 —
1072 1400 1172 1443 Qupd
1190 1399 1307 1439 Astius
1332 1399 1367 1432 in
1390 1402 1470 1432 tert.
1492 1398 1667 1431 Platonem

1001 1444 1063 1479 καὶ
1090 1444 1137 1479 αὖ
1165 1442 1353 1487 ἀδοκίμων
1381 1443 1560 1488 scnipsisse
1585 1455 1668 1477 con-

999 1492 1095 1533 iicit,
1129 1491 1268 1524 Ficinus
1300 1490 1434 1535 quidem
1469 1490 1519 1522 ita
1542 1489 1667 1533 legisse

1000 1516 1146 1576 videssur,
1167 1537 1226 1569 sed
1251 1537 1385 1570 codices
1409 1537 1558 1569 obstant.

1047 1580 1142 1616 κατοὶ
1178 1580 1324 1626 ταῦτα’]
1361 1581 1423 1615 καὶ
1451 1594 1483 1614 κ.
1509 1594 1540 1616 τ.
1565 1581 1666 1614 Vind.

1001 1629 1075 1663 ΒΕ.
1112 1629 1197 1662 Ven.
1223 1629 1262 1661 B.
1299 1627 1361 1662 καὶ
1390 1625 1559 1662 καταντὰ
1585 1628 1666 1662 vat.

1001 1675 1048 1709 H.
1061 1675 1138 1708 Non
1148 1671 1278 1716 ταῦτα’,
1291 1675 1350 1707 sed
1363 1674 1522 1707 exhibent
1532 1673 1666 1706 codices

1003 1721 1068 1754 mei
1093 1721 1243 1766 editique
1269 1724 1347 1754 ante
1373 1721 1587 1761 Bekkerum,
1607 1718 1667 1774 qui

1004 1778 1046 1800 ex
1081 1767 1163 1822 Ven.
1200 1767 1239 1799 Β.
1274 1767 1372 1800 Vind.
1396 1767 1436 1801 Β.
1472 1778 1536 1799 και
1570 1762 1667 1798 κατὰ

1003 1811 1150 1856 ταυτα,
1177 1824 1218 1845 ex
1242 1813 1322 1847 Vat.
1347 1813 1390 1846 H.
1415 1810 1478 1845 καὶ
1499 1808 1666 1845 καταντά

1004 1838 1254 1903 praeter’eaque
1285 1859 1367 1891 nihil
1397 1858 1431 1891 in
1463 1870 1582 1892 comm.
1611 1869 1667 1890 re-

1004 1907 1118 1938 ferens
1146 1909 1308 1937 accentus
1337 1904 1503 1937 rationem
1523 1916 1588 1936 non
1607 1903 1668 1936 ha-

1004 1951 1089 1984 buit.
1136 1951 1266 1983 Tamen
1299 1949 1334 1983 in
1370 1950 1460 1984 Flor.
1494 1949 1668 1983 ACRTV.

1003 1993 1101 2029 κατὰ
1135 1993 1256 2030 ταύτὰ
1297 1996 1462 2040 scriptum
1507 2007 1584 2029 esse
1616 1994 1670 2028 di-

1004 2043 1104 2075 citur.

1050 2084 1227 2127 ὠσαύτως
1253 2085 1308 2130 δὲ]
1333 2083 1510 2127 ὦσαυτως
1536 2083 1575 2120 δὲ
1593 2087 1670 2121 Ald.

1003 2131 1043 2169 δὲ
1069 2146 1133 2166 om.
1160 2134 1250 2167 Mon.
1281 2135 1321 2167 B.

1048 2178 1177 2223 τάξιν]
1205 2181 1358 2212 ordinem
1380 2185 1414 2213 et
1441 2180 1668 2212 conditionem

1003 2226 1078 2259 Fic.
1109 2246 1153 2250 —
1185 2226 1327 2259 Proclus
1361 2226 1396 2259 in
1417 2226 1523 2259 Alcib.
1549 2225 1593 2257 T.
1619 2225 1668 2259 II.

1003 2273 1137 2318 p.190:
1164 2269 1289 2316 ε’στηκε
1308 2270 1378 2315 γὰρ
1407 2268 1466 2305 ἀεὶ
1492 2267 1670 2310 ωσαύτως

1005 2314 1049 2373 ἡ
1071 2296 1247 2361 δαιμονίά
1280 2315 1430 2372 φρουρὰ
1464 2314 1670 2372 συνέχουσα

1007 2361 1056 2397 τὰ
1095 2350 1183 2398 ὅλα·
1225 2364 1347 2407 ψυχῆς
1390 2362 1430 2397 δὲ
1464 2361 1566 2404 τάξις
1600 2359 1669 2396 οὐκ

1008 2407 1125 2449 ε’στιν,
1159 2405 1211 2448 οἷς
1240 2421 1352 2453 φησιν
1378 2406 1397 2443 ὁ
1425 2406 1462 2442 ἐν
1487 2409 1530 2454 τῇ
1558 2410 1669 2442 Πολι-

1006 2455 1086 2489 teia
1111 2454 1334 2499 Σωκράτης·
1364 2453 1492 2489 ἄλλοτε
1515 2452 1584 2499 γάρ
1606 2450 1667 2488 ἅλ-

1006 2503 1093 2541 λους
1129 2502 1290 2545 αιρεῖται
1313 2501 1430 2546 βίους.
1484 2501 1550 2535 Pro
1575 2501 1670 2534 vitae

1007 2548 1136 2582 electae
1160 2548 1292 2582 ratione
1327 2551 1362 2581 et
1387 2560 1449 2581 usu
1474 2547 1560 2580 aliae
1574 2549 1670 2590 fiunt

1003 2594 1152 2636 animae,
1183 2595 1236 2627 vel
1261 2594 1449 2627 deteriores
1472 2595 1526 2627 vel
1550 2593 1669 2628 melio-

1004 2652 1071 2681 res,
1097 2646 1200 2684 atque
1224 2640 1271 2673 ita
1296 2641 1427 2673 demum
1445 2639 1518 2673 loco
1536 2645 1571 2672 et
1588 2651 1668 2683 gra·

1003 2686 1060 2726 du,
1085 2698 1187 2731 quem
1208 2686 1298 2720 inter
1315 2686 1444 2720 animas
1464 2686 1667 2720 obtenturae

1002 2732 1082 2774 sint,
1107 2733 1299 2776 potiuntur:
1325 2732 1456 2777 reliqua
1471 2732 1581 2766 munla
1597 2731 1668 2766 fixa

1003 2781 1038 2812 et
1062 2778 1204 2812 definita
1228 2783 1318 2812 sunt.
