1764 3176
404 164 728 207 CIVITAS
771 163 896 206 LIB.
936 162 1048 205 VIII.
1089 168 1156 203 559

1411 166 1468 205 65

82 277 163 334 μέν
199 275 248 331 γέ
286 289 375 319 που
411 278 492 319 τοῦ
536 276 661 319 σίτου
698 272 798 319 κατ’
829 273 1057 332 ἀμφότερα
1087 273 1325 328 ἀναγκαία,
1363 267 1395 330 ᾗ
1423 289 1468 316 τε

83 343 301 400 ὠφέλιμος
351 338 381 399 ᾗ
426 359 472 387 τε
516 346 684 387 παῦσαι,
738 345 876 396 ζῶντα
924 342 1102 398 δυνατή.
1162 343 1266 384 Ναί.

1322 338 1382 384 ‘H
1421 342 1468 385 δὲ

82 411 220 463 ὄψου,
273 412 314 454 εἴ
363 410 423 468 πή
463 428 561 455 τινα
602 410 821 467 ω’φέλειαν
863 409 977 464 πρὸς
1014 408 1184 462 εὐεξίαν
1222 409 1464 465 παρέχεται.

81 479 212 524 Πάνυ
250 479 327 535 μὲν
371 475 467 522 οὗν.

78 546 326 603 ἐδεσμάτων
339 581 351 597 ,

533 479 585 520 Τί
619 477 689 528 621,-
737 475 764 533 ἡ
805 479 917 532 πέρα
953 478 1129 522 τούτων
1160 477 1235 520 καὶ
1274 475 1466 520 ἀλλοίων

396 545 427 603 ἢ
465 544 682 590 τοιούτων
724 545 958 603 ἐπιθυμία,
999 545 1165 600 δυνατή
1208 544 1255 588 δὲ
1292 548 1467 598 κολαζο-

78 616 186 673 μένη
221 615 268 660 ἐκ
305 615 419 660 νέων
454 615 529 659 καὶ
566 613 860 671 παιδευομένη
904 614 951 657 ἐκ
989 617 1079 656 τῶν
1117 616 1295 657 πολλῶν
1333 611 1467 657 ἀπαλ-

78 765 180 813 etiam
203 765 340 810 provisa
372 766 513 811 cupiunt
546 765 674 799 habere
698 775 740 797 ea

78 824 167 866 quae
198 812 241 845 ad
273 812 399 846 victum
431 812 614 857 pertinent.
649 810 739 844 sicut

78 857 213 891 dicebat
252 857 332 900 ille,
376 859 431 892 Sit
464 859 550 891 mihi
579 857 740 901 provisae

73 905 196 949 frugis
217 905 335 948 copia.-
357 904 419 937 sed
445 904 593 945 addens,
616 904 653 936 in
675 914 740 935 αη-

79 953 198 983 num.“
221 950 342 995 Steph.
367 952 598 995 0111101.29.6
626 950 740 990 Quum

78 995 203 1030 edendi
228 996 396 1041 cupiditas
431 996 559 1041 expleri
591 998 742 1040 nequeat

78 1041 153 1076 sine
177 1041 277 1085 cibo,
311 1042 413 1076 edere
448 1042 644 1094 cupientem
678 1052 740 1074 ne-

77 1099 175 1122 cesse
205 1093 259 1121 est
298 1088 406 1133 19511111
438 1099 575 1133 quoque
617 1086 738 1127 cibum,

78 1133 247 1167 obiectum
270 1134 415 1168 actionis
447 1134 601 1176 cupitae,
634 1143 738 1176 appe-

76 1185 164 1214 tere.
223 1179 348 1224 Itaque
381 1177 502 1213 αὐτοῦ
544 1178 670 1223 optime
702 1188 740 1210 se

76 1225 191 1259 habet.
239 1226 355 1259 Astius
387 1225 497 1259 cibum
529 1236 590 1268 per
618 1236 672 1265 se,
702 1226 740 1256 ut

79 1268 172 1305 αὐτὸ
200 1269 439 1315 δικαιοσύνην
462 1276 497 1304 et
521 1269 662 1311 similia,
687 1269 740 1301 di—

79 1325 169 1351 ctum
201 1322 312 1363 putat.
360 1318 396 1350 Is
419 1329 501 1351 vero
526 1318 649 1351 famem
673 1326 740 1349 non

77 1363 187 1408 pellit.

123 1409 185 1453 τε]
211 1420 276 1442 om.
303 1409 381 1443 vat.
403 1410 445 1444 B.
472 1409 594 1443 Athen.

124 1463 345 1511 ἀναγκαῖος]
379 1467 437 1500 Ita
468 1467 548 1500 Par.
575 1469 616 1500 A.
640 1465 739 1498 Vind.

76 1513 180 1547 BEF.
207 1514 292 1548 Ven.
305 1513 342 1546 Β.
368 1515 455 1558 Ang.
475 1514 516 1547 B.
543 1512 620 1545 Vat.
634 1511 679 1545 H.
705 1516 741 1544 et

76 1570 98 1594 a
139 1570 182 1592 m.
225 1570 252 1593 5.
293 1560 334 1592 Β.
374 1559 464 1593 Flor.
498 1558 672 1592 ACRTV.
705 1562 741 1590 et

75 1605 241 1639 Athenaei
274 1605 372 1639 codd.
408 1605 518 1639 Marc.
545 1605 610 1648 (ut
633 1603 741 1637 conii-

77 1651 125 1685 cit
165 1651 290 1706 1)111(1.)
334 1650 438 1686 Laur.
480 1654 510 1686 1.
556 1649 630 1683 Pal.
684 1649 738 1682 ed.

75 1708 130 1753 pr.
156 1693 340 1753 ἀναγκαία
372 1698 465 1731 Mon.
492 1697 530 1730 B.
568 1696 659 1729 Flor.
693 1695 738 1729 U.

79 1740 290 1786 αναγκαίως
340 1743 424 1777 Lob.
465 1743 568 1787 (Par.
592 1741 635 1774 K.
671 1752 739 1774 sec.

75 1789 174 1833 Bip.)
207 1789 284 1822 Ald.
316 1789 395 1822 Bas.
426 1789 480 1821 ab.
517 1786 638 1831 Steph.
663 1787 739 1819 Ast.

75 1834 242 1869 Athenaei
273 1834 348 1868 edd.
379 1834 484 1867 Basil.
518 1837 554 1866 et
587 1832 737 1865 casaub.

75 1881 129 1915 De
152 1880 291 1926 reliquis
302 1879 454 1914 Bekkeri
472 1878 645 1913 codicibus
670 1889 737 1911 non

76 1930 220 1961 constat.
273 1952 295 1969 ,‚
286 1923 518 1970 ,αναγκαίως
565 1936 632 1958 11011
673 1924 735 1956 du-

75 1973 168 2006 bium
203 1977 257 2006 est
287 1973 367 2017 quin
396 1971 592 2005 mutandum
627 1969 671 2003 sit
702 1969 736 2003 in

75 2016 300 2073 ἀναγκαίαν,
314 2023 374 2052 aut
386 2023 480 2052 certe
490 2018 526 2051 in
537 2013 734 2072 ἀναγκαία.

74 2065 146 2098 Sed
179 2065 286 2099 satius
319 2065 423 2098 fuerit
453 2064 490 2098 in
523 2059 735 2118 ἀναγκαίων

75 2116 225 2152 mutare,
251 2110 306 2144 cui
322 2110 467 2144 vicinius
486 2114 540 2143 est
560 2106 735 2152 ἀναγκαί-

6 2171 9 2174 “
76 2168 149 2196 tog:
171 2161 211 2190 ut
234 2156 445 2200 intelligatur
459 2182 469 2198 ‚
499 2156 554 2189 Ex
574 2165 736 2189 necessa-

73 2202 202 2283 rior2ufim
232 2214 380 2236 numero.
395 2204 419 2222 ‘⁶
466 2202 586 2247 Steph.
621 2205 735 2236 annot.

75 2259 110 2293 p.
183 2274 190 2282 .

8 2303 46 2345 Β
125 2301 262 2348 Οἶμαι]
296 2318 360 2340 om.
385 2305 483 2340 codd.
510 2305 678 2340 Athenaei
702 2308 739 2339 et

75 2351 130 2386 ed.
155 2362 207 2397 pr.
234 2356 270 2385 et
291 2351 392 2386 Dind.

123 2405 308 2453 ἀναγκαία
327 2411 340 2455 ]

75 2455 176 2520 Vin-d.
209 2455 312 2493 BEF.

75 2512 432 2592 BfflagtaMtoiffiorv·
435 2511 627 2594 11ῗῶνέΕᾶ
650 2515 738 2593 {22¹-

74 2603 161 2637 recti
193 2604 273 2638 Par.
305 2605 346 2638 A.
384 2605 478 2639 Mon.
502 2606 544 2639 B.
579 2602 606 2650 ἥ
637 2605 739 2641 Vind.

75 2649 117 2683 F.
156 2649 247 2683 Flor.
279 2650 431 2694 U(CR.)
474 2655 510 2684 et
544 2663 565 2686 a
601 2664 643 2686 111.
682 2663 735 2696 pr.

74 2695 168 2730 Mon.
202 2696 244 2731 B.
280 2696 356 2729 Ald.
398 2697 477 2730 Bas.
511 2698 567 2731 ab.
615 2698 735 2742 Steph.

75 2743 150 2776 Ast.
184 2753 234 2785 pr.
269 2742 436 2776 Athenaei
466 2744 538 2777 cod.
573 2743 646 2777 Pal.
682 2744 735 2777 ed.

74 2797 127 2831 pr.
170 2787 349 2822 Bekkerus
383 2800 494 2833 neque
533 2790 597 2823 hoc
624 2801 736 2834 neque

75 2832 278 2879 reliquorum
322 2834 475 2868 codicum
512 2846 647 2869 suorum
686 2836 735 2868 le—

177 2892 383 2933 PLA’roNis
415 2893 487 2933 ΟΡ.
517 2893 589 2934 ΠΙ.

405 2406 593 2453 ἀναγκαῖοι
650 2408 736 2442 Lob.

796 763 940 798 ctionem
972 762 1148 797 indicavit.
1189 756 1216 808 ᾗ
1250 763 1465 797 scribendum

795 821 873 844 esse
898 810 1094 855 Stephanus
1117 809 1150 842 in
1173 820 1215 843 m.
1230 809 1440 843 ostenderat.

842 875 1054 922 ὠφέλιμος]
1099 876 1162 911 καὶ
1196 874 1270 922 ω’φ.
1308 877 1387 912 Vat.
1423 877 1464 911 B.

796 924 882 958 Ven.
911 925 951 958 B.

841 975 867 1027 ᾗ
879 983 891 1026 ]
917 982 970 1016 De
993 982 1057 1015 hoc
1081 981 1201 1015 eadem
1226 980 1349 1023 omnia,
1373 991 1464 1026 quae

796 1027 839 1062 de
862 1028 979 1073 priori,
1006 1027 1097 1061 dicta
1120 1032 1216 1072 puta.

841 1084 1005 1128 παῦσαι]
1041 1082 1089 1128 μὴ
1117 1095 1155 1117 π.
1182 1084 1275 1117 Mon.
1307 1083 1345 1116 Β.
1371 1082 1465 1117 Flor.

796 1130 842 1164 U.
865 1130 984 1164 πᾶσαι
1017 1130 1115 1164 Vind.
1141 1130 1183 1163 E.
1222 1130 1262 1162 In
1297 1129 1398 1164 Vind.
1424 1129 1464 1162 B.

796 1176 918 1210 lacuna
946 1181 1009 1210 est.

843 1233 985 1276 ζῶντα]
1012 1232 1243 1275 „Athenaeus
1274 1232 1464 1266 πεινῶντα

797 1279 904 1323 legit,
938 1280 1027 1324 quod
1058 1279 1181 1323 placet.
1226 1290 1343 1322 margo
1385 1278 1464 1312 Vat.

798 1325 836 1359 B.
842 1328 864 1344 ‘⁸
889 1325 1036 1358 Codices
1054 1325 1221 1359 Athenaei
1236 1325 1344 1358 Marc.
1357 1324 1464 1357 Laur.

800 1374 830 1405 1.
857 1371 927 1405 Pal.
953 1371 1111 1413 ζῶντας,
1136 1372 1189 1405 ed.
1216 1372 1296 1405 Bas.
1321 1376 1357 1404 et
1382 1370 1462 1403 Cas.

797 1417 938 1459 ζῶντα,
973 1418 1026 1452 0(1.
1052 1429 1104 1462 pr.
1129 1424 1165 1450 et
1189 1417 1288 1451 Dind.
1314 1428 1356 1450 ex
1382 1428 1461 1449 0011-

796 1464 929 1497 iectura
960 1463 1093 1497 Musuri
1124 1464 1332 1502 πεινῶντας
1367 1462 1463 1496 exhi—

796 1510 888 1543 bent.
921 1509 1109 1542 πεινῶντα
1133 1510 1249 1543 Astius
1272 1509 1308 1542 in
1332 1520 1401 1543 sec.
1428 1514 1464 1541 et

796 1562 878 1590 tert.
911 1555 1068 1600 scnipsit,
1102 1555 1175 1588 sine
1210 1556 1365 1596 ratione,
1399 1554 1466 1588 nisi

796 1603 887 1635 forte
920 1602 984 1635 cibi
1019 1601 1203 1646 cupiditas,
1239 1602 1301 1635 hoc
1335 1604 1388 1634 est
1411 1602 1466 1634 fa-

796 1660 884 1689 meS‚
908 1659 973 1681 non
997 1646 1222 1688 interimendi,
1247 1647 1305 1680 sed
1333 1647 1465 1680 satian-

795 1693 831 1726 di
874 1693 940 1726 vim
974 1694 1087 1726 habet.
1151 1693 1292 1726 Ficinus
1328 1704 1462 1726 sensum

794 1739 922 1783 magis,
959 1750 1059 1783 quam
1083 1739 1189 1772 verba
1213 1739 1262 1772 ita
1289 1738 1462 1783 interpre-

794 1789 886 1818 tatus
910 1788 981 1818 est:
1010 1785 1109 1818 Certe
1141 1785 1208 1817 cibi
1235 1796 1316 1818 usus
1334 1786 1464 1829 duplici

794 1832 837 1864 de
857 1842 962 1864 causa
981 1832 1214 1871 necessarius,
1240 1836 1273 1865 et
1290 1832 1373 1875 qnia
1389 1832 1463 1864 sine

793 1878 865 1920 ipso
897 1878 972 1911 vita
1007 1889 1075 1911 uon
1107 1879 1252 1922 sufficit,
1308 1883 1342 1911 et
1378 1879 1462 1922 quia

793 1924 901 1959 utilis.

804 1980 895 2027 εἴ]
923 1974 949 2025 ἧ
981 1981 1074 2035 Flos.
1099 1980 1144 2013 T.
1180 1987 1350 2024 quatenus
1384 1980 1459 2014 Fic.

792 2020 818 2072 ἦ
844 2027 941 2061 Vind.
962 2027 1004 2060 E.
1031 2021 1055 2070 ἤ
1078 2026 1242 2060 Athenaei
1266 2028 1341 2062 cod.
1361 2027 1435 2060 Pal.

838 2082 912 2129 πή]
938 2084 990 2128 πῆ
1016 2084 1116 2117 Vind.
1138 2084 1182 2119 Ε.
1210 2095 1285 2118 που
1310 2083 1403 2118 Flor.
1415 2083 1460 2118 T.

794 2142 839 2164 πι
862 2131 1029 2165 Athenaei
1053 2130 1126 2164 cod.
1152 2130 1227 2165 Pal.

793 2234 821 2268 B
839 2185 1050 2268 πῶῧέχῗέὃι.
1063 2185 1334 2267 ]3ι)παρέχεται,·
1360 2186 1461 2222 Vind.

841 2288 907 2336 δέ]
932 2291 997 2326 δαί
1018 2292 1097 2326 Par.
1123 2292 1162 2325 A.
1187 2289 1310 2324 Athen.

840 2345 890 2394 ἢ]
912 2346 936 2393 ἦ
963 2349 1048 2382 Lob.
1074 2348 1174 2383 Vind.
1193 2347 1298 2381 BER
1324 2347 1462 2380 Ven.B.

795 2397 873 2430 Par.
906 2396 950 2430 K.
972 2396 1067 2431 .Vat.
1103 2394 1151 2428 M.
1201 2397 1235 2426 et
1273 2405 1294 2427 a
1326 2404 1371 2428 m.
1409 2405 1462 2438 pr.

793 2443 888 2477 Mon.
911 2442 952 2475 B.

839 2496 1043 2542 τοιούτων]
1082 2494 1227 2531 τούτων
1261 2496 1362 2531 Vind.
1387 2495 1461 2528 ΒΕ.

795 2546 879 2580 Ven.
900 2546 939 2578 B.
952 2548 1037 2588 Aug.
1062 2545 1103 2578 B.
1128 2545 1209 2578 Vat.
1232 2542 1278 2576 H.
1303 2542 1396 2575 Flor.
1421 2541 1461 2574 C.

795 2593 877 2626 editi
901 2597 980 2626 ante
1003 2590 1208 2623 Bekkerum.

839 2648 904 2684 καὶ
926 2644 1175 2692 παιδευομένη
1207 2643 1246 2680 ἐκ
1269 2645 1372 2688 τῶν]
1397 2657 1461 2678 om.

793 2695 958 2729 Athenaei
991 2694 1087 2728 codd.
1120 2693 1224 2727 Laur.
1260 2695 1291 2727 1.
1330 2691 1401 2724 Pal.
1429 2695 1465 2724 et

793 2742 973 2775 secundum
998 2738 1233 2782 ])111(1.,,11151
1266 2737 1376 2771 omnia
1397 2736 1463 2770 fal-

793 2789 900 2821 lunt“
950 2786 1060 2821 Mare.
1105 2785 1187 2819 item
1230 2784 1284 2820 ed.
1329 2795 1380 2828 pr.
1429 2787 1464 2814 et

793 2834 893 2867 Dind.

1229 2888 1261 2926 F,
