1764 3176
586 195 1068 239 EDITORIS,
1312 209 1501 237 Lxxxxv

111 318 346 373 gerechnet.
434 317 554 357 Auch
592 317 725 357 dieses
765 317 878 357 kann
912 330 992 357 uns
1022 329 1103 356 mer
1131 317 1194 356 als
1223 316 1316 356 eine
1349 315 1500 356 bedeu-

112 411 325 463 tungslose
344 409 552 464 Spielerei
577 409 840 457 ersclzeinen,
877 408 933 449 da
958 407 1026 448 die
1052 407 1251 448 zwischen
1285 407 1403 448 beide
1426 422 1500 462 ge-

110 503 279 541 stellten
298 500 483 541 Mc'z'mzer
507 502 584 540 mit
608 501 739 540 ikrem
761 499 906 539 Leben
936 499 1040 539 doch
1061 499 1166 539 auch
1186 506 1313 539 meter
1332 499 1505 540 demsel-

112 593 190 632 ben
226 593 688 645 Zeitmaasserstehfflz,
742 592 834 631 eine
868 591 1015 632 ebenso
1055 605 1352 644 angemessene
1395 592 1507 631 Zahl

110 684 210 724 aber
232 684 347 724 nicht
373 684 562 723 erkalcen
587 679 803 737 wz'c'rden.)
841 684 954 722 cuius
984 696 1180 723 censurae
1206 687 1363 734 partem
1389 684 1502 735 prio-

109 789 195 815 rem
225 775 506 815 Stallbaumius
535 776 624 815 sine
655 775 802 814 iudicio
843 776 1019 828 repetiit.
1104 774 1166 814 De
1195 776 1314 815 tertio
1349 789 1502 823 eorum,

111 882 213 921 quae
240 869 281 908 in
317 868 603 907 dubitationem
632 869 764 907 vocari
786 867 826 907 h.
848 868 874 908 l.
904 881 1030 920 posse
1052 867 1233 917 ostendi,
1269 868 1324 907 ita
1356 869 1501 907 sentio.

111 961 242 1012 Quum
262 960 488 1012 quaesitum
509 963 644 1008 esset,
681 963 827 1011 quanto
851 960 1051 999 infelicius
1075 973 1175 1012 rege
1194 961 1343 999 viveret
1363 963 1500 1012 tyran-

110 1066 198 1101 nus,
234 1052 274 1092 h.
297 1065 332 1092 e.
357 1055 504 1103 quanto
524 1053 650 1104 magis
673 1052 800 1103 ipsius
817 1051 1000 1104 voluptas
1023 1066 1044 1090 a
1062 1065 1156 1091 vera
1175 1052 1354 1100 distaret,
1383 1065 1501 1103 quam

109 1145 244 1196 regia,
301 1156 403 1195 quae
432 1145 595 1183 minimo
624 1143 772 1182 distare
805 1142 911 1182 dicta
952 1147 1058 1192 erat,
1104 1145 1277 1196 primum
1315 1144 1502 1183 distantia

110 1229 333 1293 α’ριθμῷ,
369 1237 561 1282 numero,
609 1247 682 1273 seu
713 1234 934 1273 secundum
967 1235 1258 1287 longitudinem
1290 1231 1499 1290 (numerus

111 1328 216 1367 enim
244 1326 374 1366 omnis
398 1329 592 1377 quatenus
618 1326 854 1366 monadibus
889 1330 1070 1376 constat,
1110 1327 1241 1367 lineae
1270 1328 1396 1366 instar
1423 1327 1499 1367 ha-

107 1414 283 1473 bendus)
315 1418 503 1457 definitur
531 1419 607 1467 ita,
642 1422 687 1457 ut
705 1419 863 1470 quoties
883 1419 992 1471 regis
1012 1419 1196 1459 distantia
1216 1432 1291 1472 pro
1313 1431 1501 1459 mensura

106 1514 265 1564 sumpta
287 1511 329 1549 in
353 1511 557 1561 tyrannica
578 1511 685 1559 insit,
722 1511 980 1562 significetur.
1052 1510 1136 1550 Sed
1158 1513 1248 1563 quia
1270 1511 1499 1564 voluptates

106 1604 282 1655 quinque
312 1603 486 1642 virorum
516 1615 598 1641 non
629 1603 716 1654 pari
745 1602 867 1641 modo
898 1616 921 1641 a
942 1615 1038 1642 vera
1059 1603 1226 1652 absunt,
1267 1617 1389 1655 quum
1419 1603 1500 1643 duo

107 1695 274 1734 extremi
291 1707 344 1734 ne
371 1694 676 1733 adulterinarum
698 1694 860 1745 quidem
881 1694 1000 1733 ullius
1022 1697 1234 1746 compotes
1262 1695 1363 1744 sint,
1400 1706 1499 1746 pro-

105 1787 352 1839 gressionis,
410 1798 513 1836 quae
542 1784 592 1824 ad
623 1786 785 1824 tertium
815 1799 945 1838 usque
975 1786 1083 1825 facta
1115 1786 1278 1835 fuerat,
1331 1786 1497 1826 modulo

105 1882 223 1918 aucto
256 1878 442 1917 distantia
473 1877 687 1929 voluptatis
717 1881 880 1928 quartae
907 1892 930 1917 a
959 1878 1076 1918 tertia
1100 1878 1275 1930 aequalis
1303 1891 1396 1918 esse
1416 1890 1495 1931 po·

104 1970 211 2010 nitur
241 1969 452 2009 distantiae
471 1969 614 2008 tertiae
637 1983 660 2008 a
681 1969 829 2021 prima,
867 1972 908 2008 et
935 1970 1165 2022 tyrannicae
1189 1969 1405 2022 voluptatis
1432 1971 1495 2011 di-

105 2061 249 2101 stantia
275 2060 415 2100 novies
444 2063 552 2100 tanta
576 2061 646 2109 fit,
681 2074 799 2113 quam
831 2065 975 2113 quanta
1003 2063 1152 2114 regiae.
1222 2061 1301 2102 Hic
1334 2076 1496 2115 quoque

104 2151 312 2193 immerito>
329 2152 738 2193 ›Schleiermacherus
769 2157 811 2192 et
843 2154 934 2205 quia
967 2167 1131 2193 sensum
1156 2154 1371 2194 verborum
1397 2149 1496 2198 τῶν

104 2237 271 2289 νόθων
295 2241 359 2292 εἰς
380 2235 441 2287 vo*
464 2240 680 2287 ἐπέκεινα
714 2237 926 2303 ὑπερβάς
955 2259 1037 2286 non
1068 2251 1356 2298 perspexerat,
1392 2247 1494 2286 scri-

106 2340 266 2390 ptorem
281 2334 544 2388 reprehendit
559 2336 625 2376 his
644 2336 797 2376 verbis:
831 2359 891 2365 —
931 2337 988 2377 da
1000 2339 1055 2390 ja
1079 2339 1252 2392 gefragt
1277 2337 1393 2387 winl,
1422 2340 1499 2379 wie

105 2430 202 2469 weit
232 2427 308 2470 der
329 2428 502 2481 Tyrmm
528 2442 608 2468 von
632 2427 726 2468 dem
749 2428 917 2483 Ko'm’ge
940 2429 1132 2478 abstehe‚
1168 2443 1213 2469 so
1237 2431 1358 2470 sollte
1385 2430 1500 2484 billig

106 2518 184 2559 der
199 2517 394 2558 Abstand
409 2533 622 2573 gemessen
639 2520 806 2561 werden
811 2537 830 2570 ;
865 2535 909 2561 es
933 2521 1099 2561 werden
1123 2521 1224 2561 aber
1247 2521 1315 2561 die
1335 2522 1499 2562 Stellen

105 2610 292 2665 gezc'z'hlt‹
359 2609 482 2650 Statt
508 2612 594 2652 also
619 2625 671 2651 zu
693 2626 846 2666 sagea,
881 2627 974 2653 vom
993 2613 1136 2666 Konig
1160 2613 1221 2652 bis
1245 2627 1338 2653 zum
1360 2614 1495 2654 Timo-

105 2702 254 2742 kraten
279 2703 334 2742 isc
350 2703 452 2742 -eine
479 2702 653 2757 Lc'inge‚
689 2704 777 2744 zmd
803 2718 894 2744 vom
913 2705 1176 2745 Timokraten
1203 2705 1264 2745 bis
1288 2719 1380 2755 zum
1406 2706 1490 2745 Oli-

104 2793 234 2847 garch
257 2793 408 2833 wieder
438 2794 552 2843 eine,
596 2808 642 2834 so
671 2794 768 2835 dass
795 2795 869 2835 der
894 2797 1088 2850 Oligarch
1111 2811 1203 2837 vom
1234 2796 1402 2850 Kiinige
1425 2810 1496 2837 um

108 2885 223 2926 Zwei
243 2885 429 2933 obstem,
464 2884 566 2925 wird
589 2892 762 2941 gesagt,
797 2886 873 2926 der
903 2887 1044 2942 K'o'm'g
1068 2889 1124 2929 ist
1151 2888 1226 2929 der
1247 2893 1381 2938 erate,
1416 2887 1493 2929 der
