1764 3176
473 165 802 209 CIVITAS
847 166 1115 210 LIB.V]]].
1146 172 1213 208 551

1462 172 1519 213 33

125 273 279 324 πάντες
318 272 466 331 ἀρχῶν
507 275 566 333 μὴ
606 276 798 333 μετέχειν
840 271 876 333 ᾦ
924 276 980 321 ἂν
1024 278 1082 335 μή
1124 272 1154 335 ᾗ
1195 276 1326 322 οὐσία
1367 280 1427 330 εἰς
1466 280 1519 324 τὸ

123 339 285 396 ταχθὲν
314 342 504 400 τίμημα,
543 348 681 388 ταῦτα
716 344 762 388 δὲ
797 343 825 399 ἢ
861 344 937 401 βίᾳ
975 343 1079 399 μεθ’
1112 345 1263 390 ὅπλων
1302 347 1515 401 διαπράτ-

123 425 298 461 τονται,
353 409 384 465 ἢ
422 412 495 456 καὶ
537 413 624 467 πρὸ
667 412 829 455 τούτου
879 411 1154 468 φοβήσαντες
1193 413 1513 471 κατεστήσαντο

127 475 226 533 τήν-
245 476 455 535 τοιαύτην
494 482 730 523 πολιτείαν.
773 478 802 535 ἢ
834 478 914 536 οὐχ
945 480 1112 535 οὕτως,·
1154 480 1279 524 Οὕτω
1310 481 1391 536 μὲν
1418 479 1515 528 οὖν.

117 543 178 587 Ἡ
198 543 277 600 μὲν
307 545 361 602 δὴ
390 547 666 599 κατάστασις,
697 547 756 598 ὠς
781 547 884 598 ἔπος
920 549 1078 601 εἰπεῖν,
1108 546 1232 605 αὕτη.
1265 550 1372 600 Ναὶ,
1403 550 1511 607 ἔφη·

122 610 232 655 ἀλλὰ
260 614 323 663 τίς
353 613 406 669 δὴ
441 614 465 659 ὁ
493 614 657 669 τρόπος
685 619 762 675 τῆς
791 617 1035 667 πολιτείας,·
1079 615 1153 659 καὶ
1190 615 1298 659 ποῖά
1340 617 1456 661 ἐστιν
1485 616 1515 661 ἃ

121 679 289 736 ἔφαμεν
329 679 468 738 αὐτὴν
507 682 795 740 ἁμαρτήματα
833 683 968 738 ἔχειν,
1009 686 1202 739 Πρῶτον
1241 684 1341 739 μὲν,
1385 686 1510 743 ἔφην,
1543 694 1575 736 C

122 751 255 791 τοῦτο
298 745 430 803 αὐτὸ,
473 748 498 794 ὁ
541 750 645 807 ὅρος
683 749 819 808 αὐτῆς
859 748 952 802 οἷός
990 750 1118 794 ἐστιν.
1163 749 1292 805 ἄθρει
1329 752 1437 808 γάρ,
1477 756 1514 798 εἰ

121 819 236 859 νεῶν
264 815 382 860 οὕτω
411 835 478 871 τις
506 825 682 864 ποιοῖτο
713 818 984 876 κυβερνήτας
1015 817 1102 863 ἀπό
1132 818 1411 875 τιμημάτων,
1451 825 1513 879 τῷ

122 884 169 927 δὲ
198 881 371 941 πένητι,
410 887 448 930 εἰ
485 887 559 931 καὶ
587 885 1013 944 κυβερνητικώτερος
1043 888 1109 944 εἴη
1121 918 1133 940 ,
1174 886 1234 944 μὴ
1276 886 1508 944 ἐπιτρέποι.

122 1045 225 1080 etiam
247 1045 404 1081 Ficinum
426 1048 586 1094 decepit·
613 1051 734 1084 Annon
754 1055 787 1085 et

123 1092 204 1137 lege
234 1097 394 1129 statuunt
433 1095 649 1140 principatus
682 1099 786 1140 fines,

121 1139 203 1172 dum
223 1143 400 1178 statuunt.
426 1142 484 1174 ubi
511 1143 622 1176 maior
652 1148 702 1176 est
722 1154 786 1187 pe-

121 1185 302 1218 cuniarum
331 1187 454 1230 copia,
488 1188 535 1226 ibi
563 1190 668 1222 talem
692 1190 785 1232 prin-

120 1231 274 1274 cipatum
305 1243 377 1266 esse
405 1234 596 1267 maiorem.-
630 1236 689 1268 ubi
720 1237 785 1268 mi-

120 1288 204 1318 nor,
231 1283 353 1311 contra
375 1279 551 1312 minorem.
608 1281 652 1314 Ιιι
683 1281 783 1314 Vind.

119 1322 159 1356 B.
183 1326 262 1367 post
287 1320 509 1367 ὀλιγαρχία
501 1325 643 1359 incisum
664 1332 728 1360 est.

165 1373 213 1413 οὗ
226 1381 239 1424 ]
273 1376 320 1414 ου’
344 1381 445 1416 Vind.
469 1382 543 1415 EF.

104 1465 109 1470 .
163 1435 367 1482 ἕλαττον,]
402 1437 563 1472 ἔλαττον.
601 1439 676 1473 Ald.
700 1440 779 1474 Bas.

116 1483 171 1517 ab.
206 1481 382 1525 ἕλαττον;
417 1485 537 1529 steph.

161 1538 234 1585 μὴ]
260 1539 352 1585 μηδὲ
376 1542 474 1576 Flor.
497 1542 540 1576 T.

161 1591 195 1644 ᾧ
205 1599 218 1642 ]
245 1592 298 1632 οἷν
320 1598 408 1634 Lob.
432 1601 512 1634 Vat.
530 1600 611 1634 ΒΜ.
634 1601 717 1634 Ven.
739 1600 779 1633 C.

163 1649 212 1700 ᾗ]
238 1668 302 1690 om.
328 1658 416 1700 Ang.
440 1657 481 1690 B.
502 1653 525 1701 ἡ
552 1657 630 1691 Par.
647 1657 687 1690 A.
703 1657 782 1691 Vat.

117 1701 162 1735 H.
205 1702 318 1735 Verbo
351 1707 421 1736 tam
451 1714 577 1747 aegre,
602 1715 704 1748 quam
728 1704 779 1737 fa-

117 1747 182 1781 cile
205 1747 349 1781 articulo
373 1760 537 1782 caremus.

165 1803 240 1847 εἰς]
266 1800 317 1844 ὣς
340 1804 432 1839 Flor.
455 1805 499 1838 T.

118 1873 321 1953 b.²‘ss{²‡{‚‘i‘.3
332 1860 449 1952 ³2&ss
438 1873 508 1951 55
503 1873 537 1896 9
529 1863 781 1943 Βὲιέιῗ...ἶέ9ἒι

117 1953 380 1997 Stalibaumiu53
422 1966 564 1999 quorum
599 1956 686 1990 ratio
727 1968 780 1990 se-

116 2000 321 2053 (pentibus,
363 2011 451 2045 quae
481 2000 555 2034 sine
587 2001 780 2057 interroga-

115 2048 210 2079 tione
244 2045 336 2079 dicta
366 2057 442 2080 esse
475 2051 628 2081 extrema
659 2043 683 2092 η’
711 2045 780 2091 οὐχ

118 2087 261 2132 ovinus,-
293 2092 470 2136 probabile
506 2093 674 2138 reddunt,
716 2095 779 2129 mi-

116 2149 180 2171 nus
203 2137 455 2172 accommodata
478 2139 623 2173 videtur.

162 2192 262 2238 πρὸ]
289 2191 384 2237 πρὸς
406 2196 487 2229 Bas
511 2196 546 2229 b.

163 2248 417 2297 φοβησαντες]
443 2251 673 2299 φοβήσοντες
692 2254 778 2298 Ang.

117 2297 158 2330 B.
184 2297 223 2330 In
247 2297 339 2331 Flor.
350 2299 393 2332 R.
420 2310 522 2344 super
544 2300 684 2344 vulgata
709 2299 779 2344 φό-

117 2342 186 2387 βον
207 2343 403 2384 ποιοῦντες
425 2346 586 2391 scriptum
611 2349 672 2381 est.

159 2397 458 2454 κατεστήσαντο]
490 2406 571 2446 post
603 2401 672 2448 τὴν
702 2415 778 2439 τοι·

117 2443 237 2490 αὐτην
259 2447 452 2482 πολιτείαν
474 2448 574 2484 Vind.
598 2451 638 2484 B.

162 2498 207 2548 ἢ]
233 2496 260 2548 ἦ
282 2504 382 2540 Vind.
406 2506 450 2539 E.

163 2559 296 2608 αὕτη.]
322 2557 445 2607 αὕτης
469 2563 545 2598 Ald.
570 2565 651 2600 Bas.
671 2565 725 2600 ab.

163 2616 285 2664 ἐστιν]
314 2617 410 2654 ἔστιν
435 2621 534 2657 Vind.
559 2622 598 2657 F.
622 2622 716 2656 Mon.
740 2622 780 2656 B.

115 2664 190 2699 Ald.
214 2666 294 2701 Bas.
319 2667 374 2701 ab.

163 2719 327 2768 ἔφαμεν]
352 2735 386 2768 p.
409 2723 490 2759 544.
516 2724 557 2758 C.

157 2778 304 2836 αὐτὴν]
346 2780 402 2815 lta
435 2781 529 2816 Mon.
558 2783 598 2816 B.
636 2794 656 2815 a
680 2793 723 2815 ιιι.
750 2794 777 2817 5.

118 2823 217 2861 αὐτοὶ
242 2839 263 2861 a
285 2838 329 2862 ιιι.
353 2837 405 2871 pr.

190 2885 395 2927 PnAa-oms
426 2885 501 2927 ΟΡ.
535 2885 608 2927 ΙΠ.

891 1046 1009 1092 ἔφην]
1046 1045 1117 1092 ἔφη
1152 1047 1252 1082 Vind.
1276 1047 1317 1081 F.
1352 1051 1390 1082 ut
1413 1049 1511 1084 vide·
1547 1049 1578 1090 C

843 1097 911 1127 tur.

891 1136 911 1173 ὁ
942 1135 1052 1182 ὅρος]
1087 1134 1143 1180 ,,ὁ
1175 1149 1249 1171 cum
1287 1139 1372 1175 Ven.
1397 1141 1438 1174 B.
1476 1145 1511 1174 et

841 1186 992 1218 fortasse
1017 1186 1095 1217 Vat.
1120 1183 1194 1217 H.“
1218 1184 1287 1218 Pro
1313 1198 1388 1219 cum
1417 1187 1510 1220 Bek-

842 1231 946 1264 kerus
970 1230 1060 1263 haud
1088 1229 1190 1262 dubie
1224 1242 1277 1263 om
1309 1232 1507 1277 scripserat.

840 1276 958 1309 Etiam
991 1275 1091 1309 Vind.
1136 1275 1242 1309 BEF.
1288 1277 1373 1311 Lob.
1415 1279 1509 1313 Flor.

839 1322 979 1356 ACRT.
1003 1321 1180 1354 articulum
1201 1322 1371 1357 omittunt.

889 1375 1002 1422 ἄθρει
1034 1376 1150 1422 γὰρ,]
1184 1378 1394 1413 Particulam
1423 1382 1508 1414 οιιιί-

839 1425 884 1459 sit
907 1425 1073 1458 Ficinus.
1065 1437 1073 1445 ·
1103 1425 1295 1469 Principio,
1332 1428 1445 1471 qualis
1463 1429 1509 1462 sit

835 1472 1073 1516 praescriptus
1101 1472 1155 1504 hic
1185 1472 1221 1504 in
1261 1483 1302 1505 ea
1330 1473 1508 1515 terminus,

839 1519 965 1561 aspice.
1013 1517 1081 1551 Ριο
1106 1521 1271 1550 commate
1299 1518 1507 1563 Stephanus,

838 1564 1029 1605 Bekker,us
1052 1562 1169 1596 Astius
1194 1562 1229 1596 in
1253 1567 1333 1599 tert.
1353 1570 1388 1598 et.
1399 1565 1507 1598 Stall-

838 1609 1014 1645 baumius
1047 1610 1144 1642 colon
1189 1609 1508 1651 habent‚cont1·a

839 1667 935 1696 eum,
959 1654 1016 1700 qui
1039 1655 1120 1688 mihi
1143 1655 1240 1688 huius
1264 1655 1328 1688 loci
1357 1656 1506 1698 videtur,

838 1713 986 1742 sensum,
1011 1712 1110 1745 quem
1135 1701 1226 1734 infra
1252 1701 1435 1737 declaravi.

883 1748 962 1790 τις]
995 1759 1060 1780 om.
1086 1747 1187 1781 Vind.
1211 1747 1252 1780 Β.

881 1804 1054 1848 ποιοῖτο]
1073 1806 1238 1838 ποιεῖται
1262 1803 1349 1838 Lob.
1362 1805 1442 1840 Vat.
1453 1805 1504 1839 M.

882 1858 958 1895 οἷπὸ
984 1858 1221 1905 τιμημάτων]
1255 1857 1405 1905 οἷποτιμ.
1428 1863 1504 1897 Ald.

836 1908 916 1942 Bas.
942 1908 998 1942 ab.

883 1951 1086 2009 ἐπιτρέποι.
1098 1952 1110 1995 ]
1150 1949 1382 2008 ἐπιτρέποι,
1426 1953 1503 1987 Ald.

836 1999 916 2034 Bas.
944 2000 998 2033 ab.
1033 1996 1224 2053 επιτρξποι
1255 2018 1298 2024 -
1325 1999 1503 2032 Stallbau-

835 2046 941 2088 mins,
965 2045 1179 2090 aposiopesin
1202 2048 1378 2086 statuens,
1411 2046 1503 2078 cuius

835 2092 926 2126 ratio
968 2092 1060 2126 nulla
1105 2091 1214 2125 adest.
1274 2092 1397 2124 Videre
1437 2092 1503 2124 So—

836 2142 973 2179 crates,
1009 2138 1041 2171 h.
1080 2149 1111 2171 e.
1147 2137 1258 2171 animo
1289 2137 1502 2190 perpendere

834 2184 1048 2218 Adimantum
1081 2183 1172 2217 illam
1196 2194 1308 2217 rerum
1334 2182 1502 2217 conditio·-

836 2242 910 2264 nem
934 2231 1054 2271 iubet,
1078 2241 1167 2282 quae
1189 2229 1382 2262 necessario
1407 2230 1501 2262 futu-

835 2287 875 2310 ra
898 2276 964 2319 sit,
996 2275 1026 2309 si
1055 2274 1130 2320 quis
1164 2274 1299 2308 navium
1331 2275 1504 2320 guberna-

835 2327 929 2356 tores
951 2335 970 2355 e
997 2332 1100 2355 censu
1125 2321 1249 2362 faciat,
1285 2320 1388 2365 idque
1421 2321 1502 2354 bre-

834 2368 925 2402 viter
948 2380 1051 2409 sane,
1075 2367 1135 2400 sed
1159 2366 1232 2407 ita,
1256 2369 1295 2399 ut
1317 2366 1434 2400 nihil·
1424 2378 1500 2412 lpse

835 2414 1014 2448 additurus
1035 2416 1145 2454 esset,
1169 2413 1259 2457 quod
1283 2413 1423 2446 alterius
1447 2413 1498 2447 in-

833 2460 1056 2494 terlocutione
1078 2459 1270 2503 praecisum
1287 2458 1395 2492 videri
1420 2470 1498 2504 pos-

835 2506 892 2547 sit,
915 2506 1089 2539 enuntiat:
1121 2505 1218 2545 Vide,
1237 2506 1268 2538 si
1286 2506 1419 2549 quis—
1432 2508 1497 2549 sa-

837 2553 918 2587 ciat.
951 2552 1150 2585 Adimantus
1165 2554 1286 2584 autem
1310 2551 1407 2595 quasi
1431 2562 1498 2584 non

837 2598 980 2639 videre,
1020 2597 1081 2630 sed
1111 2596 1190 2641 quid
1225 2596 1343 2630 videat
1375 2608 1498 2630 renun-

835 2644 924 2677 tiare
947 2643 1058 2676 iussus
1078 2640 1261 2699 πονηρὰν,
1282 2642 1403 2687 inquit,
1427 2640 1498 2686 τὴν

835 2689 1029 2724 ναυτιλίαν
1060 2686 1204 2728 αὐτοὺς
1236 2688 1497 2722 ναυτίλλεσθαι

837 2748 884 2771 sc.
911 2732 1000 2777 ὁρῶ.
1046 2734 1185 2769 Ficinus
1207 2740 1286 2779 post
1305 2731 1496 2778 ἐπιτρέποι

834 2782 877 2815 de
902 2793 983 2822 suo,
1017 2780 1155 2825 opinor,
1190 2782 1273 2826 quid
1302 2794 1342 2814 ea:
1360 2781 1422 2815 hoc
1442 2792 1495 2814 se-

832 2833 989 2862 cuturum
1009 2827 1151 2863 censes?
1184 2827 1326 2862 addidit.

1243 2884 1274 2925 C
