1764 3176
291 110 373 149 100
737 101 1215 144 PLATONIS

290 233 388 267 τας,
433 212 752 268 ἐλευθερώσας,
792 217 882 256 τῶν
920 213 1017 267 περι
1056 211 1214 255 ἑαυτὸν
1251 210 1515 267 δορυφόρων
1543 211 1671 267 ποιή-

290 288 466 326 σασθαι.
527 279 717 337 Σφόδρα
745 297 817 336 γε,
848 282 956 338 ἔφη·
990 280 1081 323 ἐπεί
1109 296 1179 323 τοι
1208 280 1280 323 καὶ
1310 278 1558 324 πιστότατοι
1591 278 1671 323 αυ’-

291 353 351 405 τῷ
392 345 518 392 οὗτοί
551 350 671 391 εἰσιν.
723 343 784 391 Ἦ
818 347 1062 404 μακάριον,
1103 343 1160 402 ἦν
1201 345 1245 391 δ’
1280 347 1389 402 ἐγώ,
1429 348 1564 403 λέγεις
1599 366 1671 391 τυ-

200 428 267 462 568
292 417 459 472 ράννου
499 420 665 473 χρῆμα,
706 418 742 459 εἰ
781 417 1001 467 τοιούτοις
1041 416 1188 470 φίλοις
1224 432 1268 459 τε
1296 416 1368 458 καὶ
1399 421 1567 466 πιστοῖς
1599 432 1672 459 αν-

290 483 419 540 δράσι
449 487 601 539 χρῆται
630 483 734 534 τούς
763 484 1009 537 προτέρους
1039 483 1231 533 ἐκείνους
1269 481 1496 534 ἀπολέσας.
1539 482 1669 528 ’Ami

288 552 396 608 μήν,
435 551 539 607 ε’φη,
576 551 796 601 τοιούτοις
832 568 879 606 γε
918 555 1081 607 χρῆται.
1142 550 1228 592 Καὶ
1274 549 1551 605 θαυμάζουσι
1604 553 1672 607 δὴ,

291 617 437 671 εἷπον,
485 636 607 663 ουτοι
647 621 691 661 οἷ
731 618 895 673 ἑταῖροι
934 618 1088 669 αὐτὸν,
1139 617 1211 660 καὶ
1256 615 1444 668 ξύνεισιν
1496 621 1540 662 οἱ
1581 620 1673 663 νέοι

289 692 487 738 πολῖται,
530 689 573 730 οἷ
614 686 660 731 δ’
692 688 888 738 ἐπιεικεῖς
931 688 1109 741 μισοῦσί
1148 701 1190 727 τε
1231 686 1303 727 καὶ
1334 685 1582 742 φεύγουσι,·
1622 688 1675 730 Τί

289 753 335 799 δ’
368 753 422 799 οὐ
452 755 705 810 μὲλλουσινς
744 753 836 799 Οὐκ
867 754 980 807 ἐτὸς,
1013 752 1068 811 ἧν
1097 752 1136 799 δ’
1170 753 1277 809 ἐγώ,
1321 753 1349 809 ἥ
1379 771 1423 799 τε
1452 759 1675 814 τραγῳδία

291 925 429 983 λήξειε·
461 926 562 966 πῶςε
604 926 697 983 lilon.
735 928 774 961 Β.
814 929 870 968 τίς
913 925 953 961 δὲ

291 971 473 1008 αυτόθεν.
507 969 571 1017 ἄρ’
599 971 667 1007 ov'n
693 969 739 1007 ἂν
770 971 880 1018 ἐθελή
885 984 954 1008 σει-

294 1031 356 1054 ενε
388 1020 486 1073 πῶςῗε
520 1019 620 1054 Vind.
646 1020 684 1055 F.
719 1019 775 1058 τίς
815 1019 853 1053 δὲ
888 1017 956 1053 αὐ-

293 1063 409 1101 τόθεν
451 1062 513 1109 ἄρ’
558 1076 627 1098 ουκ
669 1062 716 1098 &lv
747 1063 957 1110 ἐθελήσειεε

293 1112 395 1150 πῶςε
429 1111 549 1155 reliqui
581 1112 714 1145 codices
748 1108 832 1167 (ἄρ’
858 1112 957 1147 Vind.

294 1159 333 1191 B.
372 1159 462 1191 Flor.
495 1158 538 1190 R.
573 1176 619 1182 -—
651 1157 732 1195 πῶς
771 1156 859 1197 τοὺς
892 1162 957 1191 etc.

295 1204 369 1238 sine
404 1202 622 1236 distinctione
655 1203 757 1237 Vind.
788 1205 859 1247 E.)
892 1215 958 1236 uno

296 1251 381 1283 Ven.
416 1250 456 1282 C.
485 1254 649 1295 excepto,
687 1260 785 1294 quem
812 1249 960 1282 Bekkeri

296 1295 466 1329 silentium
514 1306 535 1327 a
583 1295 722 1339 vulgata
777 1295 960 1328 editionum

298 1342 442 1375 omnium
467 1336 551 1383 (ἄρ’
577 1341 650 1376 Ast.
670 1352 739 1374 sec
760 1361 806 1366 -—
830 1339 960 1384 ἐθελή-

300 1398 395 1421 σειεν
420 1387 528 1419 Bekk.
533 1390 546 1428 )
569 1386 714 1420 lectione
733 1387 814 1420 nihil
834 1387 962 1420 discre-

298 1445 381 1478 pare
412 1432 595 1476 significat.
653 1434 752 1473 Quod
784 1433 813 1466 si
844 1443 963 1465 verum

298 1486 373 1520 est,
398 1479 542 1511 alterum
556 1479 619 1511 hoc
638 1478 870 1524 praestantiae
890 1479 963 1512 eius

299 1526 537 1559 documentum
567 1525 728 1558 habemus
762 1536 826 1557 non
855 1525 964 1559 minus

301 1572 371 1613 illo,
394 1571 484 1616 quod
510 1570 585 1604 Vol.
609 1570 656 1604 11.
682 1572 819 1615 p.327‚
846 1572 878 1604 b.
902 1582 963 1603 no—

300 1617 383 1650 tavi.
444 1616 594 1659 Vulgata
627 1617 712 1650 enim
756 1616 857 1649 lectio
898 1627 964 1649 non

301 1663 407 1697 solum
441 1661 584 1706 reliquis
620 1663 869 1707 praeferenda,
904 1662 964 1695 sed

300 1709 403 1742 etiam
438 1719 499 1751 per
540 1719 577 1740 se
610 1709 784 1762 probanda
818 1708 965 1743 videtur.

301 1755 393 1789 Nam
417 1753 586 1798 particula
609 1754 701 1796 πῶς,
727 1766 825 1798 quam
851 1764 964 1787 omnes

302 1801 438 1833 codices
470 1806 629 1841 tuentur,
669 1812 769 1845 quum
805 1811 867 1844 pro
906 1811 967 1832 en·-

303 1845 419 1879 clitica
462 1845 581 1878 haberi
620 1850 655 1878 et
696 1846 832 1879 Socrati
868 1845 968 1878 attri-

302 1892 362 1925 bui
387 1897 571 1936 propterea
595 1895 765 1935 nequeat,
797 1891 887 1936 quod
910 1891 968 1934 qui

303 1937 437 1971 modum
486 1937 538 1969 rei
582 1937 758 1981 faciendae
808 1940 969 1970 accurate

305 1983 399 2017 novit
434 1986 470 2016 et
499 1986 538 2015 ut
572 1984 677 2027 probe
708 1982 771 2016 sibi
798 1982 969 2026 cognitum

304 2029 478 2074 eloquitur
500 2029 637 2073 ineptus
669 2028 735 2070 sit,
768 2028 795 2061 si
826 2028 970 2062 eundem

307 2081 479 2120 tamquam
520 2074 689 2108 incertum
733 2080 900 2119 proponat
934 2079 970 2107 et

306 2133 432 2155 numne
458 2126 624 2164 tyrannus
648 2122 761 2164 aliquo
785 2121 884 2154 modo
909 2132 969 2153 ve-

306 2169 347 2202 lit
379 2178 492 2201 servos
526 2170 569 2200 ab
607 2168 735 2200 civibus
780 2168 971 2200 abstractos

307 2220 341 2248 et
374 2215 535 2247 liberatos
566 2214 752 2246 satellitum
786 2214 822 2246 in
851 2224 970 2245 nume-

307 2271 385 2294 rum
411 2261 562 2303 recipere
585 2259 785 2302 interroget,
808 2258 968 2292 Adiman-

310 2310 345 2339 to
371 2305 579 2338 attribuatur
606 2316 744 2338 necesse
777 2310 839 2338 est.
891 2304 968 2345 Quo

310 2352 402 2385 facto
436 2362 553 2384 rursus
589 2363 729 2384 necesse
758 2356 811 2384 est
844 2351 970 2384 Socra-

311 2396 356 2431 tis
379 2397 564 2430 orationem
590 2409 629 2430 eo
653 2408 761 2441 usque
785 2397 970 2440 perfectam

312 2449 348 2476 et
370 2444 557 2476 absolutam
583 2443 828 2487 praecessisse,
860 2447 898 2475 ut
922 2443 971 2475 lo-

313 2500 373 2522 cus
398 2488 605 2531 responsioni
629 2489 792 2529 daretur,
816 2488 873 2533 qui
898 2489 971 2521 nul-

315 2535 366 2568 lus
390 2540 502 2574 esset,
534 2534 562 2566 si
587 2534 660 2574 ille,
688 2535 776 2589 quod
801 2534 973 2568 8τ·ι11ὶ)3-υ

314 2580 382 2613 mio
415 2580 552 2636 placet,
576 2579 612 2613 τί
635 2578 700 2621 62³,-
726 2577 891 2614 αὐτόθεν
915 2577 974 2623 ἄρ’

318 2623 387 2660 οὐκ
412 2623 459 2658 ὂὶν
483 2622 688 2668 ἐθελήσειες
714 2627 865 2660 dixisset.
899 2626 973 2659 Hoc

316 2672 402 2706 enim
426 2683 491 2704 non
512 2671 562 2704 ita
588 2676 816 2716 comparatum
842 2674 913 2713 est,
935 2676 974 2705 ut

317 2716 457 2752 Socrati
477 2716 512 2749 in
543 2729 582 2750 eo
607 2718 792 2751 subsistere
824 2724 860 2751 et
891 2719 974 2751 Adi-

316 2769 430 2798 manto
450 2773 637 2797 sermonem
661 2764 820 2809 excipere
843 2764 974 2798 liceret.

1011 929 1058 962 At
1084 927 1112 961 si
1142 931 1326 971 rogaverat
1358 930 1584 972 popular-esne
1609 942 1676 964 non

1010 976 1100 1007 volet.
1124 974 1317 1015 reyramnus?
1342 980 1377 1008 et
1392 976 1570 1009 Adimanto
1590 988 1676 1021 quo-

1012 1021 1109 1053 modo
1134 1020 1169 1052 id
1194 1019 1336 1063 intelligi
1365 1021 1468 1054 vellet
1497 1034 1676 1066 quaer‚ere

1013 1071 1048 1099 et
1079 1067 1165 1099 Ξοοι
1168 1067 1213 1098 iti
1250 1066 1299 1099 ita
1332 1068 1538 1111 iespondere
1569 1069 1600 1101 ei
1634 1068 1677 1101 li-

1013 1113 1135 1153 cebat,
1173 1119 1211 1144 ut
1246 1111 1273 1144 si
1308 1124 1451 1156 quonam
1483 1114 1580 1148 modo
1614 1125 1677 1158 po-

1015 1158 1148 1202 pulares
1184 1157 1248 1191 sibi
1280 1158 1375 1191 sucos
1407 1165 1677 1203 comparaturum

1014 1211 1193 1246 tyrannum
1252 1207 1390 1247 putaret
1443 1205 1677 1250 quaesivisset,

1016 1250 1070 1282 vel
1111 1248 1141 1281 si
1184 1249 1258 1292 ipse
1304 1251 1450 1293 prioiem
1492 1263 1678 1284 sermonem

1017 1307 1113 1328 suum
1139 1295 1334 1328 continuare
1355 1302 1389 1329 et
1410 1298 1587 1331 absolvere
1607 1297 1679 1331 vel-

1018 1342 1075 1374 let.
1143 1341 1242 1380 Quae
1281 1343 1506 1386 lespondendi
1538 1344 1680 1377 libertas

1019 1399 1084 1420 non
1109 1397 1187 1430 par,
1224 1387 1282 1420 sed
1307 1388 1425 1421 similis
1449 1390 1479 1422 ei
1505 1394 1579 1430 est,
1612 1401 1681 1434 qua

1020 1443 1124 1476 supra
1170 1444 1200 1476 p.
1242 1434 1320 1466 551.
1367 1434 1407 1468 C.
1470 1435 1682 1469 Adimantum

1019 1490 1116 1511 usum
1146 1478 1351 1512 videbamus.
1386 1500 1433 1505 —
1468 1480 1609 1514 Ficinus
1633 1482 1683 1514 le-

1020 1526 1161 1558 ctionem
1205 1524 1261 1564 τίς
1297 1530 1333 1558 et
1376 1525 1683 1580 interpunctionem

1021 1570 1121 1603 Vind
1163 1570 1203 1603 F.
1244 1577 1380 1604 secutus
1421 1573 1591 1626 particula
1635 1569 1683 1606 οὶν

1020 1628 1055 1660 p:
1054 1628 1083 1649 o
1127 1616 1361 1650 coniunctione
1396 1624 1540 1673 accepta
1576 1619 1684 1652 inter-

1021 1662 1247 1706 pretationem
1273 1663 1424 1697 exhibuit
1447 1664 1581 1698 minime
1601 1676 1684 1708 pro-

1020 1707 1186 1742 babilem.
1228 1710 1311 1751 Quis
1338 1716 1454 1743 aulem
1484 1723 1524 1744 ex
1545 1711 1684 1755 indige·

1021 1753 1104 1787 nis?
1135 1766 1246 1788 nonne
1275 1757 1404 1799 aliqui,
1449 1757 1480 1790 si
1511 1756 1684 1791 voluerit?

1023 1800 1105 1833 Adi.
1141 1800 1213 1841 Quo
1237 1801 1369 1857 pacto?

1070 1843 1227 1899 ἑαυτὸν]
1261 1843 1380 1882 αυτὸν
1413 1847 1498 1881 Lob.

1067 1889 1322 1936 ποιήσασθαι]
1364 1891 1558 1937 ποιήσεται
1588 1894 1683 1928 Flor.

1023 1937 1068 1971 T.
1103 1957 1149 1962 —
1193 1938 1288 1971 Haec
1328 1950 1462 1983 quoque
1504 1951 1683 1984 perperam

1025 1984 1214 2017 construxit
1262 1984 1426 2018 Ficinus:
1484 1987 1620 2020 Scilicet
1655 1987 1685 2019 εἰ

1022 2030 1173 2073 propriis
1204 2031 1311 2063 servis
1338 2032 1503 2072 sublatis,
1535 2033 1686 2066 voluerit

1025 2077 1115 2108 cives
1142 2076 1275 2120 aliquos
1304 2078 1450 2111 liberare
1483 2084 1516 2112 et
1546 2079 1685 2112 satelli-

1025 2123 1115 2156 tibus
1137 2123 1206 2154 suis
1236 2123 1409 2156 asciscere.

1070 2164 1204 2247 ysjfly'
1242 2168 1340 2202 Vind.
1373 2169 1480 2203 BEF.
1526 2171 1612 2214 Ang.
1645 2171 1685 2204 B.

1027 2214 1102 2246 Vat.

1066 2253 1133 2303 'H]
1168 2255 1191 2303 ἢ
1217 2260 1317 2294 Vind.
1348 2261 1393 2294 F.
1430 2263 1541 2304 Quam
1562 2262 1686 2305 (prae-

1025 2307 1157 2338 claram
1185 2318 1310 2340 narras
1336 2309 1477 2350 tyranni
1504 2309 1686 2352 possessio-

1025 2353 1122 2395 nem)
1149 2352 1219 2386 Fic.

1072 2395 1284 2452 τοιούτοις]
1309 2395 1347 2431 ἐν
1371 2411 1402 2433 τ.
1426 2399 1522 2432 Flor.
1545 2401 1585 2434 A.

1072 2441 1280 2498 τοιούτοις]
1308 2452 1386 2489 post
1407 2456 1445 2488 γε
1470 2446 1563 2479 Flor.
1586 2446 1630 2480 T.

1073 2487 1309 2532 θαυμάζουσι
1356 2510 1402 2515 -
1462 2490 1682 2536 φεύγουσις]

1032 2536 1099 2569 Pro
1150 2536 1200 2570 his
1247 2537 1524 2571 Pa1.A.haec
1566 2538 1686 2571 habet·

1029 2579 1288 2624 θαυμάζουσιν
1309 2582 1378 2616 ουν
1396 2580 1514 2617 αυτὸν
1539 2582 1575 2617 οι
1591 2581 1689 2616 ἑταῖ-

1032 2639 1108 2683 ροι
1106 2640 1167 2661 και
1186 2626 1265 2661 νέοι
1283 2631 1452 2669 πολῖται,
1474 2629 1622 2672 μισοῦσι
1645 2625 1686 2662 δ’

1031 2672 1067 2706 οὶ
1092 2670 1258 2713 ἐπιεικεῖς
1284 2687 1346 2708 και
1366 2673 1575 2732 φεύγουσιν.
1622 2676 1687 2708 Se-

1029 2720 1167 2763 quentia
1199 2732 1280 2753 vero
1312 2732 1418 2767 usque
1445 2721 1488 2755 ad
1513 2718 1686 2765 ἐξέβημεν

1028 2766 1070 2799 Ι).
1096 2766 1218 2800 omisit.

1687 2455 1755 2491 568
