1764 3176
192 595 305 641 136²

252 80 338 122 260

716 73 1179 117 PLATONIS

252 187 364 244 μέρη
391 187 445 231 τοὶ
475 186 556 242 μὲν
584 184 885 238 ἐκκεκλάσθαι,
915 185 969 229 τοὶ
1000 185 1047 230 δὲ
1081 185 1398 240 συντετρίφθαι
1427 185 1502 228 καὶ
1529 183 1636 240 πάν-

252 272 338 307 τως
366 257 641 310 λελωβῆσθαι
670 252 758 299 ὑπὸ
787 257 876 298 τῶν
905 253 1137 309 κυμάτων,
1171 251 1281 296 ἄλλα
1312 254 1357 296 δὲ
1385 264 1639 307 προσπεφυ·

256 323 401 374 κέναι,
448 319 604 376 ὄστρεά
649 338 694 365 τε
734 323 809 365 καὶ
849 324 988 379 φυκία
1023 322 1098 365 καὶ
1136 320 1321 373 πέτρας,
1361 320 1469 365 ὥστε
1506 319 1637 364 παντὶ

253 398 419 449 μᾶλλον
456 393 600 448 θηρίῳ
641 389 854 438 ἐοικέναι,

901 388 929 446 ἢ
963 387 1056 440 οἶος
1090 383 1148 445 ἦν
1193 387 1350 443 φύσει·

1411 388 1526 432 Ου’ϊω
1564 387 1639 431 καὶ

256 460 336 518 τὴν
368 459 513 516 ψυχήν
542 457 663 515 ἡμεῖς
691 457 899 511 θεώμεθα
935 456 1210 513 διακειμένην
1238 455 1328 500 ὑπὸ
1358 457 1530 512 μυρίων
1559 471 1639 498 κα-

255 532 361 573 κῶν.
414 526 520 571 οἷλλά
561 528 648 577 δεῖ,
689 521 722 569 ὦ
754 524 990 576 Γλαύκων,
1031 525 1166 569 ἐκεῖσε
1203 525 1391 580 βλέπειν.
1460 528 1570 574 Ποῖ;
1611 516 1641 579 ἦ

347 595 408 647 ὅς.
467 596 549 646 Εἰς
597 595 677 650 τὴν
723 596 999 650 φιλοσοφίαν
1040 593 1199 649 αὐτῆς,
1236 593 1309 636 καὶ
1346 592 1539 644 ἐννοεῖν,
1577 585 1641 634 ὦν

256 664 434 709 ἅπτεται
473 664 547 708 καὶ
588 665 696 706 οἴων
735 662 901 718 ἐφίεται
935 661 1140 717 ὁμιλιῶν,
1182 659 1241 712 ὥς
1280 661 1487 718 ξυγγενὴς
1527 654 1642 704 οὖσα

255 738 317 794 τῷ
347 750 391 777 τε
421 734 529 792 θείῳ
568 733 642 776 καὶ
671 728 881 788 ἀθανάτῳ
925 731 999 774 καὶ
1027 733 1088 788 τῷ
1127 727 1194 772 οέεὶ
1223 728 1343 781 ὄντι,
1376 731 1450 774 καὶ
1481 731 1553 773 οἴα
1586 727 1642 772 ἂν

301 903 349 939 τὰ
375 901 453 947 μεν]
482 915 530 937 τα
551 916 617 947 μεν
645 904 721 938 Ald.
749 908 784 938 et
807 903 921 949 paullo

255 957 336 997 post
358 963 404 984 τα
435 947 494 990 δὲ,
519 957 698 1004 utrumque
723 961 798 983 cum
822 951 922 993 Lob„

255 999 319 1031 hoc
344 1008 419 1030 cum
443 996 545 1030 Vind.
570 997 614 1029 F.
646 997 767 1037 invito,
792 997 922 1041 opinor,

256 1044 400 1077 editore.
426 1042 464 1076 In
483 1042 654 1076 codicibus
668 1042 803 1087 quidem
823 1053 924 1086 prae—

257 1089 426 1124 termissio
448 1089 545 1122 huius
567 1096 727 1123 accentus
754 1088 924 1121 creberri-

259 1148 313 1170 ma
337 1141 372 1168 et
405 1147 426 1168 a
450 1147 502 1168 rue
525 1136 599 1168 fere
629 1134 782 1168 consulto
807 1134 925 1178 negle—

259 1186 315 1216 cta
340 1186 404 1215 est.

308 1235 455 1272 ἔκκεκλοὲ
461 1238 564 1281 σθαι]
584 1234 827 1271 ἐκκεκλᾶσθαι
838 1237 923 1270 Lob.

262 1285 364 1319 Vind.
389 1284 429 1318 F.
468 1284 559 1317 Mon.
587 1284 627 1317 Β.
662 1284 738 1318 Ald.
763 1285 844 1317 Bas.
871 1284 925 1316 ab.

261 1332 333 1364 Ast.
360 1328 413 1375 pr.
447 1327 651 1363 κεκλάσθαι
676 1330 754 1363 Par.
779 1332 819 1362 A.
848 1331 926 1363 Vat.

262 1377 306 1410 H.
327 1380 469 1419 fractae
495 1376 565 1409 Fic.
614 1376 694 1409 Non
726 1376 850 1408 desunt
873 1375 928 1408 in-

262 1423 454 1467 terpolatae
487 1421 748 1477 praepositionis
774 1421 928 1475 exempla

263 1470 324 1513 (cf.
353 1468 391 1502 L.
413 1469 452 1502 V.
478 1480 510 1512 p.
530 1468 608 1503 460.
629 1469 670 1501 C.
696 1464 886 1501 ἐκτιθέναι
910 1479 930 1500 e

262 1511 413 1549 τιθέναι
437 1515 648 1558 corruptum)
671 1526 736 1547 nec
767 1513 929 1558 simplicis

263 1560 470 1605 significatio
514 1561 666 1593 deterior
703 1564 779 1602 est,
828 1571 929 1604 quam

263 1607 462 1651 compositi·
505 1611 640 1647 tamen,
670 1617 774 1650 quum
797 1602 929 1651 ἐκκλᾷν

262 1664 459 1698 perrarum,
500 1652 592 1696 κλᾷν
623 1663 687 1685 ιι5ιι
719 1651 837 1685 tritum
872 1641 930 1692 sit,

265 1700 406 1733 duorum
431 1697 584 1731 codicum
614 1697 730 1741 gratia
754 1698 929 1742 vulgatum

263 1751 398 1779 mutare
422 1744 541 1777 durum
567 1744 712 1778 videtur.

311 1798 483 1845 παντως]
516 1798 644 1835 πάντα
685 1801 764 1835 Par.
789 1801 834 1834 Κ.
861 1812 930 1835 sec.

265 1848 374 1882 Bekk.

314 1889 426 1935 ἄλλα]
473 1888 565 1925 ἀλλὰ
610 1892 691 1925 Bas.
724 1892 758 1926 b.
805 1888 931 1932 ἄλλοις

266 1940 366 1976 Vind.
390 1939 431 1971 Ε.

312 1992 629 2039 προσπεφυκέναι]
651 1992 933 2038 συμπεφυκέναι

267 2043 463 2077 Athenaeus
492 2041 532 2075 L.
562 2040 626 2074 III.
664 2053 696 2085 p.
728 2043 784 2075 92.
816 2041 857 2075 F.
895 2040 932 2073 in

269 2087 501 2133 disputatione
547 2087 589 2120 de
630 2086 754 2120 ostreis
795 2087 859 2120 hoc
898 2092 934 2119 et

269 2139 416 2187 quatuor
440 2132 620 2178 sequentia
643 2132 808 2166 vocabula
832 2137 870 2166 ut
895 2129 934 2166 ἐν

270 2181 320 2227 τῷ
345 2180 413 2224 τῆς
438 2179 633 2218 Πολιτείας
657 2176 798 2226 δεκατῳ
822 2178 936 2224 posita

271 2237 546 2261 commemorans.

319 2280 475 2337 ὄστρεά]
522 2282 577 2316 Ita
608 2282 704 2317 Mon.
739 2293 760 2316 a
802 2293 845 2315 m.
882 2292 935 2326 pr.

275 2326 423 2371 ὄστρειά
451 2329 539 2362 idem
565 2340 584 2361 a
609 2340 651 2362 m.
676 2340 704 2361 s.
734 2334 789 2369 et,
822 2333 860 2361 ut
884 2327 935 2361 vi—

274 2376 385 2416 detur,
409 2376 622 2414 Athenaeus
644 2374 731 2428 ,qui‚
756 2379 936 2419 postquam

273 2402 449 2455 veteribus
481 2425 611 2453 tantum
638 2415 789 2463 ὄστρεια
812 2420 846 2453 in
872 2431 936 2453 usu

275 2468 382 2502 fuisse
417 2466 549 2499 Cratini
586 2472 621 2500 et
642 2466 845 2520 Epicharmi
874 2477 937 2499 au-

276 2514 440 2548 ctoritate
472 2512 605 2555 docuit,
638 2508 790 2556 ὄστρεον
813 2517 936 2553 tamen,

277 2563 316 2593 ut
333 2555 477 2603 ὄρνεον,
490 2557 687 2591 Platonem
679 2570 712 2592 ιιι
725 2558 879 2592 Phaedro
901 2563 936 2591 et

246 2612 249 2617 '
277 2606 440 2646 Timaeo,
459 2605 511 2648 (p
532 2606 611 2638 250.
635 2604 675 2637 C.
701 2608 735 2638 et
759 2616 793 2649 p.
818 2606 874 2639 92.
897 2605 936 2637 Β.

275 2652 397 2706 quibus
407 2650 490 2684 locis
501 2649 574 2682 sine
593 2650 761 2683 varietate
783 2647 937 2693 ὀστρέου

279 2702 315 2730 et
350 2693 513 2740 ὀστρέων
546 2696 699 2750 legitur)
732 2696 768 2729 in
808 2696 937 2729 decimo

279 2743 440 2778 Civitatis
486 2753 567 2777 vero
615 2737 765 2786 ὄστρεια
809 2742 938 2776 dixisse

980 904 1027 938 ait
1069 903 1211 949 eiusque
1249 903 1299 937 rei
1345 903 1448 937 fidem
1489 903 1644 936 facturus

980 951 1063 983 haec
1088 950 1163 994 ipsa
1187 951 1293 983 verba
1319 950 1468 994 quinque
1493 947 1644 993 apponit,

979 997 1014 1029 in
1065 997 1189 1050 quibus
1241 1007 1343 1051 qoun
1397 996 1505 1029 codex
1560 995 1644 1027 Ven.

981 1038 1112 1084 ὅστριοὲ
1132 1053 1183 1084 τε,
1203 1042 1276 1077 Pal.
1304 1037 1455 1085 ὄστρειά
1472 1052 1523 1083 τε,
1548 1040 1644 1073 Flor.

983 1085 1144 1130 ὀστρείσι
1171 1099 1228 1129 τε,
1266 1088 1432 1122 editiones
1461 1099 1543 1120 vero
1569 1085 1644 1119 Ald.

981 1139 1017 1168 et
1043 1134 1191 1167 Cas-auh.
1226 1130 1360 1176 ὄστρεά
1389 1145 1428 1167 τε
1453 1133 1647 1173 exhibeant,

981 1180 1179 1214 DIndorfius
1202 1179 1403 1221 Palatinum,
1422 1190 1566 1224 quocum
1576 1179 1648 1212 Ve-

981 1230 1080 1259 netus
1118 1237 1154 1258 re
1185 1226 1260 1269 ipsa
1285 1225 1475 1266 consentit,
1509 1227 1647 1258 secutus

982 1273 1016 1305 in
1065 1271 1172 1316 ipsius
1215 1271 1382 1305 Athenaei
1424 1270 1539 1304 verbis
1584 1281 1647 1314 pro

984 1313 1131 1359 ὄστρεα,
1153 1317 1242 1361 quod
1267 1317 1300 1350 in
1325 1317 1496 1350 codicibus
1521 1321 1556 1349 et
1575 1316 1649 1350 edi-

983 1363 1133 1396 tionibus
1158 1367 1243 1403 erat,
1261 1363 1432 1407 probabili
1450 1363 1648 1396 coniectura

986 1407 1135 1453 ὄστρεια
1168 1409 1315 1453 scripsit.
1366 1410 1456 1442 Nam
1485 1405 1647 1452 ὅστριον,

986 1468 1073 1500 quae
1098 1459 1259 1499 tanquam
1282 1454 1388 1489 tertia
1411 1456 1520 1489 forma
1544 1455 1649 1488 Athe-

987 1513 1071 1534 naeo
1096 1506 1281 1534 memorata
1315 1502 1358 1534 ab
1394 1512 1503 1546 eoque
1531 1505 1650 1535 nostro

986 1548 1020 1580 in
1045 1548 1118 1580 loco
1142 1547 1280 1580 inventa
1299 1547 1410 1580 videri
1433 1547 1554 1591 possit,
1572 1545 1649 1582 usui

987 1598 1022 1627 et
1060 1593 1237 1636 analogiae
1271 1599 1441 1638 repugnat
1473 1597 1508 1626 et
1541 1591 1651 1627 sicubi

986 1639 1147 1682 sciiptum
1173 1643 1245 1679 est,
1269 1645 1309 1672 ut
1335 1640 1478 1684 Cratp
1458 1651 1489 1684 p.
1509 1638 1587 1674 424.
1604 1639 1649 1672 D.

986 1686 1019 1718 in
1044 1686 1124 1719 Bas.
1149 1686 1180 1719 b.
1215 1689 1250 1718 et
1284 1686 1319 1719 in
1343 1685 1511 1730 Apollonii
1538 1685 1649 1719 lexico

987 1732 1077 1786 apud
1102 1731 1254 1764 Bastium
1275 1731 1317 1764 ad
1343 1733 1493 1776 Gregor.
1519 1743 1552 1776 p.
1568 1732 1650 1766 343.

987 1774 1156 1819 ὄστρειον
1180 1777 1360 1820 legendum
1388 1790 1464 1812 esse
1486 1777 1654 1812 Moeridis

987 1823 1102 1867 glossa
1135 1823 1234 1856 docet
1259 1823 1379 1857 Bastio
1414 1824 1450 1857 in
1481 1825 1652 1858 addendis

987 1868 1029 1902 ad
1056 1870 1164 1912 Greg
1192 1881 1224 1913 p.
1249 1871 1326 1904 892.
1359 1875 1448 1903 teste
1474 1870 1507 1903 in
1533 1870 1652 1904 codice

988 1915 1013 1948 S
1038 1916 1155 1947 Genu.
1171 1916 1249 1950 345.
1260 1916 1308 1949 ita
1324 1922 1485 1950 exarata·
1506 1912 1650 1959 ὅστρια,

989 1958 1071 1994 διὰ
1097 1960 1183 1994 τοῦ
1211 1964 1228 1994 ι“
1251 1962 1458 2005 μακροῦ,
1481 1958 1651 1995 Ἀττικοί·

990 2017 1144 2062 οστρεα,
1181 2002 1362 2050 Έλληνες.
1434 2010 1549 2052 Atque
1586 2007 1652 2041 hoc

991 2048 1170 2095 ὄστρειον,
1197 2054 1286 2097 quod
1310 2065 1415 2087 secun
1437 2065 1492 2087 um
1519 2053 1653 2087 Moerin

990 2105 1026 2131 et
1049 2099 1215 2132 'lhomam
1248 2104 1283 2132 et
1306 2099 1462 2133 Photium
1493 2096 1651 2133 Ἀττικιό-

990 2155 1098 2187 τερον
1121 2150 1186 2184 est,
1214 2145 1346 2189 Clatyli
1370 2146 1391 2179 l.
1409 2158 1437 2179 c.
1451 2145 1652 2180 Heindorfio

991 2201 1033 2223 ex
1056 2190 1228 2234 scriptura
1253 2191 1331 2224 Bas.
1348 2193 1380 2225 b.
1406 2192 1528 2236 refingi
1552 2203 1653 2236 posse

992 2236 1093 2269 etiam
1125 2240 1309 2281 propterea
1333 2238 1535 2279 videbatur,
1560 2237 1652 2282 quod

992 2282 1186 2315 Athenaeus
1222 2289 1338 2316 cetera
1376 2285 1468 2318 vocis
1500 2285 1599 2318 huius
1633 2295 1653 2316 e

992 2329 1137 2361 Platone
1171 2328 1325 2372 exempla
1359 2331 1537 2373 proferens
1563 2330 1653 2363 Cra-

992 2374 1054 2417 tyli
1078 2374 1187 2406 locum
1205 2375 1499 2418 praetermisisset.
1533 2375 1578 2408 Ei
1595 2378 1654 2409 ιιι-ἑ

992 2425 1152 2464 gumento
1187 2431 1275 2453 nunc
1317 2421 1398 2454 nihil
1436 2421 1653 2454 tribuendum

993 2478 1068 2499 esse
1082 2470 1239 2510 apparet,
1260 2478 1369 2510 neque
1380 2467 1513 2500 codices
1524 2467 1570 2500 ibi
1593 2471 1654 2500 aut

994 2512 1047 2545 hic
1079 2512 1239 2555 vulgatae
1271 2512 1462 2557 scripturae
1495 2512 1655 2547 mutatio-

993 2569 1068 2591 nem
1102 2558 1314 2602 permittunt.
1369 2559 1523 2592 Eandem
1555 2570 1656 2592 secu-

994 2607 1049 2637 tus
1073 2610 1126 2636 est
1150 2604 1290 2637 Proclus
1323 2604 1356 2637 in
1379 2605 1488 2639 Aleib.
1522 2605 1565 2638 T.
1591 2605 1654 2640 111.

995 2661 1028 2695 p.
1054 2650 1114 2684 76:
1143 2650 1202 2683 δεῖ
1231 2650 1360 2684 τοίνυν
1383 2649 1452 2705 τὴν
1479 2649 1654 2684 ἐντεῦθεν

991 2694 1200 2738 μέλλουσαν
1217 2697 1284 2750 (sc.
1285 2703 1372 2749 ψυχ
1375 2694 1440 2741 ὴν)
1460 2692 1653 2750 ὀρθῶς-ἐπ’

994 2738 1136 2786 ἐκείνην
1168 2739 1238 2786 τὴν
1268 2737 1460 2788 α’γρυπνον
1482 2739 1654 2787 περιάγε-
