1764 3176
220 105 285 135 xx
657 85 1183 131 PRAEFATIO

220 214 241 236 a
272 212 353 236 vero
384 201 527 237 distant.
583 201 724 235 Scilicet
753 203 964 246 significatur
989 213 1149 238 numerus
1171 201 1329 236 minimus
1355 201 1542 246 productus
1562 213 1605 236 ex

219 259 294 293 aliis
314 259 463 292 numeris
481 269 541 301 per
561 258 772 292 incrementa
795 259 853 293 illa
870 260 1024 305 effectis,
1056 260 1112 303 qui
1134 258 1266 292 numeri
1293 259 1341 291 ita
1362 259 1489 293 debent
1509 270 1604 293 com-

221 316 332 358 parati
351 326 448 359 esse,
483 319 520 347 ut
539 315 645 348 tribus
674 316 859 349 intervallis
879 321 914 350 et
944 322 1090 360 quatuor
1110 315 1263 348 terminis
1289 315 1489 357 quibusdam
1511 315 1605 359 posi—

221 372 264 404 tis
282 372 395 405 omnia
429 371 692 414 appellationem
713 373 855 406 eandem
873 374 1043 416 accipiant
1059 377 1093 406 et
1116 372 1264 405 effabilia
1285 372 1383 409 fiant.
1441 372 1511 405 Sed
1535 372 1606 415 pri-

220 438 311 461 mum
332 427 479 461 omnium
502 428 746 462 declarandum
768 433 843 470 est,
872 440 960 472 quae
995 430 1051 462 illa
1081 430 1293 462 incrementa
1320 429 1400 461 sint.
1431 422 1607 471 αὐξήσεις

220 485 379 518 dicuntur
408 481 616 526 δυνάμεναί
639 496 676 517 τε
698 482 759 517 καὶ
787 480 1115 526 δυναστευόμεναι.
1145 479 1321 526 αὐξήσεις
1339 488 1452 518 autem
1471 488 1607 518 constat

220 540 288 574 dici
305 541 517 574 incrementa
537 552 596 582 ea,
627 541 748 583 quibus
771 552 931 575 numerus
957 542 1077 584 aliquis
1112 551 1173 584 per
1188 544 1297 573 semet
1317 541 1426 584 ipsum
1445 541 1607 584 multipli-

220 601 319 630 catus
346 601 503 639 augetur.
563 597 674 631 Porro
706 594 897 630 δύνασθαι
922 599 1089 640 significat
1117 598 1204 639 vim,
1242 607 1309 639 qua
1346 597 1523 640 praeditus
1555 600 1608 630 est

221 664 382 687 numerus
409 654 459 686 vel
485 653 574 686 linea
602 653 647 686 ad
664 654 868 697 quadratum
898 665 939 687 ex
959 665 1036 687 sese
1070 654 1348 697 producendum;
1380 658 1418 687 ut
1442 647 1511 687 δύο
1544 647 1607 686 δύ-

221 721 333 744 ναται
350 705 527 751 τέτταρα,
557 708 691 748 δίπους
725 705 883 743 δύναται
908 707 1132 753 τετράπουν.
1165 705 1460 743 δυναστεὺεσθαι
1479 714 1608 751 autem,

221 767 316 800 cuius
354 766 446 799 verbi
482 766 515 798 in
545 766 793 800 mathematicis
829 768 1021 810 exemplum
1057 767 1148 800 aliud
1181 767 1330 810 reperire
1359 778 1427 800 non
1458 767 1608 808 memini,

220 834 323 867 quum
340 821 430 855 haud
449 822 550 855 dubie
569 824 762 866 oppositum
791 824 834 856 sit
855 825 966 857 activo
991 819 1200 864 δύνασθαι,
1228 824 1420 866 oppositam
1438 825 1609 857 rationem

219 880 388 923 significet
424 889 566 912 necesse
597 884 667 921 est,
707 891 774 922 qua
802 881 947 924 exempli
978 881 1090 923 gratia
1119 880 1374 923 quadrupedale
1404 880 1608 923 quadratum

221 936 421 980 productum
440 946 459 968 a
480 935 569 968 linea
598 936 747 979 bipedali
768 936 840 970 eius
863 937 957 980 quasi
984 937 1126 980 imperio
1147 942 1182 970 et
1203 936 1392 970 dominatui
1416 937 1609 970 subiectum

220 993 277 1025 sit.
335 993 455 1034 Itaque
485 985 640 1034 αὔξησις
659 988 846 1036 δυναμένη
869 1004 907 1026 τε
929 990 992 1026 καὶ
1011 990 1311 1036 δυναστευομένη
1331 994 1465 1026 brevius
1484 994 1609 1027 dicitur

217 1049 465 1082 incrementum
495 1059 556 1092 per
578 1049 892 1093 multiplicationem
916 1050 1042 1084 radicis
1073 1060 1133 1083 seu
1164 1050 1281 1083 lateris
1301 1054 1336 1083 et
1355 1049 1514 1092 quadrati
1532 1060 1608 1083 mu-

218 1109 312 1138 tuam
340 1104 481 1138 factum.
540 1107 654 1141 Quum
681 1117 762 1139 vero
790 1107 881 1140 actio
912 1108 985 1149 ipsa
1007 1107 1172 1150 augendi,
1203 1117 1291 1149 quae
1319 1107 1456 1150 proprie
1484 1107 1609 1139 dicitur

219 1155 394 1204 αὔξησις,
424 1172 534 1204 neque
564 1163 742 1195 intervalla
762 1173 873 1206 neque
898 1164 1060 1197 terminos
1089 1164 1248 1206 accipere
1269 1164 1398 1206 possit,
1429 1174 1517 1206 quae
1538 1173 1607 1196 non

218 1223 298 1252 sunt
318 1219 381 1252 nisi
404 1229 619 1251 numerorum
639 1219 689 1251 vel
709 1220 997 1262 magnitudinum,
1032 1220 1096 1253 hoc
1125 1222 1202 1252 loco
1233 1229 1391 1253 numeros
1425 1231 1487 1262 per
1517 1220 1608 1253 eius-

220 1275 312 1309 modi
344 1267 517 1318 αὐξήσεις
545 1276 688 1308 effectos
719 1270 890 1319 αὐξήσεις
925 1277 1102 1310 obscurius
1128 1277 1194 1309 dici
1222 1277 1440 1318 intelligitur:
1471 1276 1493 1308 ii
1527 1287 1607 1309 vero

219 1331 297 1364 cubi
321 1336 414 1366 sunt.
475 1331 704 1365 confirmatur
731 1332 817 1366 haec
835 1334 1016 1376 explicatio
1040 1334 1097 1375 iis,
1129 1344 1218 1376 quae
1242 1333 1365 1366 deinde
1393 1333 1519 1366 effecta
1546 1343 1608 1376 per

216 1388 293 1421 illas
309 1381 480 1431 αὐξήσεις
500 1388 681 1434 dicuutur,
716 1393 753 1422 ut
786 1394 931 1432 quatuor
950 1390 1104 1423 terminis
1121 1391 1239 1433 positis
1259 1390 1372 1423 omnia
1393 1383 1609 1433 προσήγορα

218 1441 283 1477 καὶ
302 1439 397 1487 ῥητοὶ
419 1439 511 1486 πρὸς
533 1439 672 1487 ἄλληλα
694 1450 882 1489 praestent,
912 1447 1003 1489 quod
1023 1447 1067 1480 ad
1087 1447 1225 1480 eosdem
1256 1447 1362 1479 cubos
1383 1446 1488 1479 ducit.
1515 1455 1607 1489 προ-

219 1496 362 1544 σήγορα
388 1502 476 1534 enim
508 1496 603 1543 πρὸς
628 1496 765 1544 ἄλληλα
794 1504 827 1536 in
852 1504 1000 1536 numeris
1026 1508 1124 1545 sunt,
1156 1504 1276 1546 quibus
1306 1503 1396 1536 inter
1413 1503 1487 1546 ipsa
1511 1513 1607 1536 com-

218 1559 348 1601 paratis
374 1558 493 1591 eadem
512 1559 670 1592 convenit
690 1560 894 1602 appellatio,
925 1561 1016 1593 velut
1039 1571 1140 1603 quum
1174 1564 1321 1603 quatuor
1339 1559 1501 1603 deinceps
1527 1570 1608 1602 pro-

219 1615 322 1657 positi
339 1618 418 1647 sunt
439 1615 570 1648 numeri
586 1615 753 1648 rationem
772 1616 1030 1658 sesquialteram
1050 1616 1225 1658 habentes,
1244 1615 1330 1649 haec
1348 1616 1421 1659 ipsa
1439 1610 1609 1658 ἡμιολίου

219 1671 402 1714 appellatio
431 1672 591 1704 convenit
619 1672 785 1706 omnibus.
816 1667 911 1714 ῥητὰ
931 1678 1046 1706 autem
1073 1684 1133 1707 seu
1159 1674 1308 1706 effabilia
1339 1683 1379 1706 ea
1400 1676 1490 1714 sunt,
1521 1682 1610 1715 quae

220 1727 287 1760 dici
307 1731 340 1760 et
358 1727 569 1769 pronuntiari
589 1732 752 1770 possunt3
785 1732 822 1761 ut
837 1730 1098 1772 sesquialterum
1119 1730 1330 1772 quaternarii
1348 1729 1521 1774 senarius,
1552 1739 1610 1762 se-

220 1784 308 1818 narii
327 1785 547 1826 novenarius,
580 1785 754 1817 novenarii
782 1789 898 1818 autem
920 1796 987 1818 non
1007 1786 1089 1819 item
1109 1786 1175 1819 dici
1189 1810 1200 1829 ,
1231 1796 1436 1828 quamquam
1454 1789 1489 1819 et
1513 1785 1610 1828 cogi-

222 1840 289 1873 tari
309 1844 343 1873 et
363 1840 471 1873 oculis
490 1841 642 1883 conspici
660 1845 775 1884 potest
805 1842 1075 1884 sesquialterum.
1133 1842 1254 1884 Itaque
1274 1840 1307 1884 4,
1337 1842 1370 1882 6,
1401 1842 1434 1883 9,
1467 1845 1502 1874 et
1519 1852 1609 1883 προ-

221 1891 362 1940 σήγορα
384 1901 463 1930 sunt
483 1902 518 1930 et
533 1891 627 1938 ῥητοὶ
646 1891 741 1937 πρὸς
762 1892 921 1939 ἄλληλα,
950 1904 1106 1940 quartum
1132 1899 1334 1941 terminum,
1366 1898 1422 1940 qui
1447 1897 1537 1931 idem
1564 1899 1611 1931 sit

221 1947 454 1995 προσήγορος
488 1958 522 1987 et
549 1947 660 1994 ῥητὸς
678 1947 772 1993 πρὸς
796 1947 915 1996 αὐτοὶ,
946 1965 1013 1988 non
1033 1955 1210 1998 recipiunt,
1267 1956 1338 1988 Iam
1359 1953 1535 1988 theorema
1557 1958 1610 1988 est

222 2009 375 2043 Euclidis
402 2009 478 2042 Lib.
508 2009 602 2044 VllI.
634 2010 697 2043 12:
728 2005 797 2042 δύο
833 2005 956 2055 κύβων
987 2006 1162 2054 ἀριθμῶν
1193 2006 1263 2044 δύο
1296 2008 1402 2052 μέσοι
1424 2005 1608 2053 ἀνάλογόν

223 2063 317 2099 εἰσιν
341 2060 509 2108 ἀριθμοί.
571 2067 718 2102 Quando
741 2067 846 2110 igitur
860 2068 1012 2101 iubemur
1031 2078 1189 2101 numeros
1208 2079 1357 2112 ponere,
1389 2068 1446 2111 qui
1463 2071 1609 2111 quatuor

221 2122 256 2156 in
274 2123 425 2155 terminis
446 2123 559 2156 omnia
587 2119 804 2166 προσήγορα
824 2121 885 2156 καὶ
910 2120 1004 2166 ῥητὰ
1030 2120 1124 2167 πρὸς
1144 2118 1283 2167 ἄλληλα
1302 2125 1472 2166 efficiant,
1502 2125 1608 2158 cubos

223 2179 251 2212 si
272 2179 496 2222 posuerimus,
529 2180 647 2223 procul
665 2180 766 2213 dubio
787 2181 859 2213 fieri
880 2181 1005 2214 iussum
1026 2182 1161 2224 poterit.
1221 2182 1320 2225 Quae
1339 2192 1440 2224 quum
1460 2181 1508 2214 ita
1530 2181 1609 2222 sint,

224 2245 326 2279 porro
355 2235 555 2279 videndum,
587 2241 670 2279 quot
689 2241 723 2270 et
747 2247 831 2280 quos
851 2238 955 2271 cubos
983 2249 1167 2281 ponamus;
1197 2239 1288 2281 quod
1307 2243 1488 2281 utrumque
1510 2248 1610 2271 mon·-

223 2295 336 2325 strant
362 2293 465 2325 verba
490 2288 528 2325 ἐν
556 2285 583 2338 ᾧ
612 2288 757 2340 πρώτῳ.
817 2294 906 2327 Nam
929 2305 1110 2337 numerus,
1139 2296 1171 2328 in
1203 2306 1270 2337 quo
1299 2296 1406 2337 primo
1433 2295 1509 2328 cubi
1529 2295 1608 2335 siut,

224 2346 315 2381 haud
339 2347 440 2381 dubie
460 2349 487 2382 is
511 2354 585 2391 est,
614 2350 649 2383 in
672 2360 738 2393 quo
760 2350 827 2383 duo
848 2351 974 2384 minimi
1001 2356 1092 2386 sunt.
1150 2351 1222 2384 Sed
1242 2352 1332 2385 aliud
1350 2356 1530 2394 praeterea
1551 2361 1609 2384 re-

223 2405 367 2447 quiritur
384 2403 468 2448 hoc,
494 2410 532 2438 ut
554 2405 766 2450 interpositis
798 2407 887 2441 inter
908 2409 1013 2441 cubos
1031 2410 1114 2441 istos
1139 2419 1200 2451 pro
1223 2419 1290 2441 una
1311 2408 1420 2441 tribus
1439 2408 1609 2441 distantiis

223 2471 284 2495 seu
301 2462 482 2495 intervallis
502 2454 853 2506 (ἀποκαταστάσεις,
884 2465 977 2507 quod
995 2470 1075 2498 aute
1092 2465 1285 2498 Bekkerum
1304 2465 1401 2506 vulgo
1418 2465 1610 2507 legebatur,

224 2517 328 2551 etiam
351 2518 425 2551 sine
451 2518 606 2552 codicum
631 2520 838 2553 auctoritate
877 2522 1115 2564 corrigendum
1143 2521 1235 2565 erat)
1264 2526 1411 2564 quatuor
1443 2521 1611 2555 exsistant

224 2575 361 2608 termini
378 2567 609 2612 ὁμοιούντων
628 2586 667 2609 τε
685 2574 746 2609 καὶ
771 2570 1055 2618 ἀνομοιούντων
1070 2577 1132 2610 καὶ
1152 2572 1344 2618 αὐξόντων
1361 2575 1423 2610 καὶ
1448 2571 1610 2618 φθινόν-

223 2641 310 2664 των.
368 2630 523 2674 Quorum
548 2632 726 2666 verborum
757 2634 1040 2676 significationem
1066 2635 1229 2668 Barocius
1254 2633 1439 2668 secundum
1459 2634 1609 2667 Fabrum

223 2687 399 2730 exposuit,
431 2698 531 2730 quam
559 2689 672 2722 multis
700 2690 848 2733 probare
873 2701 941 2724 non
963 2701 1049 2734 opus
1081 2696 1151 2732 est,
1181 2702 1284 2734 quum
1302 2691 1385 2724 satis
1404 2695 1533 2724 certum
1563 2690 1609 2723 sit

222 2735 378 2786 ὁμοίους
395 2754 552 2779 numeros
572 2755 665 2789 esse,
696 2756 839 2790 quorum
863 2747 973 2781 latera
999 2749 1033 2782 in
1051 2748 1173 2782 eadem
1200 2749 1335 2782 ratione
1352 2751 1453 2790 suut,
1483 2751 1522 2781 ut
1540 2756 1607 2790 quo
