1764 3176
595 154 685 203 Pag.
718 154 797 195 252
810 172 857 181 -
874 155 969 195 271.
1479 153 1534 193 53

305 269 414 306 σθαι.
451 267 561 314 atque
591 264 661 301 hae
690 263 874 315 (species)
906 277 1020 302 omnes
1057 266 1112 301 ita
1139 277 1280 315 parvae
1308 265 1533 315 cogitandae

302 325 414 368 sant,
460 324 500 357 ut
538 333 630 369 qnae
669 321 838 370 singulae
881 322 919 356 in
957 322 1114 370 singulis
1152 322 1346 370 generibus
1382 325 1532 371 propter

236 385 239 387 “
299 378 522 427 parvitatem
551 376 672 412 nullae
702 380 905 413 cernantur
940 390 963 413 a
993 378 1118 425 nobis,
1157 379 1380 413 coacervatis
1412 381 1533 414 <uitem

301 433 423 469 mimis
448 432 550 468 moles
572 444 695 468 earam
721 436 937 473 cernantur,
996 433 1035 468 ln
1059 432 1192 481 quibus
1215 433 1415 470 accusativi
1445 431 1533 471 ἕκα-

299 501 391 528 στον
423 483 542 526 οὐδὲν
572 484 775 537 ὁρώμενον
806 500 850 524 ex
878 486 930 534 ὥς
959 488 1141 538 particula
1177 489 1443 539 comparativa,
1474 489 1535 525 in-

301 543 464 581 finitivus
493 541 669 594 ὁρᾶσθαι
689 555 771 580 cum
793 545 1003 581 accusativo
1031 540 1122 590 τούς
1154 540 1298 595 ὄγκους
1329 557 1372 581 ex
1401 545 1533 581 eadem

299 600 337 636 in
368 598 665 635 coniunctionem
695 603 837 636 mutata
874 604 910 635 et
949 601 1258 648 consequentiam
1299 600 1533 648 significante

299 655 480 705 pendent.
538 654 757 704 Comparari
787 655 845 692 his
876 655 960 692 talia
984 660 1169 705 possunt,
1198 655 1307 705 quale
1339 655 1533 723 Thucydi-

299 712 400 747 dium
437 714 494 747 est
523 708 571 751 L
603 709 689 747 Le
722 708 794 750 25:
837 706 897 749 ότι
928 706 1063 749 αὐτῶν
1100 710 1377 762 παρημέλουν,
1420 709 1533 758 ὄντες

299 764 484 805 α’ποικον
516 763 607 805 οὕτε
632 782 706 818 γαρ
739 765 781 805 ἐν
815 764 1067 819 πανηγύρεσι
1097 770 1184 813 ταῖς
1213 771 1369 814 κοιναῖς
1399 763 1532 807 ὃιὸόν-

295 836 358 869 τες
386 821 482 886 γέρα
506 818 554 860 τὰ
591 818 850 885 νομιζόμενα
863 820 953 861 οὕτε
994 823 1217 892 Κορινθίῳ
1237 819 1355 893 ἀνδρὶ
1383 838 1532 873 προκα-

295 874 531 930 ταρχόμενοι
559 880 638 916 τῶν
666 878 783 929 ἱερῶν
814 871 947 930 ω’σπερ
980 878 1024 917 αἱ
1051 876 1165 917 ἄλλαι
1191 874 1397 927 ἀποικίαι,
1422 894 1532 931 περι-

297 936 544 986 φρονοῦντες
575 932 617 973 δὲ
647 930 794 981 αὐτους
826 933 902 973 κτὲ.
946 935 1007 971 ubi
1036 935 1319 985 participiorum
1358 932 1533 981 διδόντες

297 995 336 1027 et
364 990 598 1039 sequentium
634 990 730 1027 ratio
771 992 1012 1038 grammatica
1055 991 1185 1028 eadem
1221 996 1333 1040 atque
1373 1004 1532 1041 praece-

296 1047 420 1083 dentis
451 1042 562 1092 ὄντες
591 1050 629 1082 et
659 1042 734 1098 γάρ
764 1047 863 1083 idem
896 1051 976 1093 est,
1007 1047 1108 1095 quod
1141 1061 1183 1098 γε
1211 1044 1308 1098 ἄρα,
1346 1047 1457 1096 plane
1490 1050 1532 1083 ut

294 1103 395 1152 apud
415 1102 610 1138 Platonem
639 1102 752 1152 paulo
781 1114 893 1171 supra
923 1102 1019 1138 hunc
1059 1102 1181 1139 locum
1210 1117 1248 1153 p.
1278 1103 1373 1143 518.
1404 1103 1458 1140 D:
1489 1102 1534 1141 αἱ

297 1156 369 1209 μὲν
397 1158 535 1197 τοίνυν
566 1154 680 1196 ἅλλαι
709 1153 843 1209 οἷρεταὶ
879 1153 1122 1209 καλούμεναι
1153 1160 1290 1209 ψυχῆς
1317 1154 1529 1197 κινδυνεύ-

297 1225 413 1254 ουσιν
448 1209 563 1265 ἐγγύς
599 1228 634 1252 τι
663 1209 765 1252 εἶναι
794 1228 873 1252 των
909 1216 981 1253 τοῦ
1012 1210 1206 1264 σώματος·
1245 1216 1300 1267 τῷ
1335 1209 1426 1254 ὅντε
1456 1229 1530 1283 γαρ

298 1266 370 1309 οὐκ
392 1269 555 1309 ἐνοῦσαι
577 1265 768 1320 πρότερον
790 1266 955 1319 ὕστερον
980 1268 1236 1320 ἐμποιεῖσθαι
1266 1255 1378 1309 έθεσί
1396 1285 1435 1309 τε
1464 1269 1532 1309 καὶ

295 1321 524 1375 ασκήσεσιν.
583 1325 702 1362 Aliter
730 1338 822 1362 vero
854 1326 1094 1375 explicandus
1124 1330 1183 1363 est
1207 1325 1396 1363 Herodoti
1426 1326 1530 1363 locus

296 1395 319 1418 a
348 1381 592 1428 Bernhardy-0
624 1394 706 1418 cum
731 1380 926 1418 Platonico
957 1386 1088 1418 nostro
1124 1383 1355 1432 compositus
1383 1380 1431 1419 L.
1461 1382 1530 1418 ΙΙΙ.

297 1451 329 1474 c.
363 1435 436 1476 14:
484 1435 551 1475 καὶ
581 1439 727 1483 ταῦτα,
768 1435 820 1483 ὥς
854 1434 1139 1488 ἀπενειχθέντα
1168 1434 1250 1476 aino*
1281 1433 1448 1484 τούτου,
1485 1432 1531 1476 εὖ

296 1491 450 1533 δοκέειν
473 1504 542 1541 σφι
579 1493 778 1542 εἰρῆσθαι.
813 1497 922 1542 atque
955 1493 1066 1542 haec,
1096 1495 1190 1530 sicut
1221 1494 1342 1530 relata
1371 1497 1476 1529 erant
1506 1507 1530 1529 a

296 1551 448 1596 nuntio,
487 1549 661 1584 commode
691 1549 793 1584 dicta
820 1550 865 1584 iis
891 1561 961 1585 esse
987 1551 1080 1587 visa.
1140 1549 1195 1585 lbi
1221 1549 1268 1585 ad
1293 1549 1530 1598 participium

292 1609 418 1643 mente
455 1604 702 1642 adiiciendum
741 1608 799 1640 est
826 1599 906 1654 ἦν,
944 1605 1106 1654 scriptor
1136 1609 1260 1641 autem
1290 1604 1360 1641 hoc
1389 1605 1529 1654 potius,

293 1673 403 1710 quarn
432 1659 583 1696 verbum
610 1660 766 1706 finitum,
802 1664 1008 1709 propterea
1042 1661 1216 1710 posuisse
1246 1660 1530 1708 existimandus,

294 1729 368 1766 quo
395 1716 534 1752 certius
563 1713 615 1762 ὥς
643 1728 718 1752 non
746 1719 958 1765 postquam,
998 1717 1066 1752 sed
1103 1718 1198 1753 sicut
1230 1716 1444 1764 significare
1474 1717 1531 1752 in-

294 1771 540 1820 telligeretur.
616 1771 734 1807 Simili
778 1772 926 1808 ratione
970 1771 1212 1809 Hei-mannus
1266 1773 1314 1808 ad
1354 1770 1531 1819 Aeschyli

295 1828 428 1876 Agam.
468 1839 503 1867 v,
539 1824 637 1866 404.
685 1827 856 1863 codicum
903 1827 1128 1877 scripturam
1178 1827 1216 1866 εἴ
1255 1842 1314 1873 τις
1354 1823 1532 1865 ἀπιστῶν

294 1881 402 1936 αυτῷ
431 1881 600 1920 Platonis
639 1882 676 1919 in
704 1882 907 1919 Phaedone
946 1896 983 1933 p.
1019 1885 1086 1923 87.
1125 1883 1170 1924 B,
1212 1883 1414 1920 tenendam
1445 1895 1530 1919 esse

293 1940 436 1977 docuit.

236 1996 272 2044 b,
290 1996 316 2035 3
342 1999 432 2045 post
460 2008 530 2040 τας
560 1994 724 2030 inseras:
753 1992 838 2032 Par.
871 1992 912 2030 A.
949 1992 1024 2030 Dii.
1058 1995 1292 2045 eundemque
1334 1994 1532 2045 ξυγγενεῖς

294 2064 366 2102 pro
387 2051 559 2102 ξυγγενῆ
577 2049 834 2086 exhibentibus
855 2049 1091 2087 adnumeres.

20 2119 266 2168 Pag.268‚a‚
291 2116 317 2157 4
347 2117 393 2155 ad
418 2114 623 2167 λιχνείαις)
649 2117 789 2153 addas:
813 2115 998 2166 λειχνίαις
1028 2129 1051 2153 a
1081 2129 1129 2153 m.
1158 2128 1215 2165 pr.
1242 2114 1328 2152 Par.
1357 2116 1401 2152 A.
1428 2113 1502 2155 Dii.

237 2174 322 2223 b,7
351 2176 443 2223 post
471 2187 513 2223 γε
543 2173 706 2209 inseras:
741 2172 825 2214 Par,
859 2172 904 2211 A.
937 2171 1011 2211 Dii,

295 2230 320 2269 8
346 2232 435 2279 post
462 2227 553 2268 Par.
582 2227 630 2264 A.
660 2229 801 2265 addas.
832 2227 873 2278 (a
905 2240 953 2266 m.
983 2239 1058 2266 sec.
1078 2249 1125 2253 -
1153 2224 1195 2265 δὲ
1221 2241 1243 2265 a
1267 2239 1314 2264 m.
1343 2240 1402 2277 pr.
1436 2225 1533 2275 Dii.)

21 2307 112 2357 Pag
128 2306 272 2355 270‚b,
294 2306 347 2346 20
370 2305 507 2342 addas:
529 2304 590 2345 Cf,
618 2304 715 2354 Leg.
746 2305 793 2345 L.
820 2304 924 2343 VIH.
967 2318 1003 2354 p.
1032 2302 1126 2344 845.
1160 2304 1209 2340 B:
1249 2304 1310 2341 ubi
1340 2300 1461 2355 νόμος
1492 2308 1532 2341 et

293 2357 472 2407 κολάζειν
499 2366 538 2398 et
566 2359 814 2413 νουθετήσας
844 2376 910 2400 και
942 2355 1105 2407 διδαξας
1134 2355 1385 2411 οἷποπέμπειν
1416 2373 1533 2409 quos-

299 2418 385 2454 dam
409 2417 558 2456 dicitur.

22 2495 269 2545 Pag.271,b,
288 2495 387 2532 inter
419 2507 453 2530 v.
497 2494 550 2534 18
581 2498 618 2531 et
662 2496 713 2534 19
748 2494 911 2531 inseras:
955 2493 986 2530 B
1024 2490 1244 2544 μετέχουσι)
1272 2515 1329 2521 -
1350 2509 1371 2534 ο
1399 2516 1455 2520 —-
1495 2494 1531 2530 ln

296 2551 405 2588 litura
435 2549 519 2589 Par.
553 2549 597 2585 Α.
629 2549 700 2588 Dii.

298 2608 351 2646 10
373 2618 395 2643 a
424 2605 450 2641 f.
480 2606 619 2642 addas:
652 2605 711 2641 Cf.
739 2604 894 2642 Luciani
926 2604 1079 2641 Encom.
1104 2603 1298 2642 Demosth.
1329 2604 1378 2644 T.
1410 2604 1531 2641 Vllll.

327 2676 365 2711 p.
406 2662 498 2701 128.
534 2660 666 2697 Lehm.
705 2659 751 2700 τα“
787 2661 952 2713 τροφεῖα
989 2662 1061 2711 τῆς
1101 2657 1347 2707 παιδεύσεως
1394 2660 1531 2711 ἐκείνῳ

329 2717 464 2755 τίνων.

300 2773 325 2811 8
356 2772 432 2812 af.
462 2776 558 2834 post
579 2775 634 2825 τῷ
663 2773 829 2810 inseras:
867 2771 953 2814 Par
986 2770 1030 2813 A.
1063 2771 1137 2813 Dii
1174 2773 1259 2810 item
1293 2785 1329 2821 p.
1363 2772 1467 2816 272,
1494 2770 1533 2818 b,

335 2828 361 2866 3
391 2832 478 2878 post
508 2821 625 2868 ου’τω·
