1764 3176
664 129 754 178 Pag.
781 129 860 168 190
875 149 920 154 -
937 129 1027 169 213.
1540 125 1590 166 17

333 243 442 292 parat
487 252 568 278 cum
607 241 761 278 Sullano
803 241 960 278 Caesari
994 241 1121 278 multos
1159 239 1304 277 Marios
1343 242 1457 277 inesse
1497 239 1597 279 affir-

336 300 462 334 mante
493 298 650 334 Sueton.
680 297 746 335 Iul.
777 311 807 334 c.
845 300 880 336 1.

308 353 345 401 b,
374 357 463 403 post
493 351 573 406 α’ρα
603 354 767 391 inseras:
799 353 884 393 Par.
918 351 962 393 A.
993 352 1066 392 Dii.

365 410 390 448 3
422 416 510 459 post
537 409 659 460 ἐστιν)
690 411 857 447 inseras:
890 410 949 446 Ita
979 421 1000 445 a
1031 421 1078 446 m
1105 421 1161 458 pr.
1190 406 1276 445 Par.
1310 407 1354 448 A
1384 406 1457 445 Dii.

366 467 510 505 interv.
532 468 576 506 21
604 471 641 502 et
659 468 709 506 22
732 467 892 503 inseras:
926 459 1044 513 οὔθ’)
1076 465 1178 502 Inter
1197 476 1327 502 versus
1348 464 1434 501 Par.
1458 463 1503 501 A.
1523 463 1596 503 Dii.

90 521 184 570 Pag
195 521 287 567 206,
300 534 334 569 a,
370 522 422 561 10
451 534 473 557 a
504 522 528 559 Γ.
560 523 607 559 ad
637 526 760 559 nostro
791 523 927 559 addas:
954 525 1017 558 aut
1043 519 1136 570 Leg.
1169 520 1233 560 ΧΙ
1242 535 1303 588 n.p
1335 522 1429 561 919.
1455 520 1504 560 D.
1535 520 1596 557 ubi

337 578 373 614 in
402 577 507 614 libris
538 583 597 615 est
624 574 723 645 μήτε
753 575 956 643 κάπηλος
964 574 1065 616 ἓκων
1097 572 1194 627 μηδ’
1236 574 1346 616 ἄκων
1373 575 1512 639 μηδεὶς
1540 591 1598 628 γι-

334 632 491 685 γνέσθω
533 629 651 699 μηδ’
691 634 862 687 ε’μπορος
902 630 999 685 μήτε
1050 633 1258 672 διακονίαν
1308 629 1408 684 μηδ’
1452 625 1598 684 η’ντινα

332 689 581 741 κεκτημένος,
612 693 635 727 i.
659 704 690 729 e.
724 704 835 741 neque
867 703 983 740 caupo
1014 711 1067 717 —
1100 694 1131 725 et
1162 702 1207 725 ηε
1235 694 1416 726 mercator
1442 689 1596 739 quidem.

365 745 392 784 9
421 747 498 783 af
531 748 669 784 addas:
699 748 851 797 Sisy.ph
885 761 923 797 p.
957 746 1053 786 389.
1087 745 1142 782 C:
1148 741 1381 814 μοῖνθρωπῳ
1411 767 1467 773 —
1497 741 1597 795 μήτε

414 802 660 870 ἐπισταμένῳ
680 818 770 854 πεοι
790 804 986 854 μουσικῆς
1014 799 1113 851 μηδὲ
1143 816 1254 849 οπως
1283 798 1309 853 ἢ
1341 801 1598 852 κιθαριστέον

394 859 455 909 εἴη
485 855 593 913 αὐτῷ
620 859 649 910 ἢ
678 858 769 899 αλλο
799 875 834 898 τι
863 861 942 897 τῶν
969 855 1069 896 κατα
1099 854 1299 909 μουσικὴν
1325 857 1525 908 ποιητέον.

86 913 331 963 Pag.207‚a‚
365 916 416 954 17
447 917 586 953 addas:
614 916 817 953 Homerum
839 915 970 952 callide
997 919 1149 951 excusat
1167 914 1385 952 Macrobius
1411 915 1450 951 in
1468 915 1597 954 Somn.

332 971 434 1021 Scip.
470 972 554 1012 Lib.
585 973 610 1008 Ι.
638 972 731 1022 Cap.
762 974 800 1011 7.
828 985 912 1022 pag.
947 970 1011 1010 44.
1038 970 1163 1019 Lugd.
1194 971 1236 1011 Β.
1265 972 1379 1016 Quod
1411 971 1597 1008 Graefen-

336 1027 467 1065 hanins
503 1029 538 1065 in
571 1028 875 1065 Geschichte
913 1028 992 1063 der
1028 1027 1339 1064 klassischen
1370 1026 1599 1064 Philolo-

334 1085 411 1131 gie
437 1084 487 1124 T.
520 1084 547 1122 Ι.
577 1098 614 1134 p.
645 1086 740 1125 267.
768 1084 817 1122 N.
845 1086 882 1125 2.
911 1084 980 1119 hoc
1006 1083 1190 1119 somnium
1215 1085 1252 1120 in
1280 1087 1413 1120 nostro
1428 1083 1597 1120 Homero

337 1145 482 1177 exstare
519 1146 657 1188 negat,
706 1154 748 1177 ex
788 1153 853 1187 eo,
896 1140 996 1188 quod
1043 1139 1266 1176 Aristoteles
1311 1140 1474 1189 quodam
1514 1140 1598 1176 loco

337 1196 672 1246 verba.quaedam
713 1197 878 1233 indidem
923 1196 1033 1242 citat,
1074 1208 1170 1243 quae
1210 1196 1323 1233 hodie
1363 1209 1435 1232 non
1466 1209 1598 1246 super-

336 1257 444 1301 sunt,
476 1253 564 1289 nihil
595 1253 779 1289 eiusmodi
809 1252 932 1299 colligi
958 1251 1004 1287 ab
1035 1251 1185 1287 homine
1213 1264 1307 1288 sano
1335 1251 1514 1290 debebat.

370 1310 419 1348 18
446 1314 536 1358 post
568 1304 662 1347 οὐδὲ
693 1310 856 1345 inseras:
888 1307 974 1344 Par.
1003 1306 1048 1345 A.
1082 1306 1153 1343 Dii.

364 1365 461 1401 inter
501 1378 536 1403 v.
578 1366 629 1404 18
661 1369 698 1401 et
733 1366 784 1404 19
825 1365 993 1401 inseras:
1032 1359 1237 1413 Ἀπόλλω)
1274 1378 1373 1402 -ω
1414 1364 1451 1400 in
1492 1362 1600 1400 litura

395 1420 480 1458 Par.
513 1422 556 1457 A.
589 1419 663 1487 Dii.

368 1474 420 1515 19
449 1482 538 1527 post
578 1472 714 1522 αυτοῖς
743 1478 911 1514 inseras:
948 1475 1031 1511 Par.
1060 1474 1105 1513 A.
1139 1474 1209 1512 Dii.
1241 1480 1280 1512 ut
1305 1475 1467 1521 videtur,
1497 1487 1519 1511 a
1549 1487 1597 1511 m.

392 1545 448 1581 pr.
475 1535 564 1569 item
595 1532 647 1573 29
676 1537 765 1583 post
791 1532 1055 1572 ἐνδυτεῖσθαι.

309 1587 346 1634 b,
378 1589 404 1628 3
428 1602 497 1638 pro
526 1585 736 1636 εὐπαιδίας
765 1590 870 1638 legas
901 1582 1110 1633 ευπαιδίας

366 1644 419 1684 23
455 1650 542 1694 post
579 1660 618 1684 τε
651 1647 812 1683 inseras:
848 1645 934 1682 Par.
968 1644 1012 1680 A.
1050 1642 1123 1680 Dii.
1160 1644 1245 1679 item
1277 1656 1312 1692 p.
1343 1643 1446 1690 208,
1473 1655 1517 1689 a,
1545 1642 1598 1681 10

396 1705 484 1749 post
514 1700 590 1737 Ira.

91 1754 345 1804 Pflg.209‚b‚
380 1757 429 1796 13
468 1757 606 1794 addas:
657 1757 766 1794 Petiit
810 1757 897 1793 inde
944 1755 1203 1804 ἐπαναφορᾶς
1251 1767 1317 1790 seu
1366 1754 1598 1804 repetitionis

339 1813 548 1862 exemplum
586 1817 701 1863 poeta
738 1825 944 1860 anonymus
982 1812 1081 1860 apud
1112 1811 1318 1860 Sauppium
1347 1810 1418 1859 Ep.
1450 1810 1532 1850 crit.
1562 1823 1600 1859 p.

342 1869 438 1907 161:
489 1869 571 1918 Ipse
613 1870 788 1919 epulans,
832 1871 906 1918 ipse
948 1879 1127 1916 &seponens
1165 1868 1265 1902 laeta
1296 1868 1417 1902 omnia
1447 1870 1599 1915 nuptae,

335 1923 416 1973 Ipse
443 1929 583 1973 patrm
610 1926 811 1976 prolemque
841 1936 996 1972 canens,
1025 1923 1116 1959 idem
1145 1924 1219 1972 ipse
1243 1924 1406 1971 peremit.

366 1981 392 2019 8
416 1992 438 2016 a
463 1981 489 2017 Γ.
517 1986 605 2031 post
631 1978 785 2032 χορον)
803 1982 965 2017 inseras:
1007 1976 1126 2031 χόρον
1164 1978 1250 2017 Par.
1283 1977 1327 2014 A.
1358 1977 1433 2015 Dii.
1476 1982 1515 2015 ut
1545 1978 1599 2014 vi-

397 2036 529 2085 detur,
560 2050 582 2074 a
611 2050 658 2075 m.
691 2051 748 2087 pr.

368 2092 462 2128 inter
499 2105 533 2132 v
575 2095 599 2133 8
640 2098 677 2130 et
719 2095 744 2132 7
781 2093 856 2129 af.
888 2092 1051 2129 inseras:
1093 2086 1376 2140 διδασκάλους)
1408 2084 1597 2129 διδασκα-

397 2150 491 2194 λους
520 2148 607 2186 Par.
639 2149 692 2185 A.
721 2148 795 2185 Dii.

369 2205 393 2243 6
424 2217 446 2241 a
473 2205 500 2244 f.
531 2211 619 2256 post
649 2204 827 2258 παιδεία)
856 2204 1021 2240 inseras:
1069 2202 1098 2242 ε’.
1130 2202 1270 2255 παιδία
1300 2213 1321 2238 a
1350 2213 1398 2238 m.
1426 2213 1482 2251 pr.
1510 2200 1597 2239 Par.

399 2259 444 2296 A.
477 2260 549 2298 Dii.

92 2313 342 2366 Pag.211,b‚
371 2316 469 2353 inter
504 2329 538 2352 v.
580 2317 603 2355 5
636 2321 672 2354 et
698 2318 722 2356 6
748 2318 921 2354 inseras:
962 2313 1060 2364 ἔφη,
1098 2310 1255 2364 ὀρθῶς)
1294 2335 1343 2340 --
1365 2328 1423 2364 φη
1463 2310 1600 2365 ὀρθῶς

341 2370 425 2409 Par.
452 2372 497 2409 A.
526 2372 600 2414 Dii,
630 2374 666 2410 in
696 2373 807 2410 litura
837 2384 903 2408 sex
928 2371 1146 2410 litterarum

369 2429 394 2468 6
423 2429 625 2466 secundum
653 2428 871 2466 Diibnerum
900 2426 1026 2464 deleas
1046 2425 1228 2474 sortasse.
1257 2427 1344 2464 item
1368 2438 1403 2461 v.
1434 2424 1460 2465 4
1490 2438 1523 2462 a.
1548 2424 1573 2460 f.

369 2484 394 2523 8
421 2488 512 2535 post
538 2479 616 2538 ἆρα
639 2486 803 2522 inseras:
833 2484 916 2522 Par
948 2482 992 2520 A.
1023 2481 1097 2519 Dii.

371 2542 423 2580 17
451 2545 542 2592 post
566 2540 659 2610 «ἡγεῖ
682 2543 847 2579 inseras:
878 2552 898 2576 a
928 2551 974 2577 m.
1006 2551 1062 2588 pr.
1088 2537 1173 2575 Par.
1204 2537 1248 2576 A.
1281 2536 1353 2574 Dii.

97 2596 190 2646 Pag.
209 2595 352 2644 212,b‚
381 2599 403 2636 1
435 2602 524 2647 post
547 2595 675 2645 οὕτως
703 2599 846 2636 insere:
874 2595 957 2632 Par.
978 2594 1023 2634 A.
1042 2593 1114 2632 Du.
1140 2595 1228 2631 item
1257 2599 1345 2644 post
1373 2591 1462 2633 οὕτε
1491 2606 1525 2629 v.
1559 2593 1597 2631 3

373 2654 398 2692 6
429 2655 500 2692 as.
525 2655 666 2693 addas.
695 2654 740 2694 V.
770 2653 856 2691 Lib.
888 2650 970 2691 VII.
1000 2664 1038 2700 p.
1068 2651 1161 2690 516.
1194 2649 1242 2687 D.

97 2706 342 2758 Pag.213‚a,
357 2709 406 2749 13
432 2722 454 2746 a
482 2710 508 2747 f.
538 2712 678 2749 addas:
719 2723 790 2749 om.
818 2707 938 2746 Procl.
974 2708 1012 2744 in
1046 2707 1128 2743 Civ.
1160 2720 1197 2757 p.
1225 2704 1331 2754 383,
1360 2707 1423 2745 16.
1456 2705 1600 2741 ibidem

342 2761 511 2817 ἐρῶεντα
541 2769 731 2817 scriptum,

314 2822 352 2870 b,
380 2823 431 2863 16
461 2828 548 2873 post
576 2829 656 2862 erat
682 2824 823 2861 addas:
855 2819 943 2869 (nec
973 2819 1079 2857 aliter
1107 2817 1192 2856 Par.
1224 2818 1268 2854 A.
1296 2817 1390 2865 Dii.)

192 2899 287 2934 Add.
316 2900 364 2933 ad
390 2899 535 2935 Platon.
1299 2878 1325 2916 2
