1764 3176
594 177 1078 221 EDITORIS.
1446 193 1533 220 nivii

143 298 245 341 idque
266 294 452 340 protendas
472 294 508 328 in
528 293 705 328 denarium
736 300 796 329 aut
827 296 994 340 amplius,
1024 296 1116 330 nulla
1137 295 1226 330 ratio
1246 296 1538 329 incommensura-

144 355 221 388 bilis
246 353 345 387 alteri
372 353 537 393 exsistet,
565 361 629 385 nec
662 353 889 395 quadratum,
919 364 984 386 nec
1012 353 1139 386 cubus:
1168 363 1234 387 nec
1254 352 1469 386 dimetientes
1491 352 1538 384 illi

143 411 298 445 effabiles
317 414 352 443 et
372 404 539 452 ἄρῥητοι,
566 418 652 451 quos
672 409 772 443 Plato
792 409 982 453 proposuit,
1013 414 1212 452 exsurgunt:
1240 409 1302 442 sed
1323 409 1436 442 omnia
1454 418 1541 451 geo-

143 468 287 502 metriae
314 467 446 509 legibus
473 466 564 498 inter
596 475 634 498 se
666 471 888 509 comparata,
918 476 1114 499 mensuram
1142 467 1338 503 admittunt.
1368 476 1435 499 nec
1461 468 1540 498 tan-

142 529 214 558 tum
232 525 265 557 in
281 522 536 566 magnitudine,
566 521 627 555 sed
650 523 753 556 etiam
787 525 822 556 in
841 524 1004 558 numeris.
1035 534 1114 556 nam
1133 522 1382 565 quadratorum
1409 523 1543 565 parium

142 581 323 622 diameter,
354 580 456 622 duplo
477 583 512 612 et
528 579 662 613 unitate
686 581 760 623 plus
779 585 894 624 potest
925 589 1026 622 qnam
1049 580 1159 613 latus:
1192 580 1441 621 quadratorum
1462 589 1543 612 vero

141 627 323 681 imparium
352 636 484 670 unitate
510 636 622 669 minus
650 641 765 680 potest
788 648 889 680 quarn
916 629 1055 680 duplum
1075 637 1109 669 in
1132 637 1301 677 numeris,
1334 647 1411 669 cum
1428 640 1545 669 tamen

142 695 177 728 in
201 693 420 736 geometricis
446 692 635 726 rationibus
667 704 803 737 semper
832 694 1046 737 hypotenusa
1069 693 1206 736 duplum
1228 693 1404 735 utriusque
1427 692 1546 725 lateris

144 750 329 793 orthogoni
354 753 529 793 potestate
556 750 741 784 contineat.
797 751 835 784 ld
866 754 981 784 autem
1008 754 1176 794 perpetua
1205 751 1295 782 serie
1327 759 1546 782 numerorum

143 808 361 851 perspicuum
384 810 456 840 est:
486 807 516 840 si
538 807 628 839 latus
649 807 810 850 quadrati
829 808 928 851 primi
949 807 1118 840 diametro
1139 806 1370 847 coniunxeris,
1400 816 1547 848 sequen-

144 864 189 897 tis
208 863 368 907 quadrati
384 864 476 896 latus
495 869 668 906 exsurget.
726 863 832 898 Verbi
858 865 984 907 gratia,
1014 864 1128 896 unitas
1157 863 1254 906 primi
1277 863 1436 906 quadrati
1456 864 1546 897 latus

146 924 221 962 est,
250 920 441 963 eademque
482 919 535 953 sui
563 920 670 963 ipsius
701 920 887 955 diameter:
920 922 949 955 si
979 921 1103 954 unitati
1127 920 1341 953 coniunxeris
1362 920 1544 962 unitatem,

147 981 311 1020 exsurget
329 977 502 1018 binarius,
532 977 632 1011 radix
659 972 818 1020 quadrati
850 978 1036 1021 sequentis.
1096 978 1273 1010 Diameter
1299 988 1379 1010 vero
1402 975 1546 1009 secundi

147 1033 307 1077 quadrati
328 1033 528 1075 conficitur,
559 1034 587 1067 si
617 1034 858 1077 praecedentis
888 1035 1047 1077 quadrati
1069 1034 1238 1067 diametro
1262 1034 1471 1077 duplicatum
1493 1033 1546 1065 la-

147 1094 203 1125 tus
220 1090 430 1124 adiunxeris.
488 1090 573 1123 Cum
604 1092 693 1124 enim
712 1091 812 1134 primi
846 1092 1006 1135 quadrati
1025 1092 1115 1124 latus
1135 1091 1179 1123 sit
1195 1092 1309 1123 unitas
1322 1115 1331 1132 ,
1364 1090 1545 1123 dimetiens

147 1158 285 1190 quoque
304 1147 436 1188 unitas,
466 1147 495 1179 si
521 1147 646 1181 unitati
665 1148 716 1181 bis
739 1150 852 1183 unitas
879 1148 1047 1189 addatur,
1079 1151 1242 1190 exsurget
1267 1148 1457 1188 ternarius,
1488 1157 1545 1180 se-

147 1203 250 1237 cundi
267 1203 426 1246 quadrati
443 1203 634 1241 dimetiens.
692 1203 762 1237 Aut
784 1206 812 1238 si
834 1206 985 1239 radicem
1017 1204 1262 1248 quadratorum
1288 1204 1450 1246 inquiris,
1481 1203 1546 1236 du-

146 1261 309 1304 plicatum
329 1259 471 1293 secundi
495 1260 653 1302 quadrati
668 1262 768 1303 latus,
800 1265 834 1294 et
853 1262 1093 1306 praecedentis
1118 1262 1208 1293 latus
1232 1261 1463 1301 coniunctum,
1496 1259 1547 1292 ef-

146 1318 219 1351 ficit
246 1317 397 1351 radicem
425 1316 584 1359 quadrati
614 1319 808 1360 sequentis3
837 1323 875 1352 ut
905 1319 1058 1352 binarius
1089 1317 1282 1361 duplicatus
1315 1328 1392 1351 cum
1429 1317 1549 1350 radice

147 1373 246 1417 primi
265 1373 448 1417 quadrati,
480 1384 566 1416 quae
597 1379 650 1408 est
668 1375 801 1418 unitas,
833 1375 939 1410 efficit
963 1375 1175 1418 quinarium,
1210 1374 1360 1408 radicem
1389 1374 1549 1417 quadrati

147 1431 335 1473 sequentis.
373 1426 453 1463 ‘Sic
481 1440 618 1474 quoque
648 1432 822 1475 duplicato
853 1433 1046 1474 diametro,
1076 1436 1111 1465 et
1129 1432 1364 1465 antecedentis
1389 1431 1551 1474 quadrati

148 1486 317 1521 diametro
338 1487 536 1529 coniuncto,
566 1488 694 1522 efficies
712 1488 916 1523 diametrum
937 1490 1111 1532 sequentis
1129 1488 1310 1531 quadrati.
1343 1492 1381 1521 ut
1404 1484 1549 1533 (quum)

148 1544 300 1578 ternario
316 1543 457 1577 secundi
488 1545 649 1587 quadrati
668 1545 837 1581 diametro
860 1547 1029 1580 adieceris
1047 1546 1237 1586 unitatem,
1268 1546 1367 1588 primi
1390 1544 1550 1587 quadrati

149 1600 375 1642 diametrum,
403 1602 557 1643 exsurgit
576 1604 791 1646 septenarius
813 1604 994 1637 dimetiens
1017 1602 1110 1635 tertii
1130 1602 1299 1644 quadrati.
1347 1604 1425 1637 Quo
1447 1603 1485 1634 fit
1512 1605 1551 1634 ut

149 1658 299 1692 omnium
320 1657 565 1700 quadratorum
595 1659 811 1693 dimetientes
844 1661 912 1693 sint
941 1661 1090 1703 impares
1114 1663 1149 1691 et
1168 1660 1277 1691 latere
1306 1659 1357 1691 sui
1390 1658 1551 1700 quadrati

150 1715 299 1748 maiores
328 1714 522 1747 differentia
553 1716 671 1749 lateris
692 1717 944 1759 praecedentis.
1008 1716 1233 1748 Caeterorum
1253 1725 1334 1748 vero
1360 1715 1551 1757 quadrato-

150 1781 225 1804 rum
244 1781 304 1804 seu
324 1771 475 1814 parium,
508 1781 569 1804 seu
593 1773 793 1815 imparium,
824 1774 881 1815 qni
905 1773 1094 1806 diametros
1111 1771 1240 1805 habent
1267 1772 1481 1813 ineffabiles,
1515 1771 1551 1805 id

152 1832 206 1861 est
224 1819 421 1870 ἄρ’ῥήτους,
450 1837 535 1869 quas
551 1829 659 1862 nostri
683 1829 800 1873 inepte
817 1830 942 1863 surdas
962 1830 1150 1872 appellant,
1179 1828 1269 1871 quod
1291 1830 1382 1861 nullo
1406 1839 1549 1862 numero

151 1884 324 1927 designari
350 1884 501 1927 possint,
542 1887 759 1927 geometricis
786 1886 1135 1920 demonstrationibus
1161 1886 1312 1918 rationes
1344 1886 1550 1928 perspicuae

150 1945 242 1975 sunt.
301 1940 401 1974 Haec
426 1945 541 1973 autem
558 1943 806 1976 dimetientium
831 1954 906 1977 cum
935 1943 1100 1976 lateribus
1124 1942 1475 1975 incommensurabilis
1493 1953 1551 1975 ra-

151 1998 200 2031 tio
222 2007 388 2039 nusquam
415 1998 606 2040 reperiatur
640 1999 674 2032 in
704 2000 814 2033 solido
845 2011 990 2044 corpore
1021 1999 1177 2042 superius
1210 2000 1409 2042 proposito:
1441 2010 1551 2042 quan-

152 2054 276 2088 tumvis
313 2053 547 2088 contrahatur.
620 2056 688 2089 Hic
729 2056 820 2090 dicet
849 2057 990 2100 aliquis,
1031 2056 1256 2089 centesimum
1288 2056 1444 2088 cubicum
1470 2046 1552 2099 pro—

155 2121 275 2144 creare
299 2110 456 2143 lOOOOOO
479 2114 514 2144 et
543 2113 578 2145 in
607 2112 707 2146 solidi
735 2115 889 2157 corporis
913 2115 1022 2156 figura
1054 2113 1197 2156 exprimi
1224 2123 1344 2156 posse,
1376 2113 1471 2145 cuius
1489 2113 1551 2146 de-

152 2168 270 2201 narius
301 2167 347 2200 sit
374 2167 485 2208 linea,
518 2169 735 2203 centenarius
764 2171 983 2214 superficies,
1013 2170 1105 2203 mille
1133 2180 1213 2202 vero
1246 2180 1371 2212 corpus
1398 2169 1550 2203 denarii:

154 2235 270 2257 rursus
291 2223 422 2258 denarii
449 2224 539 2257 linea
565 2227 610 2259 sit
628 2231 785 2270 centum3
817 2238 906 2271 quae
936 2227 970 2261 in
989 2237 1026 2260 se
1042 2226 1147 2260 ducta
1170 2227 1300 2259 centies
1321 2230 1456 2259 centum
1477 2226 1552 2260 effi-

154 2281 238 2322 ciat,
267 2280 332 2314 hoc
352 2284 417 2322 est,
446 2280 566 2316 decem
581 2283 696 2325 millia,
729 2285 944 2327 superficiem
977 2283 1199 2326 (centenarii,
1229 2294 1317 2325 quae
1345 2283 1418 2325 ipsa
1439 2283 1551 2317 denuo

154 2337 379 2380 multiplicata
404 2347 465 2379 per
495 2340 731 2374 centenarium
762 2341 882 2374 millies
904 2340 1012 2383 mille)
1035 2340 1255 2383 procreabit,
1284 2350 1408 2382 corpus
1432 2344 1552 2373 cente-

154 2394 263 2428 narii:
294 2404 440 2436 eumque
456 2396 578 2429 cubum
599 2407 675 2429 esse
693 2392 846 2438 τριάδος
864 2398 1079 2431 Platonicae.
1110 2394 1162 2438 (in
1184 2397 1270 2429 libro
1299 2407 1356 2438 ea,
1389 2408 1478 2439 quae
1499 2397 1553 2430 in-

155 2454 210 2484 ter
229 2451 443 2495 superficiem
465 2457 500 2485 et
516 2455 717 2497 procreabit
736 2452 1028 2498 interpolarimus,
1056 2464 1124 2488 non
1141 2456 1296 2494 exstant3
1328 2453 1390 2486 sed
1410 2454 1552 2496 quilibet

155 2506 249 2541 videt
277 2507 350 2540 sine
380 2507 421 2540 iis
458 2513 517 2542 aut
556 2511 720 2544 similibus
765 2512 955 2545 orationem
987 2521 1144 2544 mancam
1181 2513 1216 2543 et
1252 2511 1404 2543 mutilam
1446 2510 1554 2554 esse.)

155 2565 285 2597 Demus
301 2563 382 2597 illud
401 2568 515 2599 certe:
545 2577 712 2610 nusquam
734 2571 849 2602 tamen
870 2566 915 2612 ιἰῐι’
937 2568 1009 2602 eius
1036 2567 1112 2600 cubi
1138 2567 1302 2600 lateribus
1324 2568 1380 2600 illa
1404 2568 1554 2601 varietas

155 2630 374 2655 numerorum
409 2623 563 2664 parium,
591 2623 793 2668 imparium,
824 2626 1076 2667 oblongorum,
1117 2624 1334 2666 lateralium,
1365 2624 1553 2658 solidorum

156 2682 193 2711 et
210 2677 458 2711 dimetientium
486 2679 879 2715 incommensurabilium
908 2681 1111 2724 reperiatur.
1172 2680 1305 2716 Quodsi
1332 2682 1406 2723 quis
1427 2692 1469 2714 ex
1496 2691 1553 2714 or-

157 2733 311 2777 thogono
341 2735 477 2769 scaleno
508 2737 542 2779 3,
572 2733 607 2779 4,
636 2737 671 2779 5,
702 2737 790 2772 effici
818 2742 916 2782 putet
938 2737 993 2781 12,
1021 2747 1200 2771 numerum
1226 2737 1261 2770 in
1296 2748 1371 2771 sese
1404 2748 1553 2771 concen-

159 2795 214 2824 tus
232 2801 351 2824 omnes
369 2793 671 2837 complectentem3
702 2799 737 2828 et
758 2795 910 2829 radicem
930 2804 1005 2827 esse
1027 2794 1143 2837 magni
1165 2795 1311 2836 numeri,
1343 2805 1442 2837 quem
1461 2794 1551 2828 fata-

158 2849 225 2882 lem
245 2848 398 2883 nonnulli
415 2853 591 2892 putarunt,
619 2851 751 2886 scilicet
772 2851 880 2885 1728:
913 2852 966 2885 cni
989 2851 1017 2885 si
1039 2849 1241 2886 detrahatur
1264 2851 1358 2894 prior
1376 2862 1550 2893 numerus,
