1764 3176
26 1397 96 1433 560

441 145 774 188 CIVITAS
819 116 1074 186 Llss.x⁷111'.
1103 147 1172 183 560

1418 144 1476 184 69

96 257 218 302 τικὸν
245 254 499 313 ὑπεχώρησε
528 260 588 314 τῷ
620 255 905 313 ὀλιγαρχικῷ,
944 256 1018 299 καί
1057 268 1170 304 τινες
1207 254 1297 294 τῶν
1327 250 1477 294 ἐπιθυ-

95 329 208 382 μιῶν
247 326 294 367 αἱ
330 325 408 380 μὲν
439 324 767 381 διεφθάρησαν,
808 324 854 366 αἱ
894 322 941 365 δὲ
980 321 1053 365 καὶ
1083 320 1285 373 ἐξέπεσον
1325 321 1478 371 αἰδοῦς

93 392 212 444 τινος
241 392 522 449 ἐγγενομένης
551 394 597 437 ἐν
628 397 682 448 τῇ
711 395 791 435 τοῦ
815 390 921 434 νέου
951 393 1091 446 ψυχῇ,
1123 389 1195 431 καὶ
1215 386 1477 444 κατεκοσμή-

93 466 155 518 θη
177 459 328 504 πάλιν.

389 463 591 517 Γίγνεται
617 460 700 516 γὰρ
732 459 893 510 ἐνίοτε,
923 458 1018 514 ἔφη.
1077 458 1219 507 Αὖθις
1250 458 1310 509 δὲ,
1340 456 1476 513 οἶμαι,

93 532 182 572 τῶν
220 527 501 571 ἐκπεσουσῶν
539 528 784 582 ἐπιθυμιῶν
824 524 953 570 ἄλλαι
979 522 1335 579 ὑποτρεφόμεναι
1375 526 1476 581 ξυγ-

93 600 233 653 γενεῖς
269 594 329 640 δι’
369 593 781 653 ἀνεπιστημοσύνην
820 599 987 651 τροφῆς
1028 592 1194 647 πατρὸς
1234 594 1393 636 πολλαί
1430 609 1475 637 τε
1505 600 1543 642 Β

690 668 816 707 Φιλεῖ
849 668 983 718 γοῦν,
1027 663 1134 718 ἔφη,
1177 659 1293 704 οὕτω
1337 663 1478 717 γίγνε-

276 731 456 777 Οὖκοῦν
484 731 689 776 εἵλκυσάν
719 749 762 775 τε
792 730 903 785 πρὸς
932 730 1009 782 τὰς
1040 728 1175 780 αὐτὰς
1204 727 1375 784 ὁμιλίας
1405 731 1478 774 καὶ

95 800 242 858 λάθρα
271 797 603 858 ξυγγιγνόμεναι
632 804 802 857 πλῆθος
832 798 1038 844 ἐνέτεκον.

93 665 168 708 καὶ
200 664 374 721 ἰσχυραὶ
410 664 625 720 ἐγένοντο.

94 738 214 777 σθαμ

90 975 303 1010 dictionibus
326 975 479 1018 videtur,
507 988 537 1010 e.
562 988 595 1020 g.
626 974 753 1011 1.,111.

96 1034 129 1066 p.
140 1022 219 1057 407.
246 1022 287 1055 C.
311 1023 370 1056 ubi
392 1022 495 1056 nimia
519 1023 671 1064 conponis
696 1033 755 1054 cu-

95 1079 136 1102 ra
158 1065 253 1112 πρὸς
276 1066 460 1123 μαθήσεις
484 1068 547 1102 καὶ
571 1065 756 1122 ἐννοήσεις

94 1125 134 1147 τε
161 1113 223 1148 καὶ
243 1111 395 1157 μελέτας
415 1113 510 1158 πρὸς
536 1111 672 1147 εαυτὸν
692 1125 755 1164 χιι-

94 1159 185 1203 λεπὴ
211 1166 376 1202 vocatur,
401 1161 433 1194 h.
458 1173 488 1194 e.
513 1158 665 1213 μελέτας
688 1172 755 1193 αυ-

93 1206 162 1239 τοῦ
197 1204 300 1245 τινὸς
328 1204 423 1250 πρὸς
456 1203 602 1240 ἑαυτόν.
644 1209 679 1238 et
722 1206 758 1238 in

92 1252 292 1297 quibusdam
323 1264 458 1296 earum,
495 1263 581 1297 quas
612 1251 686 1288 loco
710 1250 757 1284 ibi

94 1298 199 1332 citato
223 1298 361 1332 contuli.

138 1345 280 1388 ποθεν]
307 1342 430 1378 πόθεν
456 1344 554 1377 Vind.
576 1344 615 1378 F.

140 1390 204 1424 καὶ
224 1387 455 1434 α’ντίστασις]
483 1402 548 1424 om.
566 1390 650 1424 Lob.
663 1391 755 1424 Mon.

93 1438 136 1471 Β.
160 1438 241 1473 vat.
273 1437 353 1472 BM.
385 1438 470 1473 Ven.
495 1437 535 1470 C.
565 1437 646 1470 Par.
679 1436 755 1470 DK.

93 1483 187 1517 Flor.
210 1483 257 1516 U

139 1527 257 1584 μάχη]
283 1526 380 1585 μάχῃ
403 1529 479 1562 ΑΜ.
499 1529 579 1562 Bas.
605 1529 660 1562 ab.

140 1573 272 1622 αυτῷ]
311 1573 430 1609 ἓαυτῶ
455 1575 554 1610 vind.
573 1575 615 1608 Ε.

141 1629 290 1688 αὐτὸν]
324 1645 385 1667 av.
420 1632 520 1666 Vind.
562 1632 638 1665 EF.
678 1631 754 1666 Ald.

93 1679 173 1714 Bas.
198 1680 252 1714 ab.
277 1676 413 1713 ἑαυτὸν
432 1679 518 1712 Lob.
536 1678 617 1711 vat.
629 1678 707 1711 BM.

141 1737 323 1781 γίγνεται]
348 1737 540 1770 innascitur
562 1734 639 1768 Fic.

141 1792 255 1839 ποτε]
294 1791 385 1828 πότε
405 1793 504 1825 Vind.
533 1793 573 1825 F.

96 1849 184 1933 mg&
196 1849 642 1932 gectbfieklssobva{⁷e1ffi.ss.
678 1851 756 1884 Par-

141 1964 382 2011 ὑπεχώρησε]
415 1968 496 2010 post
523 1964 576 2011 τῷ
612 1961 756 2019 ὀλιγαρ-

94 2014 185 2060 χικῷ
220 2013 318 2046 Vind.
353 2013 396 2045 E.
427 2011 520 2044 Flor.
546 1999 586 2044 C.
613 2007 756 2054 ’ὑπεχώ-

93 2071 174 2104 ρεσε
197 2059 272 2092 Ald.
296 2055 538 2113 υποχωρῆσαι
565 2057 649 2090 Lob.
677 2059 755 2091 Vat.

94 2106 174 2141 BM.
203 2111 239 2139 et
262 2108 339 2150 post
361 2104 414 2150 τῷ
441 2101 529 2148 όλιγ.
555 2105 639 2139 ven.
666 2104 706 2136 Β.

140 2171 401 2218 διεφθάρησαν
418 2174 431 2217 ]
531 2170 754 2216 ἐφθάρησαν

95 2221 195 2257 Vind.
230 2221 272 2254 F.
312 2221 399 2264 Aug.
430 2220 470 2252 B.
507 2219 602 2252 Flor.
641 2218 684 2252 R.

115 2339 125 2351 1
141 2285 388 2334 ἐγγενομένης]
412 2284 645 2332 ἐγγενόμενος
655 2287 754 2345 ἵοίιιά.

95 2338 401 2424 14’κατεκοσμήθη
423 2380 436 2424 ]
506 2379 755 2423 κατεκοσμίθη

96 2429 172 2463 Ald.
197 2429 279 2462 Bas.
305 2439 336 2461 a.

141 2495 334 2541 Γίγνεται]
376 2495 576 2540 γίγναιται,
608 2507 683 2541 sup.
719 2506 756 2539 ε,

99 2544 197 2578 Vind.
222 2543 266 2576 Ε.

144 2588 399 2632 ἐκπεσουσῶν]
423 2585 633 2622 ε’κπεσασῶν
653 2587 754 2621 idem.

141 2632 467 2678 ὑποτρεφόμεναι]
508 2635 563 2668 Ita
602 2634 681 2668 Par.
714 2635 754 2667 Α.

99 2682 199 2716 Vind.
238 2681 344 2715 BEF
385 2682 470 2716 Ven.
510 2681 552 2714 B.
595 2681 679 2724 Aug.
713 2681 755 2714 B.

98 2727 373 2764 Vat.H.F101·.
400 2727 571 2761 ACRTV.
606 2728 686 2760 Bas.
720 2727 753 2760 b.

97 2774 222 2808 Stallb.
240 2770 562 2829 ’ὑποστρεφόμεναι
579 2772 663 2806 Lob.
675 2773 706 2808 V
707 2777 755 2807 at

96 2821 174 2855 BM.
223 2821 310 2856 Ven.
358 2820 398 2854 C.
451 2816 757 2864 ἐπιστρεφόμεναι

1105 800 1156 842 Τί
1179 799 1290 856 μήν;
1327 804 1476 844 Τελευ-

812 975 903 1009 Μοιι.
938 974 979 1008 Β.
1023 975 1103 1009 Par.
1141 974 1217 1011 DK.
1259 986 1326 1008 sec.
1363 976 1473 1010 Bekk.

812 1022 887 1055 ΑΜ.
908 1022 987 1054 Bas.
999 1033 1029 1055 a.
1056 1018 1342 1065 ἐπιτρεφόμεναι
1361 1022 1476 1066 (Flor.

813 1068 877 1110 U.)
911 1068 1031 1112 steph.

813 1115 1038 1147 coalescentes

815 1160 896 1193 edit.
920 1157 1261 1214 ἐπιστρεφόμεναι,
1304 1171 1366 1213 pro
1401 1158 1476 1194 ἐπι-

813 1203 1061 1259 τρεφόμεναι,
1087 1207 1141 1239 vel
1160 1216 1477 1250 υποτρεφομεναι,

812 1256 852 1285 ut
882 1252 916 1285 in
946 1251 1089 1296 quodam
1127 1255 1194 1284 vet.
1219 1263 1317 1296 quem
1341 1252 1395 1285 hic
1419 1264 1475 1286 se-

813 1297 870 1343 qui
894 1298 1041 1332 malim.“
1065 1298 1184 1342 steph.
1210 1297 1243 1331 in
1270 1309 1311 1331 m.

860 1354 1064 1400 ξυγγενεῖς]
1093 1365 1190 1398 συγγ.
1229 1355 1328 1391 Vind.
1354 1356 1428 1389 ΒΕ.

861 1409 915 1446 δι’
952 1409 1319 1466 ἀνεπιστημοσύνην]
1356 1413 1475 1447 διανε-

813 1456 1088 1512 πιστημοσύνης
1112 1458 1211 1491 Vind.
1236 1458 1276 1491 F.
1311 1456 1367 1492 δι’
1394 1456 1477 1493 ἄνε-

812 1502 1088 1559 mpzmzoov'vng
1122 1503 1185 1538 καὶ
1220 1505 1306 1547 Ang.
1339 1506 1380 1539 B.
1413 1504 1476 1539 καὶ

812 1551 916 1585 etiam
941 1553 1020 1584 Bas.
1045 1552 1077 1585 b.
1103 1551 1253 1584 additum
1278 1551 1394 1586 habet.

1068 1068 1185 1101 Astius
1221 1071 1256 1100 et
1285 1068 1475 1102 Bekkerus.

1080 1113 1154 1148 Fic.
1210 1114 1270 1156 ,In
1315 1115 1474 1157 ptaeced.

856 1608 990 1642 πολλαί
1013 1619 1052 1642 τε
1075 1607 1138 1642 καὶ
1159 1606 1327 1651 ἰσχυραὶ]
1353 1605 1472 1641 πολλά
1502 1609 1536 1650 Β

810 1666 849 1688 τε
874 1654 935 1688 καὶ
965 1652 1093 1699 ἰσχυρὰ
1132 1655 1209 1688 Vat.
1234 1655 1273 1687 B.
1311 1659 1366 1696 et,
1397 1665 1471 1700 sup.

811 1713 851 1734 αι
870 1713 930 1742 αι,
957 1701 1042 1733 Lob.

860 1746 1054 1790 εἵλκυσαν]
1091 1745 1263 1790 εἷ’ρκυσαν
1287 1747 1387 1782 Vind.
1410 1747 1450 1780 Ε.

859 1802 948 1843 τὰς]
975 1816 1039 1837 om.
1076 1805 1156 1838 Vat.
1181 1805 1221 1838 B.
1253 1808 1333 1848 post
1356 1800 1477 1843 αὐτὰς

814 1850 902 1883 Lob.
925 1850 1007 1883 Vat.
1034 1849 1080 1883 M.
1108 1851 1196 1883 Sunt
1216 1850 1374 1890 eaedem,
1398 1850 1473 1894 qui-

813 1897 877 1929 bus
900 1896 1077 1939 indulgere
1110 1901 1292 1940 coeperat,
1322 1897 1476 1929 fucorum

814 1948 850 1976 et
872 1942 1160 1987 Lotophagorum.
1206 1942 1391 1987 Perperam
1416 1942 1476 1975 Fi-

813 1989 927 2022 cinus:
956 1990 1113 2022 Trahunt
1130 2000 1234 2033 porro
1265 1989 1313 2021 ad
1334 2000 1370 2022 se
1396 2000 1475 2021 con-

812 2036 1032 2076 suetudines,
1077 2035 1173 2088 quasi
1215 2032 1311 2078 πρὸς
1354 2030 1476 2073 αυτάς

812 2093 880 2120 τας
900 2078 1043 2124 ὁμιλίας
1062 2081 1223 2125 scriptum
1246 2084 1348 2114 esset.
1396 2080 1475 2113 Non

812 2128 918 2171 magis
946 2128 1146 2183 probandus
1180 2127 1315 2168 Astius,
1349 2125 1408 2171 qui
1440 2126 1474 2159 ἰιι

811 2185 880 2206 sec.
906 2171 1026 2212 αὐτὰς
1047 2173 1081 2206 in
1106 2170 1240 2212 αὐταῖς
1258 2172 1415 2215 mutavit,
1439 2172 1474 2206 in

811 2220 1119 2253 telt.1nut1ndu1u
1144 2219 1300 2252 coniecit.

861 2263 986 2309 λάθρα
1008 2266 1020 2309 ]
1091 2262 1190 2308 λαθρ
1194 2277 1218 2311 ᾳ
1285 2264 1477 2306 Bekkerus,

813 2313 931 2345 Astius
964 2312 999 2345 in
1030 2316 1112 2346 tert.
1151 2316 1186 2344 et
1200 2301 1473 2345 Stallbaumius.

815 2359 872 2393 Cf.
897 2359 972 2392 Vol.
997 2358 1025 2391 Ι.
1050 2370 1084 2403 p.
1108 2359 1173 2399 60,
1199 2369 1230 2390 a.

861 2402 1158 2448 ξυγγιγνόμεναι]
1206 2402 1342 2446 ξυγγιν.
1389 2403 1474 2436 Lob.

814 2461 949 2495 συγγιν.
987 2451 1086 2484 Vind.
1121 2451 1164 2484 E.
1198 2459 1355 2492 σνγγιγν.
1389 2449 1474 2482 Ven.

814 2498 855 2531 B.
908 2498 987 2531 Par.
1026 2497 1102 2530 DK.
1146 2496 1238 2530 Mon.
1285 2496 1326 2529 B.
1378 2495 1475 2530 Flor.

813 2543 957 2577 ACTU.
975 2543 1048 2576 Ald.
1062 2543 1140 2576 Bas.
1166 2543 1220 2576 ab.
1246 2542 1365 2586 steph.
1392 2542 1474 2575 dum

812 2590 902 2623 clam
919 2595 1060 2633 serpunt
1079 2589 1152 2622 Fic.
1168 2588 1267 2621 immo
1286 2589 1367 2621 dnm
1383 2588 1473 2621 clam

814 2636 835 2678 (
843 2642 978 2680 patrem
993 2661 1001 2674 ‚
1025 2636 1259 2680 magistrum)
1292 2646 1365 2668 rem
1395 2645 1473 2667 cum

814 2694 852 2715 eo
877 2683 1028 2724 habent,
1056 2693 1097 2715 ea
1119 2680 1388 2725 significatione,
1412 2691 1473 2713 cu-

812 2728 864 2761 ius
890 2739 991 2761 unum
1014 2730 1203 2772 exemplum
1222 2726 1296 2760 Vol.
1310 2726 1472 2770 11.p.55,

813 2785 845 2807 a.
870 2773 981 2808 attuli.
1002 2793 1047 2799 ——
1070 2774 1222 2808 Alterum
1246 2777 1300 2807 est
1317 2772 1407 2807 infra
1430 2772 1470 2806 L.

813 2820 856 2856 X.
877 2832 910 2866 p.
931 2821 1010 2856 603.
1028 2821 1069 2855 Β.
