1764 3176
474 198 808 241 CIVITAS
857 198 981 240 LIB.
1012 200 1070 240 X.
1103 203 1171 237 618

1431 202 1513 242 291

129 309 335 361 τοι-ςικαὶ
373 311 569 362 πενίαις,
604 310 658 353 τὰ
700 306 746 354 δὲ
782 308 958 362 νόσοις,
993 306 1046 351 τοὶ
1086 308 1134 351 δὲ
1173 307 1359 364 ὑγιείαις
1399 312 1516 367 μεμί-
1559 311 1561 313 ’

129 384 259 435 χθαι,
293 377 346 421 τοὶ
378 378 424 422 δὲ
453 379 523 422 καὶ
558 381 722 434 μεσοῦν
751 378 934 422 τούτων.
982 375 1128 419 ’Ένθα
1159 376 1236 432 δὴ,
1271 377 1330 430 ὣς
1364 371 1517 432 ἔοικεν,

131 442 166 491 ὦ
206 448 304 503 φίλε
344 445 582 498 Γλαύκων,
623 445 646 489 ὁ
686 449 771 495 πᾶς
808 447 1018 494 κίνδυνος
1056 443 1304 503 ἀνθρώπῳ,
1336 447 1409 490 καὶ
1441 447 1515 491 διοὶ

126 518 266 559 ταῦτα
303 515 488 571 μάλιστα
537 513 838 571 ἐπιμελητέον,
881 512 1000 564 ὅπως
1041 511 1224 564 ἕκαστος
1264 513 1388 569 ἡμῶν
1426 519 1515 557 τῶν
1546 511 1577 554 C

129 582 274 626 ἄλλων
303 581 578 639 μαθημάτων
609 581 823 638 ἀμελήσας
852 580 1017 625 τούτου
1047 585 1128 624 τοῦ
1160 581 1420 639 μαθήματος
1446 583 1519 626 καὶ

128 649 303 707 ζητητὴς
332 651 405 694 καὶ
434 650 634 708 μαθητής
665 651 794 703 ἔσται,
822 650 899 694 ἐάν
928 655 1069 693 ποθεν
1099 647 1193 700 οἷός
1222 647 1264 692 τ’
1293 645 1326 707 ᾗ
1356 656 1517 705 μαθεῖν

127 719 202 762 καὶ
243 718 452 772 ἐξευρεῖν,
492 721 557 770 τίς
602 717 739 765 αὐτόν
786 718 957 775 ποιήσει
996 716 1188 761 δυνατὸν
1231 718 1304 761 καὶ
1350 718 1517 775 ἐπιστή-

125 802 263 842 μονα,
303 789 403 842 βίον
443 787 518 831 καὶ
554 787 744 844 χρηστόν
780 787 852 830 καὶ
893 787 1092 843 πονηρὸν
1123 785 1514 842 διαγιγνώσκοντα,

125 852 206 905 τὸν
242 857 395 912 βελτίω
435 856 482 900 ἐκ
522 861 611 899 τῶν
653 858 856 899 δυνατῶν
904 853 970 898 οέεὶ
1008 847 1236 910 πανταχοῦ
1281 856 1516 908 αἱρεῖσθαι,

126 921 494 980 ἀναλογιζόμενον
538 925 682 968 πάντα
725 925 778 968 τὰ
822 927 907 967 νῦν
955 921 1008 978 δὴ
1051 922 1242 978 ῥηθέντα
1293 923 1367 966 καὶ
1420 925 1516 975 ξυν-

124 991 331 1046 τιθέμενα
397 991 601 1049 ἀλλήλοις

670 993 744 1037 καὶ
811 989 1101 1047 διαιρούμενα

1172 989 1285 1045 πρὸς
1356 988 1517 1047 α’ρετὴν

125 1060 228 1115 βίου
256 1063 350 1111 πῶς
387 1060 492 1117 ἔχει,
529 1062 603 1105 καὶ
635 1061 818 1114 εἰὸἑναι,
856 1063 896 1104 τί
926 1059 1085 1111 κάλλος
1115 1061 1241 1116 πενία
1280 1058 1309 1115 ἢ
1339 1059 1515 1116 πλούτῳ

176 1203 305 1251 ἄλλον]
332 1205 454 1244 ἄλλων
476 1210 552 1246 Am.

172 1251 342 1299 ἀλλοίαν]
369 1252 524 1290 α’λλυῖαν
549 1257 651 1292 Vind.
675 1257 720 1291 F.

171 1300 389 1346 γίγνεσθαι]
413 1303 483 1346 γίν.
509 1303 606 1347 (Par.
625 1303 667 1337 Κ.
691 1303 788 1337 Flor.

125 1345 185 1390 U.)
211 1347 286 1381 Ald.
310 1348 391 1384 Bas.
419 1350 472 1383 ab.
498 1350 621 1393 Steph.

169 1388 217 1425 τοὶ
237 1391 302 1437 δ’]
328 1392 376 1427 τὰ
395 1393 441 1439 δὴ
470 1395 566 1428 Vind.
579 1396 622 1429 F.
649 1396 788 1439 Ang.B.

168 1435 216 1471 τὰ
242 1435 296 1482 δὲ]
320 1438 367 1473 τὰ
394 1438 433 1474 δ’
459 1440 674 1475 Vind.BEF.
700 1445 788 1486 Ang-

122 1482 163 1518 Β.
195 1484 266 1519 Pal.
291 1485 329 1519 A.
352 1487 431 1521 Vat.
455 1487 501 1521 H.

170 1526 340 1575 ὑγιείαις]
360 1528 504 1576 ὑγείαις
525 1533 611 1568 Lob.
635 1533 788 1568 Vind.E.

122 1575 218 1609 Mon.
242 1577 282 1610 Β.
309 1577 401 1613 Flor.
427 1579 532 1613 ACV.

167 1622 357 1668 μεμίχθαι]
383 1626 560 1669 μεμῖχθαι
584 1626 683 1659 Vind.
708 1625 751 1660 F.

168 1669 328 1713 μεσοῦν]
363 1670 419 1704 lta
442 1672 522 1706 Par.
546 1673 587 1706 A.
624 1672 723 1705 Vind.
745 1672 786 1706 B.

124 1714 199 1747 Pal.
222 1715 262 1748 A.
290 1716 368 1751 Vat.
394 1717 437 1751 H.
463 1718 554 1751 Flor.
579 1718 649 1751 AC.
695 1718 788 1750 Reli-

123 1759 183 1804 qui
207 1771 281 1794 cum
313 1762 518 1798 editionibus
549 1770 628 1797 ante
652 1764 789 1797 Bekke-

124 1816 199 1838 rum
216 1805 330 1849 μέσον
347 1809 524 1851 exhibent,
544 1810 632 1854 quod
654 1810 708 1843 vix
729 1821 788 1854 po—

125 1854 217 1885 terat
239 1854 333 1887 ferri.
392 1856 491 1896 Quae
515 1867 618 1900 supra
641 1855 789 1889 invicem

125 1901 162 1930 et
185 1908 258 1932 cum
284 1899 410 1934 divitiis
435 1902 487 1935 vel
511 1907 718 1946 paupertate
734 1901 788 1934 vel

125 1955 198 1978 cum
225 1945 368 1979 adversa
399 1947 453 1980 vel
485 1948 633 1981 secunda
656 1948 787 1981 valetu-

123 1988 205 2023 dine
239 1991 418 2026 coniuncta
449 1993 601 2035 dixerat,
637 1994 788 2038 corporis

123 2037 327 2082 generisque
358 2039 447 2072 bona
479 2040 533 2072 vel
565 2040 787 2080 incommoda,

123 2082 242 2116 eadem
275 2095 363 2117 nunc
401 2085 548 2119 medium
579 2086 669 2120 int‘er
701 2086 787 2119 divi-

121 2128 187 2161 tias
221 2132 255 2161 et
287 2135 522 2175 paupertatem
559 2132 611 2166 vel
635 2133 787 2166 morbum

123 2177 159 2206 et
182 2174 363 2210 sanitatem
387 2178 493 2211 locum
518 2181 636 2211 tenere
655 2184 689 2211 et
710 2179 787 2223 qui·

122 2220 264 2255 busdam
281 2222 363 2256 viti‘s
387 2229 526 2267 praeter
548 2225 703 2269 corporis
726 2236 787 2267 ge-

123 2266 282 2310 nerisque
312 2267 509 2312 dignitatem
543 2271 599 2303 vei
629 2270 786 2314 ignobili-

123 2314 230 2345 tatem
261 2314 448 2348 mediocres
480 2327 561 2360 opes
600 2328 621 2350 a
656 2316 785 2349 divitiis

121 2362 228 2402 atque
245 2369 265 2392 a
283 2364 486 2404 paupertate
510 2373 618 2407 aeque
636 2367 785 2396 remotas

121 2405 178 2436 vel
200 2403 426 2440 valetudinem
456 2407 660 2442 mediocrem
684 2408 785 2442 attri-

122 2450 238 2483 butam
273 2463 348 2485 esse
379 2453 468 2487 dicit.
541 2454 658 2488 Paullo
683 2455 784 2488 aliter

120 2495 268 2532 Phaedr.
291 2509 324 2542 p.
352 2498 431 2535 241.
455 2499 496 2534 D.
522 2497 630 2544 λόγος
656 2501 783 2534 dieitur

121 2542 279 2584 μεσοῦν,
304 2544 397 2579 cuius
422 2545 557 2580 dimidia
582 2558 661 2589 pars
681 2547 781 2580 abso-

122 2588 194 2621 luta
226 2594 299 2631 est,
334 2596 368 2624 et
399 2592 472 2626 Pol.
496 2604 530 2636 p.
550 2594 628 2627 265.
650 2594 690 2627 Β.
715 2593 783 2636 τῆς

121 2634 278 2678 πορείας
309 2636 378 2670 iter
409 2638 562 2681 faciens,
594 2640 651 2684 qui
684 2639 782 2672 dimi-

120 2679 210 2713 diam
241 2685 375 2726 partem
406 2684 482 2718 viae
513 2685 669 2719 confecit.
718 2685 784 2718 Hic

121 2737 203 2759 vero
239 2728 369 2762 medius
401 2729 530 2764 illorum
565 2732 657 2765 locus
684 2731 714 2764 is
738 2730 785 2764 si-

122 2772 318 2818 gnificatur,
343 2775 401 2820 qui
426 2777 555 2820 pariter
578 2778 621 2811 ab
645 2777 713 2810 illis
732 2777 785 2809 di-

121 2822 204 2861 stat,
222 2823 264 2853 vet
286 2822 473 2864 μεσοῦντα
495 2827 584 2866 sunt,
600 2835 689 2869 quae
709 2834 784 2856 eum

120 2863 469 2940 locumlacceperunt.
519 2870 573 2903 Cf.
598 2870 783 2915 p.619.A:

847 1207 917 1243 τὸν
948 1206 1061 1252 μέσον
1094 1208 1171 1242 τῶν
1200 1205 1385 1242 τοιούτων
1418 1207 1515 1253 βίον.

846 1256 955 1289 Recte
996 1255 1158 1288 Ficinus:
1200 1256 1333 1298 partim
1373 1256 1515 1289 istorum

845 1302 995 1335 medinm
1016 1302 1179 1334 obtinere.
1410 1318 1414 1319 ν

847 1382 848 1391 ³
893 1345 964 1393 δῂ]
991 1344 1030 1380 δὲ
1054 1348 1127 1380 Ast.
1154 1358 1204 1390 pr.

894 1393 922 1427 ω’
951 1393 1034 1436 φίλε
1060 1391 1256 1435 Γλαύκων]
1282 1405 1346 1426 om.
1374 1393 1448 1427 Pal.
1472 1394 1514 1426 A.

895 1436 1113 1484 ἀνθρώπῳ]
1155 1436 1371 1483 ἀνθρώπων
1415 1438 1515 1475 Vind.

845 1486 920 1519 ΒΕ.
947 1486 1025 1519 Vat.
1052 1486 1095 1519 H.

893 1530 1061 1575 ἕκαστος]
1091 1528 1245 1564 ἕκαστον
1272 1531 1347 1564 vat.
1373 1531 1418 1564 H.

890 1578 1034 1621 ποθεν]
1069 1574 1193 1612 πόθεν
1221 1577 1321 1610 Vind.
1346 1577 1385 1611 F.
1411 1575 1511 1611 ποθ’

844 1624 931 1658 Lob.
957 1625 1036 1659 Vat.
1063 1624 1110 1656 Μ.

892 1667 972 1708 οἷός
997 1666 1035 1702 τ’
1061 1663 1106 1714 ᾗ]
1134 1666 1214 1708 οἷος
1237 1668 1274 1702 τί
1301 1669 1398 1703 Vind.
1426 1668 1465 1704 F.

893 1713 1068 1759 ἐξευρεῖν]
1091 1712 1251 1759 ἐξεύρεῑν
1278 1715 1378 1748 Vind.
1405 1716 1447 1750 E.

891 1763 959 1805 τίς]
987 1762 1103 1795 Astius
1122 1762 1154 1794 in
1171 1766 1253 1796 tert.
1280 1756 1302 1795 ὅ
1321 1773 1355 1794 τι
1375 1774 1437 1814 pro
1457 1761 1512 1800 τίς

845 1808 1060 1842 scribendum
1096 1813 1232 1849 censet,
1269 1807 1342 1840 sine
1366 1808 1511 1841 ratione.

846 1855 957 1895 Quem
993 1853 1191 1897 discipulum
1236 1853 1313 1886 fieri
1345 1854 1510 1897 volumus,

845 1900 960 1945 quidni
994 1911 1069 1932 eum
1102 1900 1296 1941 hortemur,
1334 1904 1372 1932 ut
1404 1901 1512 1944 magi-

845 1954 952 1980 strum
977 1951 1136 1990 quaerat,
1157 1946 1186 1979 si
1207 1945 1360 1978 invenire
1378 1948 1511 1990 possit?

891 1990 1143 2036 ἐπιστήμονα]
1178 1989 1400 2035 ἐπιστήμενα
1434 1993 1510 2034 Am,

844 2039 984 2072 Ficinns
1018 2039 1102 2071 haec
1134 2039 1212 2071 inde
1246 2050 1266 2071 a
1299 2035 1436 2071 τούτου
1461 2039 1510 2072 ita

846 2085 1033 2118 contraxitx
1059 2082 1147 2117 hanc
1174 2089 1320 2128 quaerat
1346 2096 1510 2130 assequa-

844 2136 967 2176 turque
1001 2142 1064 2174 pro
1110 2131 1239 2163 viribus
1279 2131 1511 2174 disciplinam,

841 2189 906 2222 per
928 2188 1031 2221 quam
1054 2181 1088 2210 et
1104 2178 1211 2220 possit
1232 2181 1264 2209 et
1285 2178 1374 2210 sciat.
1389 2197 1433 2208 —-.

891 2220 1217 2267 διαγιγνώσκοντα]
1248 2222 1380 2266 διαγιν.
1408 2223 1508 2258 Vind.

842 2270 915 2303 BE.
942 2268 1227 2312 (Flor.ACRU.)
1252 2269 1327 2302 Ald.
1352 2270 1432 2304 Has.
1454 2271 1509 2304 ab.

843 2316 964 2360 Stepb.
1000 2311 1277 2358 διαγιγνώσκειν
1318 2314 1382 2349 καὶ
1420 2316 1507 2349 Lob.

842 2362 919 2396 Vat.
943 2361 1023 2394 ΒΜ.

886 2407 963 2441 τῶν
997 2407 1190 2450 δυνατῶν]
1235 2406 1304 2440 τοῦ
1341 2407 1508 2441 δυνατοῦ

840 2454 934 2488 Flor.
959 2453 1003 2486 T.

887 2497 960 2544 ἀεὶ]
989 2512 1053 2533 om.
1078 2499 1164 2532 Lob.
1190 2499 1270 2532 Vat.
1295 2499 1376 2534 ΒΜ.
1400 2499 1477 2532 Fic.

885 2545 948 2579 καὶ
976 2542 1136 2588 εἰδέναι]
1175 2543 1238 2577 καὶ
1268 2556 1334 2578 om.
1366 2547 1441 2578 Par.
1466 2546 1508 2578 A.

839 2592 940 2625 Vind.
966 2593 1072 2626 BE-F.
1096 2592 1183 2633 Ang,
1201 2591 1242 2624 B.
1268 2591 1342 2624 Pal.
1360 2592 1400 2625 Α.
1427 2593 1506 2624 Vat.

839 2639 884 2672 H.
916 2638 1007 2671 Flor.
1044 2637 1183 2671 ACRV.
1232 2638 1304 2671 Sed
1338 2637 1428 2671 inter
1452 2637 1507 2670 αἱ·

840 2685 992 2728 ρεῖσθαι
1032 2687 1068 2716 et
1101 2682 1243 2717 εἰδέναι
1278 2695 1420 2717 necesse
1456 2684 1510 2716 est

840 2730 995 2774 copuiam
1029 2730 1267 2770 intercedere,
1303 2730 1398 2763 cuius
1433 2729 1509 2763 loco

840 2788 942 2821 quum
967 2774 1032 2810 καὶ
1055 2781 1133 2809 ante
1167 2773 1419 2818 ξυντιθέμενα
1448 2776 1508 2809 ha-

841 2822 915 2856 beri
944 2825 1135 2868 propterea
1167 2834 1234 2855 non
1267 2823 1393 2866 possit,
1418 2822 1509 2866 quod

841 2868 921 2907 πῶς
956 2865 1027 2912 ἔχει
1060 2869 1103 2902 ad
1137 2865 1449 2911 ἀναλογιζόμενον
1474 2871 1509 2901 et

1183 2927 1280 2966 T2
