1764 3176
295 114 387 139 mm
728 97 1259 140 PRAEFATIO

292 213 396 248 tertio
419 222 498 256 pag.
518 212 595 246 666.
617 214 656 246 Β.
681 213 736 248 ed.
760 215 873 250 Paris.
901 212 1000 250 1640.
1034 227 1102 260 quo
1131 217 1206 250 solo
1224 216 1302 250 loco
1330 215 1611 258 quinquagenarii
1634 225 1677 249 ex

292 270 463 312 triangulo
486 271 685 312 rectangulo
713 272 910 314 prodeuntis
939 273 1147 307 mentionem
1176 272 1279 314 facit,
1310 276 1348 305 ut
1380 273 1466 306 alius
1495 282 1517 305 a
1544 271 1678 305 Bodino

293 327 505 369 significatus
523 335 599 359 esse
624 337 692 361 non
712 329 837 371 possit,
869 329 912 363 de
932 330 1079 364 Platone
1109 330 1224 363 eiusve
1246 338 1386 362 numero
1406 327 1486 362 nihil
1507 329 1608 372 plane
1625 328 1677 361 di-

294 384 353 423 cit,
376 383 702 424 quinquagenarium
723 388 854 419 tantum
873 387 1016 428 extollit,
1045 386 1096 420 his
1122 386 1253 419 verbis:
1284 378 1303 418 ὁ
1322 379 1526 426 ἆγιώτατος
1545 394 1679 427 πεντη·

293 433 475 478 κοντάδος
505 431 686 482 ἀριθμὸς,
719 438 877 484 δύναμις
902 435 954 476 ὢν
978 440 1046 476 τοῦ
1084 435 1321 485 ὀρθογωνίου
1349 436 1556 485 τριγώνου,
1586 434 1679 482 ὅπερ

293 490 369 528 ἐστὶ
389 493 456 537 τῆς
483 493 557 527 τῶν
585 489 682 529 ὅλων
713 494 886 539 γενέσεως
912 492 1037 542 ἀρχή.)
1095 501 1140 532 At
1158 498 1315 532 Platonis
1334 498 1438 531 verba
1457 497 1680 531 centesimum

293 552 415 585 cubum
439 552 723 595 complectuntur.
784 555 973 589 Praeterea
994 556 1077 590 nulli
1097 560 1176 589 sunt
1195 555 1412 589 dimetientes
1442 553 1606 588 lateribus
1626 555 1681 588 in-

295 609 629 651 commensurabiles,
659 614 696 643 ut
712 610 745 644 in
771 622 912 645 numero
930 612 1098 656 Platonis,
1132 612 1228 645 cuius
1258 612 1361 645 verba
1381 609 1588 652 describere,
1621 621 1681 644 ea-

293 675 359 708 que
377 665 595 709 interpretari
616 667 749 709 placet:
770 672 842 701 tum
855 668 946 711 quod
965 669 1170 712 interpretes
1190 669 1280 701 inter
1300 678 1337 701 se
1357 668 1535 711 plurimum
1551 667 1682 701 discre-

294 725 399 764 pant3
429 725 499 754 tum
528 722 632 756 etiam
656 724 745 766 quod
775 725 847 758 eius
869 725 1000 759 numeri
1019 725 1271 767 ignorationem
1291 725 1463 758 civitatum
1484 723 1682 758 moderato-

294 778 385 811 ribus
406 788 513 822 prope
530 779 710 822 capitalem
729 791 803 815 esse
824 782 1011 824 praedicat.
1070 782 1129 814 Sic
1147 781 1250 825 igitur
1272 781 1394 814 Plato:
1427 777 1504 814 ἔστι
1525 776 1565 813 δὲ
1585 778 1681 826 θείῳ

293 830 359 876 μὲν
380 832 519 880 γενητῷ
545 834 720 876 περίοδος
741 830 786 880 ἣν
809 830 972 879 ἄριθμὸς
990 832 1258 880 περιλαμβάνει
1274 834 1426 874 τέλειος.
1457 830 1682 883 ἀνθρωπείῳ

294 886 347 934 δέ,
378 885 416 923 ἐν
437 882 468 935 ᾧ
487 887 620 933 πρώτῳ
640 886 819 935 αὐξήσεις
840 889 1042 935 δυνάμεναι
1065 891 1125 926 καὶ
1153 889 1404 935 δυνησόμεναι
1420 894 1518 935 τρεῖς
1539 887 1683 927 ἀποκα-

294 943 502 989 ταστάσεις,
531 943 710 990 τέτταρας
731 946 771 982 δὲ
790 944 903 991 ὅρους
924 948 1106 995 λαβοῦσαι
1127 944 1356 992 ὁμοιούντων
1374 947 1437 982 καὶ
1461 944 1682 990 ἀνομοιούν-

293 1015 391 1045 των,
420 1001 480 1036 καὶ
501 997 719 1047 αὐξόντων,
747 1004 809 1039 καὶ
847 1002 1065 1048 φθινόντων
1093 1001 1216 1038 πάντα
1245 1001 1460 1048 προσήγορα
1487 1002 1550 1039 καὶ
1587 1003 1682 1049 ῥητὰ

293 1055 388 1101 πρὸς
413 1056 552 1102 ἄλληλα
586 1055 809 1108 ἀπέφηναν,
840 1055 893 1096 ὧν
925 1058 1108 1106 ἐπίτριτος
1137 1058 1294 1105 πυθμήν
1312 1058 1480 1104 πεμπάδι
1503 1060 1682 1104 συζυγεὶς,

295 1113 363 1150 δύο
387 1110 567 1160 ἁρμονίας
589 1114 787 1161 παρέχεται
814 1118 892 1160 τρὶς
907 1114 1101 1163 αὐξηθεὶς,
1131 1116 1198 1152 τὸν
1221 1115 1289 1160 μὲν
1311 1117 1413 1162 ἴσον,
1448 1112 1579 1158 ὁσάκις
1599 1115 1684 1153 gnot-

295 1182 394 1215 στον,
411 1169 651 1213 τοσαυτάκις·
681 1171 748 1209 τὸν
767 1172 806 1210 δὲ
829 1173 985 1220 ἰσομήκη
1004 1175 1048 1221 τῇ
1067 1171 1252 1219 προμήκει
1268 1171 1403 1209 ἑκατὸν
1418 1170 1485 1218 μὲν
1503 1169 1684 1219 ἀριθμὸν,

295 1223 370 1263 ἀπὸ
393 1227 602 1272 διαμέτρων
623 1227 746 1274 ῥητῶν
762 1228 968 1276 πεμπάδων
987 1229 1174 1275 δεομένων
1204 1228 1289 1271 ἑνὸς
1318 1227 1484 1265 ἑκάστων
1512 1225 1684 1276 ἆῤῥήτῶν

294 1282 335 1320 δὲ
357 1285 477 1329 δυοῖν,
508 1282 640 1320 ἑκατὸν
655 1284 694 1322 δὲ
714 1284 840 1332 κύβων
860 1286 1022 1332 τριάδος.
1059 1285 1202 1332 ξύμπας
1225 1285 1265 1322 δὲ
1285 1281 1396 1326 οὗτος
1416 1282 1579 1332 ἄριθμὸς
1594 1299 1686 1331 γεω-

294 1338 467 1386 μετρικὸς
488 1343 685 1387 τοιοῦτος,
726 1340 856 1389 κύριος
884 1340 1093 1390 ἀμεινόνων
1122 1355 1162 1380 τε
1192 1343 1254 1379 καὶ
1284 1340 1464 1388 χειρόνων
1498 1342 1685 1388 γενέσεων.

293 1400 333 1434 Id
353 1404 418 1444 est,
439 1405 477 1434 ut
495 1411 560 1443 ego
580 1393 817 1445 interpretor?
835 1404 965 1437 Rerum
985 1402 1122 1446 quidem
1139 1412 1268 1445 earum,
1288 1413 1377 1446 quae
1395 1402 1553 1437 divinitus
1567 1403 1685 1437 orian-

294 1462 373 1501 tur,
401 1458 566 1491 ambitum
600 1468 761 1493 numerus
782 1461 1022 1504 complectitur
1046 1458 1236 1503 perfectus:
1272 1459 1495 1493 humanarum
1526 1469 1627 1501 vero,
1657 1459 1687 1493 is

294 1523 456 1548 numerus
484 1515 515 1548 in
543 1525 610 1558 quo
635 1516 850 1559 reperiantur
877 1517 1008 1551 numeri
1037 1520 1238 1559 superantes
1260 1527 1303 1549 ac
1322 1516 1475 1559 superati
1502 1526 1544 1550 ex
1572 1517 1685 1549 incre‘
1724 1541 1727 1544 .

295 1573 411 1604 mento
432 1581 474 1604 ac
495 1571 715 1606 decremento
734 1573 842 1607 tribus
861 1573 1046 1607 intervallis
1069 1578 1216 1615 quatuor
1233 1573 1387 1606 terminis
1410 1572 1686 1616 comprehensis3

294 1637 338 1661 ex
357 1627 478 1671 quibus
494 1627 688 1662 efficiuntur
707 1640 784 1663 cum
803 1631 941 1671 similes,
968 1634 1040 1663 tum
1059 1629 1239 1663 dissimiles
1261 1630 1358 1668 ‚inter
1377 1639 1415 1663 se
1431 1629 1576 1670 numeri,
1595 1630 1687 1663 aucti

293 1687 397 1727 atque
417 1684 601 1718 imminuti:
634 1686 691 1728 qui
709 1687 853 1730 propriis
873 1686 1066 1720 nominibus
1084 1686 1284 1730 efferantur,
1316 1690 1350 1719 et
1380 1686 1468 1719 inter
1485 1696 1524 1719 se
1545 1696 1688 1730 compa-

294 1745 423 1774 rentur.
454 1751 598 1784 quorum
615 1743 834 1785 sesquitertia
856 1743 955 1776 radix
974 1743 1130 1785 quinario
1161 1743 1354 1784 coniuncta,
1389 1742 1476 1776 duos
1498 1747 1687 1777 concentus

294 1796 442 1830 efficiat:
470 1801 524 1830 ter
548 1801 675 1839 aucta,
704 1809 829 1832 unum:
865 1800 1061 1842 aequalem,
1098 1799 1308 1841 aequalitem
1346 1800 1497 1840 centia,
1527 1803 1685 1833 centum:

293 1854 439 1887 alterum
460 1854 639 1896 aequalem
664 1863 731 1887 una
759 1859 859 1898 parte
888 1856 940 1889 sui
971 1855 1158 1898 longiorem
1196 1859 1332 1888 centum
1362 1866 1403 1888 ex
1431 1855 1686 1889 dimetientibus

295 1920 383 1953 quae
403 1910 494 1944 inter
510 1920 549 1944 se
574 1912 767 1954 comparari
784 1916 938 1955 possunt,
967 1912 1133 1945 detractis
1152 1911 1315 1954 quinariis
1330 1912 1462 1945 unitate
1478 1913 1685 1954 minoribus3

294 1966 426 2001 duabus
442 1977 523 2001 vero
542 1967 763 2001 ineffabilium
794 1970 965 2002 rationum
1000 1972 1137 2002 centum
1173 1978 1255 2001 vero
1275 1968 1462 2002 solidorum
1482 1969 1588 2012 ipsius
1616 1973 1686 2003 ter-

296 2024 395 2058 narii.
453 2025 565 2066 Atque
595 2022 649 2057 hic
677 2034 837 2058 numerus
868 2025 1081 2068 geometrica
1102 2024 1236 2058 ratione
1253 2025 1418 2057 conflatus
1442 2026 1476 2058 in
1499 2025 1601 2059 rebus
1624 2025 1687 2058 hu-

296 2080 405 2114 manis
424 2080 681 2124 potentissimus
714 2084 767 2115 est
786 2081 829 2115 ad
866 2093 926 2115 eos
945 2081 1002 2124 qui
1019 2078 1192 2115 meliorem
1214 2081 1338 2123 quique
1360 2081 1563 2116 deteriorem
1583 2082 1688 2124 origi-

295 2146 375 2171 nem
393 2138 593 2172 sortiuntur.
625 2134 732 2183 (haec
759 2137 1000 2181 interpretatio
1022 2137 1188 2179 Graecis,
1218 2148 1306 2180 quae
1332 2139 1564 2182 praescripsit,
1583 2138 1688 2172 Bodi-

296 2204 382 2235 nus,
412 2194 551 2227 minime
582 2194 779 2237 respondet.
838 2195 960 2238 Itaque
988 2193 1127 2235 dubito,
1161 2205 1204 2227 an
1232 2205 1273 2227 ea
1298 2194 1340 2227 ab
1363 2195 1430 2227 alio
1450 2194 1561 2237 forte,
1592 2196 1688 2228 cuius

297 2250 488 2284 doctrinam
512 2248 796 2294 magnifaceret,
827 2252 1031 2292 constituta,
1061 2250 1121 2284 sed
1150 2260 1268 2294 parum
1287 2262 1306 2284 a
1327 2261 1364 2284 se
1387 2251 1582 2295 intellecta,
1613 2261 1687 2285 mu·

297 2309 412 2341 tuatus
431 2306 486 2340 hic
506 2307 688 2351 posuerit.)
747 2308 814 2341 Hic
832 2308 935 2341 Plato
964 2318 1033 2341 non
1051 2307 1168 2349 aliter,
1198 2317 1299 2349 quam
1320 2307 1493 2351 Polypus,
1522 2319 1565 2342 ne
1599 2309 1687 2341 irre-

297 2363 423 2405 tiatur,
452 2368 645 2398 atramento
680 2364 907 2408 undequaque
933 2365 1087 2405 suffuso,
1124 2365 1258 2407 elapsus
1291 2368 1354 2397 est.
1385 2364 1419 2397 in
1448 2375 1514 2407 qno
1549 2365 1687 2408 quidem

296 2419 532 2462 Heraclitum,
566 2421 609 2454 ad
639 2422 733 2455 cuius
760 2422 890 2465 scripta
918 2420 1177 2464 interpretanda
1196 2421 1294 2454 Delio
1321 2424 1480 2454 natatore
1500 2431 1584 2465 opus
1610 2430 1686 2455 esse

298 2475 457 2518 dicebat,
490 2477 617 2510 imitari
645 2479 735 2511 visus
765 2481 837 2518 est;
870 2477 972 2520 ldque
999 2478 1066 2511 iam
1084 2477 1163 2510 inde
1183 2478 1224 2509 ab
1247 2477 1424 2510 Heraclito
1443 2482 1684 2519 commentum,

299 2543 376 2566 cum
406 2533 605 2577 saepissime
637 2533 810 2578 discipulis
839 2534 920 2567 illud
955 2535 1148 2577 ingereret,
1180 2529 1382 2573 σκότησον,
1411 2544 1479 2569 non
1504 2540 1636 2568 tantum
1665 2535 1683 2567 a

298 2588 466 2631 Platone,
496 2590 558 2623 sed
588 2590 691 2624 etiam
720 2592 763 2624 ab
794 2591 979 2625 Aristotele
1008 2591 1144 2634 saepius
1168 2595 1365 2633 usurpatum
1392 2595 1463 2632 est3
1506 2596 1543 2625 ut
1571 2600 1684 2625 rerum

299 2645 569 2680 difficillimarum
596 2651 631 2681 et
658 2647 691 2680 in
712 2647 838 2681 abditis
853 2652 1000 2681 naturae
1017 2647 1152 2680 arcanis
1171 2652 1379 2680 retrusarum
1406 2649 1551 2691 caligine
1568 2648 1684 2690 peritis

299 2713 408 2746 aeque
431 2712 473 2737 ac
493 2703 658 2747 imperitis
687 2704 837 2737 obducta
869 2703 1166 2737 admirabilitatem
1185 2704 1236 2737 sui
1256 2705 1460 2738 excitarent.
1516 2704 1555 2738 ld
1575 2704 1683 2747 potis·-

299 2760 420 2794 simum
437 2759 735 2794 animadvertimus
751 2761 784 2795 in
806 2761 898 2794 libris
923 2762 975 2794 De
994 2765 1136 2801 natura,
1167 2771 1253 2804 quos
1283 2759 1483 2796 Aristoteles
1508 2771 1545 2795 se
1567 2760 1682 2794 dedita
