1764 3176
633 200 667 240 E
697 199 736 240 D
766 198 787 240 I
816 198 853 240 T
883 199 923 241 O
942 198 992 240 'R
1019 199 1040 240 I
1072 198 1115 240 S.
1388 211 1551 237 xxxva

158 328 284 360 τριτον
313 312 454 351 ε’κεῖνον
482 311 679 359 πυθμένα,
711 312 776 350 τὸν
800 314 845 361 τῇ
871 311 1037 358 πεμπάδι
1060 310 1368 357 συζευγνύμενον,
1398 310 1459 346 καὶ
1480 309 1552 351 τὰς

158 370 229 408 δύο
248 368 502 417 παρεχόμενον
523 369 714 415 ἁρμονίας.
771 375 811 406 In
842 372 893 406 his
911 374 1054 416 primum
1075 374 1234 417 displicet
1254 371 1468 415 participium
1488 379 1550 401 συ-

158 428 411 475 στησάμενον,
441 432 632 465 orationem
659 430 891 474 imperfectam
921 430 1125 472 relinquens.
1186 430 1287 466 Quod
1310 429 1337 461 si
1358 428 1432 470 quis
1456 425 1547 460 refe-

156 489 298 522 rendum
326 493 425 532 putet
452 489 496 522 ad
525 488 722 530 superiora:
757 480 851 524 ὅλως
875 481 914 518 δὲ
944 479 1096 529 εὑρετὴν
1119 480 1437 526 αὐτὸνγενέσθαι
1456 479 1549 523 φασὶ

155 543 217 578 καὶ
251 543 318 587 τῆς
343 543 534 588 πολιτικῆς
562 538 647 586 ὅλης
673 541 867 584 παιδείας,
898 537 1052 575 εἰπόντα
1085 538 1202 583 μηδὲν
1231 536 1422 583 εἰλικρινὲς
1452 536 1550 576 εἶναι

155 601 231 636 τῶν
251 596 371 635 ὄντων
389 597 638 644 πραγμάτων,
670 595 761 632 ἀλλὰ
778 595 940 641 μετέχειν
963 596 1024 631 καὶ
1045 597 1114 642 γῆν
1137 594 1253 639 πυρὸς
1278 596 1337 629 καὶ
1359 595 1433 638 πῦρ
1455 589 1548 629 2360(-

155 669 218 698 τος
234 676 292 682 --
312 654 352 691 ἐκ
372 654 412 691 δὲ
438 653 579 700 ταύτης
606 655 672 698 τῆς
691 650 911 694 ὑποθέσεως
939 655 1066 700 λαβεῖν
1086 650 1153 688 τὸν
1175 650 1285 697 λόγον
1300 650 1368 695 τὴν
1392 652 1444 691 εἰς
1465 648 1549 686 ἑκά-

153 725 263 758 τερον
284 710 397 758 μέρος
426 708 566 758 ὁρμήν·
600 710 669 747 δύο
701 709 742 746 δὲ
772 709 868 745 εἶναι
895 708 1056 756 κινήσεις
1085 710 1150 745 καὶ
1180 710 1248 744 τοῦ
1281 705 1452 752 σώματος
1485 708 1550 743 καὶ

154 771 221 816 τῆς
250 770 392 815 ψυχῆς,
422 767 491 814 τὴν
522 765 587 813 μὲν
621 765 775 812 ἄλογον,
806 766 875 812 τὴν
904 766 944 803 δὲ
974 765 1261 812 προαιρετικήν.·
1301 767 1549 810 grammaticae

154 829 279 863 rationi
302 828 516 872 prospiciens
542 827 736 862 sententiae
756 828 820 860 vim
841 830 875 859 et
901 827 1062 860 damnum
1087 826 1205 860 saciat.
1264 824 1386 867 Neque
1405 825 1447 856 ab
1467 823 1548 857 lior—

152 886 228 920 rida
245 887 350 919 totius
369 885 445 918 libri
468 886 624 918 oratione
655 885 766 918 aliena
797 884 875 916 talis
896 888 1068 917 structura
1091 887 1164 925 est,
1193 886 1232 915 ut
1261 881 1409 915 fortasse
1436 891 1479 914 ne
1499 881 1548 914 le—

152 943 293 977 nissima
312 941 450 986 quidem
473 943 673 983 mutatione,
703 952 771 983 qua
795 941 927 973 sublata
952 940 1123 983 particula
1145 934 1185 972 δὲ
1207 942 1286 982 post
1303 933 1548 979 λογιζομένων

154 1003 191 1033 et
209 1003 338 1043 puncto
356 1002 436 1042 post
457 993 643 1039 οἷνάμεσον
660 998 775 1031 deleto
794 997 1011 1040 participium
1031 1007 1107 1030 cum
1126 997 1231 1030 verbo
1255 988 1549 1028 ’ὑποτυποῦσθαι

152 1057 298 1089 activam
324 1056 390 1089 vim
418 1054 567 1089 habente
598 1058 839 1096 construatur,
877 1065 963 1096 opus
992 1055 1046 1089 sit.
1104 1052 1151 1086 At
1180 1052 1352 1096 quomodo
1382 1048 1549 1093 γραμμαὶ

151 1113 251 1156 τρεῖς
275 1113 342 1146 dici
359 1116 504 1156 possunt
534 1110 623 1154 μίαν
645 1105 769 1153 ὀρθὴν
786 1109 925 1152 γωνίαν
944 1108 1150 1144 ποιοῦσαιὶ)
1194 1116 1297 1152 atque
1322 1114 1358 1142 ut
1373 1108 1439 1142 hoc
1456 1108 1547 1141 sera-

152 1180 226 1203 mus
242 1173 277 1203 et
301 1170 460 1203 effectum
489 1180 551 1212 per
581 1180 641 1202 eas
667 1168 872 1210 triangulum
900 1168 1136 1210 rectangulum
1163 1167 1349 1209 significari
1377 1170 1548 1208 putemus,

151 1227 323 1269 quomodo
349 1237 419 1259 una
447 1233 490 1259 ex
530 1225 570 1258 iis
608 1225 705 1258 lineis
737 1220 923 1265 ἐπίτριτον
953 1218 1068 1263 φύσιν
1103 1221 1257 1265 ἔχουσα,
1297 1224 1406 1256 altera
1437 1217 1547 1254 πέντε

151 1281 310 1316 τοιαῦτα
341 1279 550 1324 δυναμένη,
581 1282 684 1315 tertia
712 1281 859 1324 denique
889 1275 1034 1312 τούτων
1069 1272 1294 1322 ἀμφοτέρων
1329 1274 1401 1311 dvo}
1434 1274 1547 1321 μέσον

150 1344 267 1383 potest
298 1338 392 1373 dici?
422 1339 456 1372 in
485 1339 606 1381 quibus
626 1338 772 1372 maxime
791 1338 892 1371 obest
911 1336 993 1370 illud
1012 1336 1190 1379 τοιαῦτα,
1222 1336 1312 1379 quod
1335 1346 1444 1378 neque
1470 1345 1546 1368 cum

150 1393 260 1430 πέντε
279 1396 439 1438 coniungi
459 1399 575 1439 potest
594 1406 703 1438 neque
722 1395 860 1428 omnino
886 1393 1008 1435 habet,
1039 1405 1105 1437 quo
1133 1393 1322 1434 referatur,
1353 1393 1382 1426 si
1409 1392 1546 1435 quidem

149 1454 249 1487 unius
267 1457 400 1487 tantum
421 1453 532 1486 lineae
554 1452 587 1485 in
612 1452 782 1496 prioribus
800 1452 928 1486 mentio
951 1451 1043 1485 facta
1075 1455 1150 1493 est;
1182 1461 1247 1484 nec
1266 1451 1376 1483 minus
1393 1450 1546 1492 ineptum

149 1510 301 1551 videtur,
330 1509 420 1553 quod
436 1510 543 1543 altera
559 1503 744 1550 κάθετος,
774 1519 863 1551 quae
885 1512 920 1541 et
936 1508 1011 1551 ipsa
1034 1508 1286 1551 sesquitertiam
1308 1511 1465 1540 naturam
1482 1505 1547 1539 ha-

150 1568 228 1610 bet,
259 1577 327 1600 non
347 1567 465 1600 statim
486 1570 565 1610 post
582 1567 744 1607 alteram,
774 1566 834 1599 sed
862 1569 942 1608 post
961 1558 1232 1598 ὑποτείνουσαν
1251 1567 1548 1597 commemoratur.

150 1625 268 1660 Quare
291 1628 351 1658 aut
371 1634 581 1666 magnopere
597 1623 716 1663 fallor,
747 1627 808 1655 aut
838 1622 982 1655 duarum
1010 1622 1221 1656 diversarum
1249 1620 1421 1654 rationum
1437 1621 1547 1663 expli-

152 1681 304 1714 cationes
327 1680 486 1714 confusas
512 1679 576 1713 hoc
595 1681 671 1713 loco
694 1679 870 1719 habemus,
897 1679 1041 1711 alteram
1060 1679 1280 1721 triangulum,
1300 1679 1442 1710 alteram
1461 1687 1545 1719 qua—

152 1737 353 1780 drangulum
373 1737 618 1777 describentes,
646 1741 827 1778 utramque
850 1735 1064 1769 referendam
1090 1735 1133 1768 ad
1155 1735 1259 1767 talem
1280 1733 1352 1767 fere
1369 1732 1546 1767 Iamblichi

147 1794 373 1828 sententiam:
405 1791 604 1825 πολιτειῶν
623 1788 663 1824 δὲ
680 1787 849 1833 γραμμάς
869 1801 972 1828 τινας
988 1786 1137 1825 τοιάσδε
1157 1787 1447 1832 συστησάμενον,
1477 1785 1546 1827 τὰς

149 1845 216 1892 μὲν
258 1851 338 1888 τοῖς
371 1843 499 1891 ἄκροις
531 1843 699 1890 ἀλλήλων
739 1843 1012 1889 συμψαυούσας
1047 1845 1109 1880 καὶ
1136 1846 1225 1889 μίαν
1253 1841 1377 1890 ὀρθὴν
1405 1844 1545 1889 γωνίαν

150 1901 355 1947 ποιούσας,
387 1901 458 1949 τὴν
488 1901 674 1946 ἐπίτριτον
704 1899 818 1946 φύσιν
839 1900 1013 1947 ἐχούσας,
1044 1901 1115 1947 τὴν
1144 1900 1182 1937 δὲ
1209 1903 1368 1937 τοιαῦτα
1386 1898 1545 1946 δυναμέ-

149 1974 231 2006 νην.
270 1963 390 2006 quibus
423 1962 535 1996 verbis
573 1963 629 1996 ille
660 1965 697 1996 et
723 1960 797 1994 τῶν
826 1957 997 1994 καθέτων
1026 1962 1194 1995 rationem
1224 1962 1477 2004 sesquitertiam
1510 1965 1545 1994 et

149 2021 274 2054 tertiae
292 2021 403 2054 lineae
423 2020 490 2053 vim
509 2020 573 2052 illis
590 2020 686 2062 paria
711 2015 908 2064 (τοιαῦτα)
931 2018 1140 2062 producendi
1162 2019 1427 2061 significaverat,
1456 2019 1545 2060 figu-

149 2087 245 2118 ram,
272 2077 381 2110 tribus
408 2087 453 2109 an
474 2080 621 2118 quatuor
649 2076 810 2109 lateribus
838 2080 1034 2116 constaret,
1064 2076 1154 2118 quod
1177 2076 1220 2108 ad
1241 2085 1311 2108 rem
1332 2076 1440 2117 ipsam
1464 2073 1545 2107 nihil

148 2135 334 2176 intererat,
362 2133 574 2167 indefinitam
601 2133 807 2175 reliquerat3
839 2143 939 2175 quam
964 2132 1088 2165 deinde
1115 2133 1171 2165 alii
1208 2132 1414 2173 triangulam
1438 2131 1543 2164 inter-

149 2194 325 2234 pretantes
361 2191 460 2232 τρεῖς
497 2190 752 2233 adscripserunt
788 2191 995 2233 insuperque
1027 2185 1158 2230 πέντε,
1201 2188 1244 2221 ad
1274 2188 1543 2231 magnitudinem

149 2247 384 2290 hypotenusae
412 2246 676 2288 declarandam,
706 2247 764 2280 alii
798 2247 1065 2289 quadrangulam
1092 2246 1323 2288 intelligentes
1349 2256 1411 2288 pro
1433 2244 1543 2288 hypo-

150 2309 273 2337 tenusa
294 2304 510 2346 diagonalem
530 2308 716 2346 posueruut
730 2328 739 2344 ,
772 2314 916 2346 eamque
937 2303 1047 2336 verbis
1072 2298 1140 2346 τὴν
1162 2298 1200 2334 δὲ
1219 2297 1364 2334 τούτων
1387 2294 1460 2333 niv&
1479 2297 1541 2343 μέ-

151 2369 217 2394 σον
243 2361 488 2403 significarunt.
558 2361 691 2396 Quibus
720 2361 875 2394 omnibus
905 2364 1027 2403 postea
1060 2360 1103 2393 ab
1135 2359 1301 2403 imperitis
1331 2359 1477 2392 librariis
1508 2358 1541 2392 iu

151 2421 281 2452 textum
296 2418 443 2460 receptis
462 2418 609 2460 pessime
628 2417 820 2460 inquinatus
841 2418 936 2450 loeus
960 2421 1024 2452 est.

264 2474 481 2507 Revertimur
511 2474 554 2507 ad
579 2474 801 2515 Bullialdum,
831 2474 888 2516 qui
919 2484 1013 2507 suam
1035 2473 1140 2517 ipsius
1169 2473 1374 2505 sententiam
1394 2473 1472 2505 loco
1491 2472 1540 2505 ci-

151 2535 225 2564 tato
243 2531 398 2573 exposuit
408 2543 440 2574 p.
453 2530 533 2566 292.
547 2531 751 2574 praepositis
763 2531 918 2564 Platonis
937 2530 1058 2573 verbis,
1076 2529 1360 2572 quemadmodum
1377 2530 1411 2562 iu
1430 2529 1542 2572 prima

150 2588 342 2621 Basileensi
365 2588 541 2629 legantur:
563 2581 669 2620 ’Έστι
701 2585 740 2619 δὲ
765 2586 861 2632 θείῳ
887 2581 954 2628 μὲν
986 2585 1126 2632 γενητῷ
1156 2584 1281 2631 (Basil.
1310 2590 1405 2619 recte
1439 2585 1542 2618 habet

150 2642 332 2689 γεννητῷ)
351 2642 526 2686 περίοδος
544 2637 590 2687 ἣν
612 2638 773 2686 ἀριθμὸς
791 2639 1057 2687 περιλαμβάνει
1074 2639 1223 2680 τέλειος.
1252 2637 1477 2686 ἀνθρωπείῳ
1499 2637 1540 2674 δὲ

151 2697 189 2734 ἐν
203 2693 230 2746 ᾧ
249 2696 382 2745 πρώτῳ
399 2693 583 2744 αὐξήσεις,
605 2696 810 2742 δυνάμεναί
827 2711 865 2733 τε
881 2698 942 2733 καὶ
955 2695 1271 2742 δυναστευόμεναι
1285 2700 1383 2740 τρεῖς
1399 2693 1540 2731 ἀποκα-

151 2752 357 2798 ταστάσεις,
375 2752 552 2799 τέτταρας
564 2753 601 2790 δὲ
619 2752 731 2800 ὅρους
744 2756 925 2802 λαβοῦσαι
937 2750 1168 2798 ὁμοιούντων
1181 2767 1230 2798 τε,
1243 2753 1304 2789 καὶ
1318 2750 1539 2797 ἀνομοιούν-

150 2825 237 2856 των,
258 2811 319 2846 καὶ
340 2807 543 2856 αὐξόντων,
559 2812 619 2847 καὶ
635 2810 854 2856 φθινόντων
865 2810 991 2847 πάντα
1010 2809 1238 2857 προσήγορα,
1260 2810 1321 2846 καὶ
1343 2807 1540 2855 ῥητὰπρὸς

152 2865 288 2914 ἄλληλα
321 2863 533 2915 ἆπέφῃναν.
584 2864 636 2904 ὧν
665 2867 848 2915 ἐπίτριτος
877 2866 1036 2914 πυθμὴν
1062 2865 1232 2914 πεμπάδι
1271 2866 1436 2912 συζυγεὶς
1469 2863 1539 2902 δύο
