1764 3176
278 139 360 180 172

737 114 1224 176 PLATole

185 257 253 292 588
280 242 602 300 διαφορότητος
631 247 727 287 τοῖν
757 242 955 298 ἀνδροῖν,
983 247 1064 288 τοῦ
1088 260 1132 288 τε
1155 243 1328 286 δικαίου
1355 243 1428 286 καὶ
1451 245 1530 285 τοῦ
1564 240 1654 285 ἀδί-

273 331 368 366 κου,
393 311 503 366 πρός
521 309 689 368 ἡδονήν
707 326 751 354 τε
768 311 840 354 καὶ
860 311 1014 368 λύπην.
1054 312 1143 355 Καὶ
1159 312 1308 367 μέντοι
1329 312 1403 354 καὶ
1422 309 1564 366 ἀληθῆ
1581 309 1655 352 καὶ
1701 321 1706 327 ’

272 377 554 436 προσήκοντά
578 395 645 434 γε,
677 373 733 434 ἦν
763 380 788 422 δ
799 377 810 393 '
840 378 937 433 ἐγώ,
975 380 1087 434 βίοις
1118 379 1326 434 ἀριθμὸν,
1359 380 1476 431 εἴπερ
1505 376 1656 428 αὐτοῖς

273 446 574 504 προσήκουσιν
603 445 759 502 ἡμέραι
791 447 864 489 καὶ
893 445 1047 498 νύκτες
1076 449 1149 492 καὶ
1179 453 1310 504 μῆνες
1340 447 1411 490 καὶ
1442 446 1650 488 ἐνιαυτοί.

180 1925 248 1961 588

272 515 397 560 ’And
445 515 554 571 μὴν,
604 514 710 570 ἔφη,
751 512 1065 569 προσήκουσιν.

1148 515 1328 559 Ου’κοῦν
1365 516 1400 557 εἰ
1439 517 1655 556 τοσοῦτον

271 582 413 640 ἡδονῇ
442 586 546 639 νικᾷ
586 581 609 626 ὁ
647 581 816 637 ἀγαθός
852 598 897 624 τε
927 583 999 625 καὶ
1030 584 1199 635 δίκαιος
1237 583 1316 627 τόν
1345 581 1481 626 κακόν
1509 597 1552 624 τε
1581 581 1656 624 καὶ

276 651 458 701 ἄδικον,
501 648 705 706 ἀμηχάνῳ
745 650 797 704 δὴ
840 649 927 708 ὅσῳ
966 655 1116 694 πλεῖον
1152 651 1320 707 νικήσει
1352 648 1654 707 εὐσχημοσύνῃ

273 737 317 763 τε
348 721 448 776 βίου
480 719 551 762 καὶ
583 717 732 760 κάλλει
761 718 835 760 καὶ
865 717 1018 775 ἀρετῆς
1044 717 1271 775 Ἀμηχάνῳ
1301 719 1447 775 μέντοι
1475 717 1527 774 νὴ
1551 718 1654 769 Δία,

208 788 245 829 Β
281 788 379 845 ἔφη.
440 785 546 829 Εἶεν
589 785 665 840 δή,
707 782 853 828 εἶπον·
890 785 1036 841 ἐπειδὴ
1078 787 1273 830 ἐνταῦθα
1313 787 1449 841 λόγου
1478 785 1655 841 γεγόνα-

274 872 378 912 μεν,
409 854 697 909 ἀναλάβωμεν
727 851 780 895 vc}
814 847 964 908 πρῶτα
994 854 1223 910 λεχθέντα,
1255 853 1316 898 δι’
1349 853 1376 896 ἂ
1406 853 1526 910 δεῦρ’
1554 851 1654 909 ἥκο-

274 1001 494 1047 praelongum
526 1002 724 1035 vocabulum
757 1000 884 1034 numeri
917 1013 938 1035 a

274 1049 420 1082 Socrate
445 1048 569 1092 prolati
593 1048 814 1080 adhibendam
834 1047 937 1091 signi-

274 1095 383 1128 ficare
408 1099 530 1138 potest,
557 1105 618 1126 nec
643 1094 782 1126 multum
806 1094 848 1126 ab
873 1094 936 1126 hoc

273 1140 407 1173 abludit
430 1139 489 1173 illa
507 1137 720 1183 καταφορὰ,
739 1151 837 1184 quam
859 1151 936 1172 ora-

273 1186 405 1220 toribus
423 1197 497 1219 esse
510 1186 597 1218 intel
615 1186 840 1218 accusandum
861 1185 935 1218 lon-

272 1232 402 1275 giorem
436 1231 574 1275 spiritus
608 1231 865 1276 productionem
895 1243 935 1264 ex

271 1278 490 1320 Hermogene
526 1278 632 1310 refert
664 1280 759 1311 vetus
803 1277 933 1310 lexicon

273 1323 364 1368 apud
408 1323 618 1367 Stephanum
657 1323 744 1356 thes.
779 1323 822 1356 T.
851 1323 933 1356 1111.

272 1381 305 1413 p.
339 1370 413 1403 109.
443 1369 482 1402 C.
532 1369 621 1401 Hinc
653 1380 770 1401 sensus
803 1368 936 1402 exsistit

271 1415 362 1448 haud
387 1415 499 1459 paullo
525 1414 649 1458 aptior,
674 1427 773 1460 quam
793 1426 834 1448 ex
858 1426 935 1448 ver-

271 1462 315 1494 bo
341 1460 582 1514 καταφωρᾷν.

320 1496 611 1560 διαφορότητος]
640 1506 769 1539 Moeris
778 1518 826 1562 p.
848 1507 933 1540 128:

272 1550 569 1608 διαφορότητος·
596 1550 752 1585 Πλάτων
770 1549 808 1585 ἐν
828 1552 934 1585 Θεαι-

272 1596 381 1644 τήτω.
422 1610 497 1641 παρ
565 1594 661 1643 α’λλῳ
709 1595 775 1641 οὔχ
812 1597 933 1641 εὗρον.

272 1645 423 1678 Thomas
449 1645 540 1688 Mag.
577 1657 610 1690 p.
636 1634 721 1679 ¹222:
748 1642 933 1699 διαφορά·

270 1688 409 1729 πάντες
438 1689 602 1734 λέγουσι
630 1687 859 1745 διαφορότης
881 1687 933 1733 ὁε,

272 1734 430 1770 Πλάτων
455 1735 571 1779 μόνον
595 1733 633 1769 ἐν
662 1734 862 1782 Θεαιτητῳ.
894 1737 934 1769 ln

271 1783 464 1816 Theaeteto
508 1782 688 1836 aliquoties
729 1771 854 1826 legitur
899 1794 932 1826 p.

271 1830 352 1863 209.
386 1834 422 1861 et
446 1829 525 1863 210.
560 1829 642 1861 item
677 1830 709 1861 in
736 1828 875 1862 Philebo
899 1840 934 1872 p.
960 1858 970 1871 ,

277 1877 330 1910 12.
355 1878 441 1907 extr.
468 1877 547 1918 etp
552 1873 634 1909 1.4.
655 1877 696 1909 Α.

322 1917 508 1963 ἐνιαυτοί]
527 1886 642 1953 pHunc
675 1920 838 1964 pluralem
872 1919 935 1952 im-

274 1967 438 2011 probasse
485 1965 665 1999 Atticistas
706 1965 936 1998 Antiatticista

273 2013 553 2057 docetp.94‚31.
578 2012 760 2045 Homerum
777 2012 828 2045 eis
847 2011 935 2043 obii-

273 2058 365 2092 ciens
380 2067 414 2091 et
431 2058 642 2092 Herodotum
655 2057 694 2090 L.
707 2058 732 2090 I.
751 2058 842 2100 (cap.
856 2057 932 2100 32.)

319 2105 365 2149 εἰ]
394 2104 444 2143 εἰς
469 2104 555 2137 Lob.
586 2103 681 2136 Vind.
707 2104 749 2136 E.
780 2103 871 2136 Mon.
892 2103 934 2135 B.

272 2150 351 2184 Vat.
375 2150 455 2183 ΒΜ.
484 2150 565 2183 Ven.
593 2149 634 2183 C.
660 2150 739 2183 Par.
766 2149 841 2182 DK.
865 2159 936 2183 sec.

272 2197 379 2229 Bekk
408 2197 498 2229 F.lor
524 2197 569 2229 U.

318 2239 437 2297 ἡδονῇ
472 2242 579 2297 νικᾷ]
618 2237 779 2284 ήδονὴνϊ
807 2238 890 2280 καὶ,
916 2252 935 2272 e

272 2299 361 2322 corr.
385 2285 528 2332 ἡδονήν
560 2286 643 2330 καὶ,
670 2287 769 2323 Vind.
792 2287 837 2321 F.
860 2283 934 2330 ἤδη

270 2334 357 2368 νικᾶ
384 2335 480 2367 Flor.
506 2335 546 2367 R.

320 2376 379 2424 δὴ]
406 2379 444 2413 δὲ
470 2380 563 2413 Mon.
590 2380 631 2414 B.

319 2428 467 2470 πλεῖον]
493 2426 637 2459 πλείονι
660 2424 759 2458 Vind.
782 2424 824 2458 F.
849 2424 934 2467 Ang.

271 2472 313 2505 B.
347 2469 476 2505 πλέονι
511 2472 603 2505 Μοῃ.
640 2472 678 2505 B.
720 2471 813 2504 Flor.
857 2471 935 2504 RU.

272 2518 464 2558 Bekkerus‚
481 2518 597 2551 Astius
621 2517 654 2550 in
675 2522 756 2550 tert.
777 2521 812 2550 et
831 2516 937 2549 Stall-

272 2563 438 2605 baumius,
465 2564 523 2607 qui
548 2564 651 2597 multo
676 2563 795 2596 maiori
819 2566 935 2596 aucto-

271 2609 374 2644 ritate
398 2589 596 2654 p’raeditum
631 2609 779 2642 dativum
808 2604 933 2653 ὁπόσῳ

272 2667 377 2700 supra
403 2667 434 2700 p.
450 2657 529 2690 587.
553 2655 593 2688 C.
620 2655 847 2699 recipiendum
869 2665 935 2687 non

272 2704 491 2746 putaverunt
546 2701 614 2734 Hic
648 2712 729 2734 vero
763 2712 829 2734 non
865 2704 933 2733 tam

273 2747 480 2792 praecedens
533 2747 752 2781 accusativus
803 2745 937 2780 τοσοῦ-ι

272 2803 359 2836 τον,
382 2798 501 2838 utpote
524 2792 583 2839 qui
607 2792 766 2827 librarios
790 2792 832 2827 ad
857 2803 934 2826 cor-

994 1003 1169 1046 rigendum
1205 1002 1358 1036 dativum
1399 1001 1571 1046 impellere
1584 1011 1653 1056 po-

992 1049 1077 1089 tuit,
1108 1060 1210 1093 quam
1251 1048 1395 1093 proximi
1437 1047 1543 1080 dativi
1579 1045 1654 1092 ὅσῳ

994 1094 1081 1128 ratio
1115 1095 1249 1128 diversa
1292 1093 1521 1128 accusativum
1553 1105 1594 1137 pr
1580 1104 1656 1125 .ae—

992 1141 1167 1173 fetandum
1192 1152 1268 1173 esse
1290 1146 1416 1181 monet,
1439 1139 1502 1172 nisi
1525 1141 1613 1172 forte
1638 1149 1655 1171 ε

992 1198 1033 1231 pr
1020 1199 1054 1219 ο
1069 1186 1143 1220 etin
1160 1186 1422 1231 antepenultima
1437 1185 1583 1230 positum
1592 1196 1655 1228 pro

993 1244 1049 1265 cei
1053 1236 1088 1265 to
1099 1245 1199 1265 verae
1211 1232 1368 1265 lectionis
1376 1243 1469 1276 signo
1482 1232 1654 1264 habemus.

1040 1275 1104 1320 ἀρε
1091 1279 1151 1323 τῇ
1164 1280 1188 1322 ,·]
1218 1275 1342 1323 ἀρετῇ.
1368 1277 1451 1311 editi
1469 1282 1549 1311 ante
1561 1276 1654 1310 Bek—

989 1324 1119 1357 keinsn.

1037 1370 1125 1418 Δία]
1153 1366 1208 1403 δί’
1233 1369 1320 1403 Lob.
1345 1370 1423 1402 V.at
1450 1369 1499 1401 M.

1038 1413 1125 1449 Εἶεν
1150 1413 1196 1458 δή
1221 1435 1266 1440 -
1296 1417 1416 1458 Δηλοῖ
1445 1412 1538 1458 γὰρ,
1564 1406 1590 1456 ἧ
1614 1410 1654 1446 δ’

994 1457 1046 1500 δ’ς.
1080 1463 1158 1496 591
1188 1462 1244 1504 Α.)
1278 1460 1452 1504 exceipsit
1483 1460 1654 1493 Stobaeus

992 1519 1091 1540 serm.
1118 1508 1234 1542 VIIII.
1268 1519 1299 1552 p.
1326 1509 1401 1541 119.
1450 1506 1489 1539 In
1515 1505 1587 1538 cod.
1613 1506 1653 1538 A.

991 1554 1115 1587 omissa
1137 1558 1228 1588 sunt.

1038 1596 1188 1643 επειδὴ]
1224 1600 1277 1632 Ita
1302 1598 1403 1631 Vind.
1423 1599 1463 1632 B.
1490 1597 1551 1630 sed
1580 1607 1653 1629 cor-

991 1649 1104 1678 rectus
1137 1646 1172 1678 in
1206 1650 1360 1678 extrema
1391 1644 1517 1677 littera.
1560 1639 1654 1675 ἕπει-

992 1689 1064 1725 δὰν
1092 1691 1171 1724 vat.
1196 1692 1241 1725 H.
1266 1692 1359 1724 Flor.
1384 1691 1489 1724 ACV.

1032 1734 1220 1780 ἐνταῦθα]
1244 1734 1404 1770 ἐνταῦτα
1418 1737 1514 1769 Stob.
1534 1734 1653 1768 Trinc.

1038 1781 1164 1827 λόγου]
1190 1781 1300 1826 λόγον
1324 1783 1401 1817 Ald.
1425 1783 1504 1815 Bas.
1531 1782 1586 1814 ab.

1039 1829 1194 1873 πρῶτα]
1232 1830 1315 1863 Ven.
1349 1830 1389 1862 B.
1426 1840 1468 1861 ον
1501 1838 1604 1872 super
1628 1837 1654 1859 α
1681 1819 1718 1860 Β

992 1875 1105 1908 habet.

1039 1918 1239 1965 λεχθέντα]
1302 1917 1502 1964 λεγχθέντα
1554 1918 1652 1952 Stob.

992 1967 1066 1999 cod.
1092 1967 1130 1999 Β.

1039 2009 1093 2045 δι’
1129 2008 1152 2044 ἃ
1178 2008 1289 2054 δεῦρ’
1314 2007 1476 2054 ἥκομεν]
1505 2008 1652 2043 διαδεν-

992 2055 1151 2102 ρήκομεν
1175 2057 1275 2090 Vind.
1295 2057 1338 2089 F.

1037 2105 1125 2148 πον]
1136 2104 1353 2148 quandoque
1377 2103 1450 2137 Fic.

1036 2145 1143 2192 ἢ]η
1171 2149 1269 2182 Vind.
1295 2148 1338 2182 E.

1039 2161 1143 2229 Νῦνη
1150 2193 1195 2238 δὴ
1227 2215 1273 2219 -
1305 2194 1450 2228 δίκαιον
1476 2190 1650 2227 ἐπαινῶν.

990 2243 1070 2277 589.
1105 2242 1144 2274 C.
1156 2208 1319 2285 ]η1·ἂιιᾶᾶτ
1342 2239 1510 2273 Eusebius
1535 2251 1651 2295 praep.

991 2299 1044 2320 ev.
1082 2287 1121 2320 L.
1161 2286 1240 2320 XII.
1282 2299 1314 2332 p.
1348 2288 1435 2321 361:
1480 2283 1653 2327 Νὕνδ’,

991 2331 1087 2388 ε’φην
1108 2336 1173 2366 etc.

1040 2376 1156 2425 αὐτῷ]
1183 2374 1276 2412 αὐτὸ
1305 2377 1386 2412 editi
1412 2380 1491 2411 ante
1514 2377 1652 2410 Bekke—

992 2414 1311 2467 ru1n‚'tacentibus
1345 2424 1387 2457 de
1418 2424 1497 2458 Par.
1520 2423 1565 2456 K.
1589 2423 1650 2456 Bi-

992 2471 1152 2516 pontinis‚
1178 2476 1316 2504 tacente
1338 2470 1418 2503 item
1442 2470 1484 2502 de
1503 2469 1650 2502 Floren-

992 2517 1070 2550 tinis
1094 2517 1338 2557 Stallbaumio‚
1371 2527 1453 2561 quos
1485 2527 1550 2548 non
1574 2526 1649 2548 cre*

992 2563 1094 2596 dibile
1113 2568 1164 2596 est
1183 2575 1202 2597 a
1222 2563 1359 2607 reliquis
1376 2562 1527 2595 omnibus
1546 2561 1650 2603 (unus

992 2609 1064 2642 Par
1088 2608 1131 2644 D.
1162 2607 1181 2644 ὁ
1217 2620 1318 2654 super
1343 2608 1372 2642 ὦ
1399 2608 1518 2650 habet)
1545 2611 1580 2640 et
1607 2607 1649 2640 ab

991 2654 1141 2688 Eusebio
1184 2659 1220 2688 et
1264 2656 1414 2688 Stobaeo
1459 2651 1649 2686 dissentire.

992 2702 1049 2734 Ad
1070 2702 1154 2734 haec
1177 2702 1307 2745 (igitur
1326 2701 1377 2735 ita
1394 2700 1430 2732 in
1449 2699 1650 2754 praesentia

991 2748 1232 2791 disseramus.)
1267 2747 1339 2780 Fic.
1394 2745 1430 2778 Is
1458 2741 1560 2789 αυτῷ
1587 2755 1648 2788 pro

991 2797 1111 2828 neutro
1135 2793 1292 2828 habuisse
1317 2791 1463 2826 videtur.
1511 2790 1648 2824 Mascu-
