1764 3176
539 191 573 231 E
602 191 641 232 D
671 190 691 231 Ῑ
721 190 757 233 Τ
787 190 828 232 O
858 190 896 232 R
921 189 944 231 I
973 189 1016 232 S.
1283 205 1493 231 LXXXXiH

106 319 146 355 et
164 314 286 363 modi,
323 326 402 366 quo
423 313 546 353 altera
561 313 725 352 alteram
746 314 932 364 superet,
963 323 1169 350 numerum
1195 310 1345 349 definit.
1414 310 1494 350 Hic

104 420 226 458 quum
247 407 298 445 de
320 407 411 459 ipso
435 418 604 458 numero
623 404 792 443 dubitari
810 406 995 455 nequeat,
1032 404 1126 453 quin
1149 402 1494 454 septingentorum

102 498 370 550 undetriginta
396 498 469 546 sit,
505 510 597 535 nam
618 500 659 535 et
680 496 841 535 codices
864 496 904 533 in
929 507 977 532 eo
1010 495 1265 533 consentiunt
1284 496 1324 532 et
1344 493 1497 544 reliqua

105 590 235 630 omnia
259 589 404 628 eodem
435 588 584 627 ducunt
610 592 651 626 et
672 601 773 639 quae
799 587 839 626 in
860 587 1038 637 margine
1063 584 1179 625 Vind.
1203 585 1248 624 B.
1281 588 1413 636 posita
1435 589 1499 625 est

105 682 361 732 coniectura,
394 681 478 719 sive
499 694 545 719 ea
566 682 848 719 sexcentorum
872 679 955 727 sixe
976 677 1243 728 undetriginta
1264 683 1304 715 et
1326 690 1495 716 sexcen-

104 777 237 811 torum
269 785 477 811 numerum
507 773 653 823 reponi
684 771 841 818 iubeat,
880 774 989 809 certe
1016 769 1119 808 salsa
1148 772 1235 816 est,
1282 754 1425 807 tamen·
1446 769 1498 807 de

105 865 274 904 consilio
298 864 490 911 Platonis,
528 864 623 915 quid
645 864 907 915 spectaverit,
944 865 988 899 ut
1007 861 1091 899 sola
1117 861 1360 899 conscientia
1382 873 1495 899 com-

104 957 348 1008 prehensam
378 959 420 995 et
451 956 764 1007 uniuscuiusque
790 968 912 994 sensu
944 953 1184 992 metiendam
1211 966 1297 991 rem
1327 965 1494 992 numero

106 1048 310 1096 definiret,
346 1051 429 1086 tum
450 1047 501 1086 de
531 1047 826 1095 convenientia,
865 1059 981 1097 quam
1017 1046 1280 1097 septingentis
1317 1044 1493 1083 undetri-

105 1141 212 1192 ginta
244 1153 336 1178 esse
366 1154 455 1178 cum
488 1141 566 1178 vita
595 1140 736 1178 diebus
769 1142 810 1177 et
829 1138 1013 1176 noctibus
1039 1141 1079 1175 et
1100 1137 1304 1175 mensibus
1327 1139 1367 1174 et
1383 1137 1494 1174 annis

107 1233 305 1272 constanti
324 1232 540 1283 praedicat,
576 1231 748 1282 denique
769 1231 820 1269 de
842 1231 973 1277 trium,
1005 1242 1106 1280 quos
1127 1229 1275 1276 statuit,
1303 1228 1496 1279 graduum

102 1325 259 1363 ratione
280 1323 424 1374 ambigi
442 1326 593 1374 potest.
631 1322 711 1361 Iam
733 1322 841 1374 quod
860 1322 908 1360 ad
926 1322 1098 1372 primum
1117 1322 1268 1368 attinet,
1289 1320 1494 1358 Schleier—

104 1415 316 1454 macherus
344 1416 384 1454 in
414 1417 547 1454 annot.
582 1428 623 1467 p.
647 1414 745 1454 605.
778 1415 951 1453 numeris
982 1413 1193 1452 Platonem
1221 1413 1313 1451 ideo
1345 1413 1402 1451 uti
1423 1412 1495 1450 de-

104 1508 242 1547 buisse
265 1507 470 1560 opinatur,
506 1507 615 1558 quod
643 1509 734 1559 ipse
764 1507 906 1545 nullius
939 1507 999 1545 rei
1033 1518 1219 1544 mensura
1248 1516 1497 1555 numeroque

106 1600 276 1639 carentis
306 1612 440 1638 veram
473 1600 679 1638 scientiam
710 1612 803 1638 esse
837 1599 1029 1637 statuerit.
1105 1593 1224 1651 (Das
1261 1595 1496 1635 Unternelz-

106 1705 201 1730 men
229 1690 362 1730 dieses
393 1692 474 1743 auf
495 1691 729 1743 Reclmzmg
763 1703 813 1729 zu
847 1690 1047 1742 bringen,
1085 1703 1177 1741 mag
1201 1688 1352 1727 Platon
1372 1687 1495 1726 selbst

110 1783 436 1835 recktfertigen;
471 1795 518 1821 er
535 1795 620 1822 war
638 1780 858 1835 gebmzden
878 1780 1007 1820 durch
1027 1780 1108 1820 dele
1129 1779 1212 1819 Saz
1236 1804 1286 1809 —
1315 1778 1404 1819 und
1424 1780 1499 1819 hat

108 1875 192 1914 ihm
221 1873 437 1926 mejglichst
465 1873 716 1926 durckgehol
737 1888 789 1912 en
817 1897 866 1902 —
898 1872 995 1912 dass
1033 1873 1077 1911 in
1109 1873 1231 1911 aliem
1264 1884 1343 1910 mar
1375 1872 1501 1911 soviel

108 1965 247 2006 walzre
275 1964 566 2018 Wissensclzafc
593 1967 674 2015 sei,
727 1966 789 2004 als
819 1964 963 2004 Maass
997 1964 1084 2004 und
1108 1964 1218 2003 Zahl
1247 1962 1369 2002 darm
1397 1959 1496 2018 ist.)

109 2057 193 2098 Sed
220 2057 327 2096 idem
346 2055 461 2097 Plato
490 2058 735 2110 voluptatem
760 2059 916 2110 tyranni
951 2057 998 2096 ab
1030 2058 1196 2096 scientia
1218 2055 1339 2107 longe
1360 2067 1496 2095 remo-

108 2153 189 2189 tam
214 2162 306 2188 esse
325 2150 474 2198 statuit,
506 2150 601 2189 alias
621 2163 715 2189 vero
736 2162 803 2189 res
828 2163 919 2189 cum
941 2150 1107 2188 scientia
1128 2148 1235 2187 haud
1259 2148 1379 2187 dubie
1397 2161 1495 2187 con-

109 2242 289 2289 iunctas,
324 2239 432 2282 velut
460 2243 634 2282 iustitiae
655 2245 696 2282 et
722 2242 964 2294 reliquarum
988 2242 1174 2280 virtutum
1195 2245 1372 2279 naturam
1386 2270 1398 2289 ,
1434 2244 1495 2280 ta-

110 2351 204 2378 men
236 2338 323 2376 siue
351 2347 608 2376 numerorum
642 2347 721 2386 ope
743 2347 862 2386 quum
883 2334 974 2372 alibi
997 2338 1082 2372 tum
1111 2334 1150 2371 in
1171 2332 1340 2372 Civitate
1369 2334 1497 2386 expli-

113 2430 226 2470 cavit.
296 2428 388 2468 Non
417 2427 544 2479 magis
577 2438 689 2465 mere
717 2426 979 2474 ludibundus,
1017 2424 1351 2477 quemadmodum
1380 2425 1499 2466 Stall-

111 2521 291 2566 baumius
317 2522 514 2568 autumat,
551 2518 839 2558 arithmeticam
866 2518 1062 2557 rationem
1093 2516 1325 2557 adhibuisse
1345 2523 1385 2558 et
1405 2520 1499 2559 ioco

112 2612 394 2664 intempestivo
414 2624 501 2661 rem
522 2611 665 2651 seriam
682 2611 912 2662 inquinasse
931 2608 1213 2648 existimandus
1239 2617 1312 2650 est.
1357 2610 1499 2651 Potius

115 2703 353 2755 crediderim
376 2704 503 2743 virum
523 2705 564 2743 in
584 2703 755 2742 mathesi
784 2702 852 2741 diu
873 2702 1122 2752 multumque
1139 2705 1339 2757 versatum
1360 2704 1498 2742 simili-

112 2796 251 2835 tudine
273 2795 592 2847 quadamrerum
616 2795 778 2833 ductum
799 2795 841 2832 in
862 2794 966 2832 hanc
990 2807 1036 2832 se
1056 2794 1159 2832 viam
1187 2794 1421 2843 contulisse,
1456 2798 1501 2834 ut

114 2887 362 2939 differentiae
390 2887 494 2927 inter
523 2899 662 2939 regem
699 2890 741 2925 et
772 2889 981 2939 tyrannum
1028 2885 1339 2938 magnitudinem
1382 2899 1500 2938 quam
