1764 3176
98 76 153 118 24
745 69 892 106 Volum.
919 69 946 104 Ι.

100 189 192 238 Pag.
205 188 300 235 283,
312 199 347 235 a,
373 187 425 227 22
462 184 510 220 ad
547 182 636 222 Par.
675 182 719 219 A.
761 182 897 219 addas:
941 180 1060 229 (teste
1093 179 1271 217 Diibnero
1303 197 1388 220 -ι
1408 203 1454 208 -—
1490 182 1526 219 in
1556 183 1600 218 li-

342 247 426 278 tura
443 240 611 277 habetet
633 251 654 276 a
675 251 721 277 m.
743 251 800 289 pr.
818 239 897 275 eius
919 238 1001 274 loco
1035 251 1066 275 ει
1096 237 1151 273 vel
1184 252 1200 276 ε
1228 238 1374 274 videtur
1394 237 1545 275 habuiss
1530 238 1602 286 se.)

324 300 362 346 b,
393 298 444 338 22
466 296 605 332 addas:
637 295 731 344 (Sed
758 295 867 333 Voss.
894 310 921 345 μ
951 307 972 329 a
999 306 1045 332 m
1066 305 1141 332 sec.
1162 293 1330 330 additum
1351 293 1477 342 habet,
1505 293 1604 343 Ang.

352 354 396 393 Β
424 358 545 389 autem
574 351 761 401 scriptura
788 351 859 387 alia
888 349 1068 400 videtur)

104 413 193 462 Pag
209 412 303 461 285
316 424 350 460 a,
387 409 438 447 13
469 421 490 444 a
520 408 545 443 f.
574 407 623 443 ad
660 420 697 456 p.
729 406 821 446 456.
855 407 996 442 addas:
1038 410 1076 441 et
1112 405 1274 453 Paralip.
1316 418 1354 453 Ρ.
1392 405 1483 445 425.
1524 404 1604 455 (ubi

355 465 458 536 ⁹quod
494 464 548 499 vir
580 462 818 499 doctissimus
862 463 996 499 clarius
1036 462 1173 498 dietum
1207 460 1300 497 velle
1333 463 1508 505 ostendit,
1542 474 1606 498 cur

352 522 534 570 ἔκπωμα,
577 519 678 567 quod
716 518 981 555 Stallbaumius
1017 522 1169 565 urgeat,
1210 517 1299 553 nihil
1330 518 1491 563 efficiat,
1521 519 1608 566 quia

351 578 502 615 nimium
529 575 689 623 efficiat,
717 575 802 611 mihi
835 575 984 610 nimium
1016 574 1084 610 hoc
1115 573 1322 622 videbatur,
1355 573 1456 622 quod
1486 571 1608 624 πόμα,

351 637 382 671 5ἰ
423 631 626 669 secundum
662 631 912 680 compositum
951 642 971 665 a
1003 629 1245 666 Stallbaumio
1276 629 1482 666 adhibitum
1513 629 1610 666 iudi-

353 692 521 734 caretur,
559 699 740 735 nusquam
779 688 898 723 locum
928 686 1136 722 habiturum
1168 689 1294 733 esset,
1333 686 1419 734 qnia
1460 684 1610 736 ἔκπομα

354 757 535 794 nusquam
562 747 700 780 certum
732 742 878 791 habet.)

381 804 405 843 5
428 815 449 837 a
481 801 506 837 f.
537 799 674 836 addas:
713 798 834 836 Etiam
866 798 969 835 Tim.
1007 810 1043 846 p.
1078 798 1143 837 91.
1175 800 1218 834 A.
1250 796 1447 834 Bekkerus
1478 810 1612 834 secun-

410 858 498 892 dum
526 855 611 893 Par.
638 855 665 892 Ι.
702 860 738 892 ct
770 855 854 893 Vat.
891 855 939 891 M.
969 856 1089 903 πῶμα
1119 854 1290 903 scripsit,
1331 867 1405 902 quo
1439 853 1520 890 loco
1553 866 1612 889 rc-

411 912 498 960 liqui
534 907 673 959 πόμα,
715 911 826 947 Vind.
870 910 898 948 Ι.
936 910 1040 948 Flor.
1066 907 1148 947 LR.
1186 911 1298 959 σῶμα
1328 909 1486 954 habent3
1524 910 1612 946 item

410 968 505 1017 Leg.
526 966 647 1003 VIIII.
675 980 712 1016 p,
737 967 803 1007 65.
824 966 866 1002 B.
898 967 1010 1003 tacite
1039 962 1241 1016 πώματος,
1275 965 1336 1002 ubi
1358 965 1443 1002 Par.
1468 964 1511 1004 A.
1538 965 1611 1002 Dii.

411 1020 530 1074 πόμ.,
569 1025 635 1059 sed
671 1038 690 1061 ο
723 1036 744 1059 a
773 1036 822 1062 m.
856 1035 955 1069 sem,
997 1022 1098 1061 Flor.
1126 1023 1172 1059 A.
1201 1018 1305 1072 πώμ,
1337 1034 1419 1058 cum
1452 1037 1471 1060 ο
1502 1034 1613 1072 super

414 1096 444 1119 ω
477 1079 647 1124 exhibet3
688 1083 724 1115 ct
761 1079 841 1115 aliis
874 1078 1021 1127 Legum
1053 1078 1165 1125 locis,
1203 1091 1296 1128 quos
1329 1078 1455 1115 Astius
1490 1079 1524 1114 in
1556 1079 1613 1115 le-

414 1138 496 1174 xico
538 1135 682 1182 attulit,
734 1136 867 1184 quibus
909 1134 1083 1171 omnibus
1120 1134 1205 1171 Par.
1248 1135 1290 1174 A
1335 1135 1406 1171 Dii.
1447 1149 1466 1173 ο
1505 1147 1526 1171 a
1567 1147 1614 1171 m.

420 1205 493 1232 sec
523 1191 649 1229 habet.

328 1252 367 1299 b
403 1251 454 1289 16
482 1261 503 1284 a
533 1248 557 1283 f.
587 1247 725 1284 addas:
755 1250 793 1282 et
821 1245 913 1282 Lex.
946 1245 1067 1285 Bekk,
1100 1261 1136 1296 p.
1162 1244 1265 1294 428,
1299 1247 1364 1285 27.

374 1308 448 1345 7a
478 1305 503 1340 f.
530 1304 672 1340 addas:
703 1298 768 1340 αὖ.
798 1302 882 1339 Par.
918 1301 958 1339 A.
993 1301 1064 1341 Dii

110 1364 202 1413 P.ag
217 1364 312 1412 287,
323 1375 357 1411 a,
388 1364 413 1401 6
441 1373 462 1397 a
487 1361 513 1400 f.
542 1363 631 1410 post
664 1361 858 1428 =recepissex
878 1359 1040 1394 inseras:
1079 1364 1119 1394 ut
1147 1357 1242 1405 Leg.
1274 1357 1358 1395 Vll.
1390 1371 1429 1407 p.
1458 1359 1551 1398 816
1574 1357 1618 1397 Ε

361 1418 423 1454 ubi
461 1416 573 1464 vulgo
610 1414 678 1454 καὶ
717 1427 910 1466 σμικρον,
958 1414 1026 1450 sed
1063 1415 1097 1450 in
1137 1388 1228 1453 Par0
1263 1415 1304 1452 A.
1344 1413 1420 1451 Dii.
1448 1414 1546 1451 Voss
1584 1417 1621 1450 et

359 1474 528 1511 omnibus
557 1475 734 1520 quattuor
761 1471 864 1508 Flor.
899 1471 1077 1520 scriptum
1109 1475 1167 1507 est
1196 1469 1263 1509 καὶ
1295 1467 1450 1522 μικρόν.

329 1531 366 1578 b,
399 1531 448 1570 18
473 1536 562 1578 post
592 1529 718 1564 collate
744 1528 910 1563 inseras.
946 1532 982 1563 et
1012 1526 1098 1565 Par.
1130 1527 1172 1562 A.
1200 1526 1275 1566 Dii.

111 1588 360 1636 Pag.288,a,
390 1584 415 1623 4
454 1589 542 1636 post
581 1579 706 1629 οὕτως
747 1585 793 1620 ad
835 1596 902 1630 ea,
950 1595 1046 1631 quae
1090 1596 1126 1632 p.
1159 1581 1329 1624 LXXXI,
1366 1584 1622 1620 demonstrata

364 1647 473 1689 sunt,
501 1640 640 1677 addas:
673 1644 708 1676 et
732 1639 831 1679 Tim.
862 1653 897 1688 p.
926 1640 992 1678 39.
1024 1638 1068 1676 C.
1099 1639 1164 1678 59.
1197 1638 1240 1678 E.

391 1700 415 1737 9
442 1697 584 1734 scribas
613 1692 718 1735 οὕτω

395 1755 445 1794 12
476 1756 564 1802 post
595 1746 672 1801 ἆρα
701 1754 861 1789 inseras:
896 1751 981 1790 Par.
1015 1751 1058 1789 A.
1090 1749 1162 1786 Dii.

394 1812 492 1846 inter
530 1820 568 1843 v.
605 1811 655 1847 17
687 1815 721 1845 et
755 1810 805 1847 18
832 1809 1001 1845 inseras:
1044 1805 1178 1858 ἔργον)
1210 1822 1300 1845 —v
1329 1807 1365 1843 in
1401 1807 1510 1844 litura
1539 1806 1625 1844 Par.

421 1865 466 1901 A.
500 1864 573 1901 Dii.

392 1923 489 1957 inter
510 1933 542 1957 V.
566 1917 619 1961 24
640 1924 677 1956 et
697 1920 748 1959 25
770 1920 936 1956 inseras:
964 1917 1012 1957 ‘O
1035 1917 1093 1969 δὲ)
1111 1917 1133 1956 ὁ
1149 1941 1193 1945 ——
1218 1920 1253 1954 in
1278 1919 1387 1954 litura
1398 1918 1623 1960 l'ar,A.Dii‚

393 1976 448 2017 34
478 1980 564 2026 post
609 1974 866 2025 Φωκυλίδου)
905 1976 1068 2012 inseras:
1108 1976 1151 2012 In
1182 1975 1265 2011 Par.
1293 1974 1337 2011 A.
1364 1974 1439 2015 Dii,
1470 1976 1504 2012 h.
1536 1976 1559 2012 l.
1591 1979 1629 2013 et

421 2032 532 2082 paulo
564 2037 652 2082 post
683 2046 751 2082 pro
780 2031 937 2081 simplici
966 2044 987 2067 a
1020 2045 1067 2071 m,
1087 2044 1162 2071 sec,
1187 2031 1321 2081 duplex
1340 2034 1359 2070 λ
1377 2032 1540 2081 positum
1558 2037 1627 2069 est.

395 2090 447 2129 35
477 2101 544 2137 pro
579 2088 610 2124 C
634 2089 777 2125 scribas
809 2088 851 2124 Β.

395 2146 449 2185 38
481 2145 624 2181 addas:
658 2144 868 2181 Alexander
889 2143 1058 2194 Aphrol.
1086 2144 1133 2180 ad
1161 2143 1317 2180 Aristot.
1346 2143 1446 2194 Top.
1477 2157 1515 2193 Ρ.
1536 2143 1627 2184 275.

430 2201 466 2244 b.
503 2201 548 2239 3·
591 2198 690 2239 necto}
728 2216 802 2252 γαρ
840 2197 911 2239 τόν
945 2200 1186 2249 Φωκυλίδην
1213 2202 1290 2238 Δεῖ
1317 2201 1444 2250 ζητεῖν
1473 2197 1628 2251 βιοτὴν,

427 2252 573 2308 οἷρετην
605 2253 644 2295 δ
656 2284 666 2304 ‚
697 2254 791 2296 όταν
828 2251 857 2310 ἦ
886 2256 973 2304 βίος
1010 2255 1102 2306 ἤδη
1152 2256 1412 2304 Diogenianus
1440 2255 1524 2293 IIII.
1554 2257 1628 2297 39:

428 2311 620 2359 Δίζεσθαι
663 2310 826 2364 βιοτην,
866 2309 1011 2364 οἷρετην
1044 2309 1082 2349 δ’
1097 2339 1107 2359 ,
1144 2308 1239 2351 ὅταν
1268 2306 1295 2366 ἦ
1326 2313 1425 2364 βίος.
1484 2313 1629 2349 Secun-

428 2369 515 2405 dum
553 2369 644 2406 haec
674 2369 888 2418 Phocylidis
929 2381 1060 2406 versus
1102 2369 1161 2405 hic
1199 2369 1344 2405 videtur
1385 2369 1520 2406 fuisse:
1559 2369 1628 2407 Δι’-

430 2426 576 2474 ζησθοιι
607 2423 765 2477 βιοτην,
793 2420 937 2477 αρετὴν
967 2421 1006 2463 δ’
1020 2454 1031 2473 ,
1056 2421 1151 2464 όταν
1180 2427 1204 2478 ’ᾖ
1237 2426 1322 2475 βίος
1351 2421 1442 2476 ήδη.
1472 2425 1626 2462 Schnei-

419 2481 584 2518 dewinus
601 2482 821 2519 Coniectan.
845 2482 926 2519 crit.
954 2495 991 2531 p.
1011 2483 1078 2521 67.
1107 2483 1298 2518 immemor
1318 2480 1520 2519 Alexandri
1553 2494 1626 2518 non

430 2533 535 2587 ἤδη,
583 2538 651 2575 scd
691 2533 829 2577 οἷσκεῖν
876 2539 921 2575 ad
966 2550 1112 2574 versum
1160 2538 1382 2587 explendum
1420 2537 1628 2585 adiiciebat,

428 2605 585 2642 eumque
616 2598 766 2631 secutus
799 2598 856 2631 est
885 2593 1071 2642 Bergkius
1102 2593 1208 2633 Pofit
1235 2594 1300 2641 lyr
1332 2606 1370 2643 p.
1403 2591 1496 2632 340.

344 2648 381 2696 b,
413 2650 460 2687 11
494 2653 580 2698 post
613 2649 656 2687 δέ
684 2665 725 2701 γε
753 2651 918 2688 inseras:
950 2649 1036 2690 Par,
1067 2649 1109 2686 A.
1142 2649 1215 2687 Dii.

124 2699 216 2751 Pag.
229 2702 324 2751 289,
336 2702 372 2749 b,
404 2704 430 2741 4
462 2709 549 2754 post
588 2705 823 2743 distinctione
856 2708 1017 2744 inseras:
1060 2706 1115 2754 (in
1153 2705 1236 2742 Par.
1277 2705 1322 2742 A.
1361 2704 1430 2745 Dii,
1474 2709 1561 2754 post
1600 2720 1625 2755 η

374 2761 621 2813 νοσοτροφία
650 2762 758 2799 colon
792 2760 882 2812 ost.)
