1764 3176
300 139 361 163 ιιι
743 121 1270 164 PRAEFATIO

302 237 367 271 tati
397 240 627 279 congruentes
659 239 827 272 servabit:
859 239 961 282 dupla
995 239 1152 282 quidem,
1182 249 1242 273 seu
1271 238 1456 282 diapason,
1487 239 1530 272 ab
1555 240 1687 274 unitate

302 294 348 327 ad
372 294 558 327 binarium:
596 295 839 338 sesquialtera,
888 296 908 329 a
938 296 1071 329 binario
1118 296 1162 329 ad
1194 296 1403 336 ternarium,
1440 306 1528 338 quae
1555 297 1592 330 fit
1621 290 1692 328 διὰ

303 345 429 384 niz-ts:
462 351 677 392 sesquitertia
709 353 809 385 trium
842 353 884 385 ad
905 356 1072 394 quatuor,
1098 363 1186 395 quae
1206 353 1244 385 fit
1263 347 1325 384 διοὶ
1347 350 1552 397 τεσσάρων,
1585 353 1685 395 tripla

301 416 390 448 quae
412 406 449 438 fit
469 403 532 438 διὰ
551 405 660 440 πέντε
682 406 743 440 καὶ
766 404 828 440 διὰ
854 407 1005 447 πασῶνς
1036 420 1122 451 quae
1142 409 1232 451 quod
1251 419 1368 443 omnes
1388 413 1572 442 concentus
1590 419 1686 441 com-

300 463 471 504 plectitur,
502 459 667 506 σύστημα
686 469 837 498 vocatur.
896 466 933 498 Si
952 466 1094 498 ulterius
1111 465 1333 508 progrediare
1353 464 1396 497 ad
1419 475 1494 497 eam
1517 466 1685 498 rationem

301 528 389 560 quae
412 524 464 552 est
485 525 629 562 quatuor
659 522 702 553 ad
722 532 863 562 novem,
893 522 1040 554 insuavis
1075 523 1162 555 ratio
1193 526 1227 555 et
1253 522 1390 554 auribus
1417 531 1521 563 supra
1549 521 1685 554 modum

301 574 437 616 ingrata
463 575 575 609 sutura
607 582 670 610 est.
729 578 815 610 Illud
849 583 902 611 est
932 578 1022 620 quod
1043 579 1147 611 voluit
1168 578 1291 618 Plato,
1320 583 1357 610 ut
1384 577 1521 620 quidem
1543 579 1684 620 opinor:

302 632 463 673 quoniam
482 633 538 675 qui
554 633 662 667 facem
692 635 725 666 in
753 634 834 667 locis
854 638 925 666 tam
955 635 1109 667 obscuris
1134 635 1353 678 praetulerit,
1386 633 1549 666 habemus
1578 634 1686 667 nemi-

300 698 397 720 nem:
429 693 466 720 ut
496 700 563 722 non
593 690 761 723 immerito
792 696 913 732 questa
934 692 978 723 sit
1009 691 1211 733 antiquitas,
1241 690 1320 723 nihil
1355 691 1509 723 Platonis
1540 690 1686 723 numeris

300 744 477 777 obscurius
512 756 598 779 esse.
657 745 746 779 Nam
764 747 967 780 Foresterus
985 748 1179 789 longissime
1197 748 1217 779 a
1234 747 1388 780 Platonis
1419 747 1588 780 sententia
1615 747 1686 780 dis-

301 800 414 841 cedit,
447 811 521 834 cum
545 803 697 836 rationes
717 803 836 846 triplas
866 808 899 836 et
930 805 1136 846 quadruplas
1166 808 1403 837 consectatur:
1438 803 1595 846 quoniam
1620 814 1688 836 nu-

300 857 383 889 meri
407 858 566 900 nuptialis
596 859 836 900 fundamenta,
869 871 910 893 ac
929 861 1089 902 trianguli
1111 862 1241 900 latera,
1272 870 1360 902 quae
1387 870 1428 891 ex
1446 860 1548 903 dupla
1567 860 1688 902 tripla-

297 923 364 954 que
381 914 514 946 ratione
533 916 720 957 exsistunt,
756 916 953 951 labefactat.
1011 916 1097 949 Illud
1123 917 1225 949 etiam
1254 916 1459 958 absurdum,
1491 916 1581 958 quod
1603 926 1688 949 eau-

296 968 374 1002 dem
395 970 563 1003 rationem
584 972 672 1005 inter
693 973 737 1005 27
760 978 795 1004 et
813 970 857 1005 64
876 984 951 1005 esse
980 978 1096 1015 putat,
1127 983 1215 1015 quae
1240 977 1292 1006 est
1323 973 1424 1005 trium
1452 972 1496 1005 ad
1518 976 1684 1015 quatuor3

297 1035 373 1058 cum
397 1026 440 1058 sit
459 1026 480 1059 3
500 1028 543 1059 ad
561 1025 650 1077 7237*-
706 1027 752 1061 At
771 1029 872 1062 Plato
896 1029 987 1062 iubet
1011 1040 1127 1062 aream
1148 1030 1306 1071 trianguli
1327 1028 1475 1062 numeris
1501 1029 1686 1072 compleri3

297 1085 332 1114 et
355 1082 395 1114 iis
417 1082 553 1125 quidem
579 1086 750 1128 numeris,
795 1087 851 1128 qui
880 1096 922 1118 ex·
954 1091 1071 1118 mutuo
1094 1086 1234 1118 marium
1267 1096 1309 1118 ac
1338 1085 1560 1118 foeminarum
1591 1096 1688 1118 com-

296 1139 400 1181 plexu
430 1140 615 1173 exsistunt:
648 1146 684 1174 ut
714 1143 742 1174 si
779 1142 845 1174 duo
868 1142 1036 1175 ducantur
1065 1143 1099 1175 in
1129 1143 1218 1183 tria,
1248 1143 1399 1185 gignitur
1420 1142 1594 1182 senarius3
1629 1143 1687 1184 qui

295 1195 427 1227 medius
448 1197 595 1239 complet
620 1209 735 1231 aream
758 1209 911 1242 vacuam,
941 1210 1029 1241 quae
1058 1204 1110 1232 est
1126 1199 1214 1231 inter
1234 1195 1257 1230 4
1279 1203 1312 1231 et
1329 1198 1361 1231 9.
1383 1199 1440 1241 qui
1463 1198 1531 1231 duo
1554 1199 1686 1231 numeri

294 1251 386 1283 nulla
403 1252 538 1294 quidem
562 1256 696 1288 ratione.
716 1260 920 1289 concentum
939 1255 1107 1288 efficiunt:
1139 1255 1199 1288 sed
1227 1256 1402 1297 utriusque
1440 1254 1484 1287 ad
1511 1255 1683 1287 senarium

293 1307 383 1340 ratio
407 1308 527 1342 eadem
564 1315 616 1343 est
637 1322 724 1353 quae
745 1313 846 1344 trium
875 1312 916 1345 ad
934 1317 1098 1354 quatuor,
1130 1312 1162 1344 id
1186 1316 1258 1350 est,
1291 1312 1518 1353 sesquialtera
1535 1321 1595 1344 seu
1621 1306 1685 1343 διὰ

292 1359 415 1398 πέντε.
463 1366 550 1398 Item
571 1367 598 1399 si
620 1368 789 1400 ducantur
809 1369 875 1401 duo
896 1370 928 1401 in
949 1380 1031 1409 sex,
1062 1380 1102 1401 ac
1125 1379 1255 1401 rursum
1277 1369 1342 1400 tria
1362 1369 1394 1400 in
1414 1378 1475 1400 sex
1489 1392 1499 1408 ,
1529 1368 1594 1400 duo
1621 1378 1685 1400 nu-

293 1420 377 1452 meri
403 1421 591 1464 prodeunt,
625 1424 667 1457 12
695 1429 730 1457 et
765 1426 815 1458 18.
844 1426 899 1467 qui
933 1426 1152 1468 complebunt
1182 1436 1297 1458 aream
1337 1424 1499 1466 trianguli
1529 1434 1685 1464 vacuam,

293 1486 383 1519 quae
402 1477 490 1510 inter
510 1478 531 1510 8
551 1489 593 1512 ac
611 1480 667 1513 27.
687 1482 879 1514 interiacet.
947 1483 1033 1514 Item
1051 1482 1078 1514 si
1099 1482 1266 1514 ducantur
1288 1482 1310 1514 2
1331 1482 1365 1513 in
1389 1480 1444 1521 12,
1478 1484 1512 1512 et
1532 1480 1553 1513 3
1570 1481 1602 1513 in
1629 1482 1684 1523 18,

293 1538 520 1575 procreantur
549 1534 595 1569 24
614 1541 648 1569 et
665 1534 729 1571 54:
761 1549 802 1571 ac
823 1549 938 1571 rursus
954 1538 976 1571 3
994 1539 1027 1571 in
1053 1538 1107 1571 12.
1125 1539 1174 1570 vel
1196 1537 1286 1580 quod
1311 1538 1399 1570 idem
1433 1540 1504 1578 est,
1535 1535 1607 1569 2511
1631 1535 1684 1577 18,

293 1594 482 1632 exsurgunt
503 1590 561 1624 36.
593 1593 649 1635 qui
674 1598 744 1627 tres
765 1595 896 1627 numeri
913 1592 980 1636 24,
1012 1594 1076 1638 36,
1109 1599 1144 1627 et
1157 1591 1223 1635 54,
1254 1605 1370 1627 aream
1399 1593 1560 1634 trianguli
1589 1603 1684 1625 com-

292 1646 456 1688 plebunt,
486 1658 575 1689 quae
608 1660 714 1683 vacua
744 1655 820 1683 erat
848 1652 937 1684 inter
969 1650 1010 1683 1ss
1035 1655 1069 1683 et
1090 1651 1146 1684 81.
1179 1661 1319 1693 quorum
1341 1659 1559 1683 numerorum
1577 1649 1685 1682 inter-

292 1701 459 1736 iectorum
476 1704 627 1738 rationes
639 1711 790 1747 mutuae,
811 1712 845 1740 et
865 1718 940 1740 cum
959 1707 1121 1750 proximis
1132 1708 1320 1750 quibusque
1333 1705 1481 1740 numeris
1493 1716 1684 1738 accommo-

293 1758 414 1799 datae,
447 1765 650 1802 perpetuum
680 1764 856 1796 continent
873 1765 1049 1796 suavitatis
1072 1768 1249 1804 tenorem,
1287 1762 1419 1797 etiamsi
1452 1762 1486 1795 in
1517 1762 1684 1795 infinitum

292 1816 454 1857 trianguli
473 1817 582 1851 latera
603 1820 843 1862 porrigantur,
872 1821 967 1853 cuius
988 1819 1076 1854 haec
1096 1821 1140 1853 sit
1158 1820 1285 1853 forma:

289 2534 329 2570 Si
346 2536 450 2579 igitur
467 2538 658 2581 rationum,
689 2551 777 2583 quae
796 2553 932 2576 suavem
957 2550 1160 2578 concentum
1184 2545 1345 2587 efficiunt,
1375 2547 1527 2582 delectus
1548 2547 1677 2583 habea-

288 2597 366 2634 tur,
395 2594 428 2626 in
456 2600 622 2638 perpetua
650 2599 738 2632 serie
767 2610 1002 2643 numerorum,
1031 2602 1239 2645 sempiterna
1268 2604 1401 2646 respub.
1425 2605 1538 2638 sutura
1558 2607 1617 2639 sit:
1648 2606 1677 2639 si

290 2649 427 2692 quidem
458 2652 501 2683 ab
528 2651 705 2687 harmonia
730 2657 925 2699 rerumpub.
961 2661 1070 2691 status
1107 2658 1242 2701 pendet.
1293 2660 1363 2693 Sed
1396 2661 1439 2694 ab
1476 2673 1537 2703 ea,
1568 2662 1677 2704 inquit

288 2705 415 2750 Plato,
443 2707 651 2751 disceditur3
680 2716 717 2744 ut
755 2713 952 2746 necessario
992 2719 1135 2757 pereant
1164 2720 1370 2757 concentus,
1404 2722 1438 2751 et
1465 2719 1677 2761 respublicae

289 2763 428 2798 tandem
460 2764 642 2800 intereant.
711 2767 800 2802 Num
835 2770 948 2813 potius
983 2771 1202 2805 metuendum
1237 2777 1290 2805 est
1330 2777 1368 2806 ut
1401 2773 1486 2817 (sic)
1516 2775 1605 2808 cives
1632 2776 1675 2808 ab
