1764 3176
235 131 290 171 14

683 127 1158 171 PLATONIS

234 254 326 288 ται,
365 236 472 281 ὅταν
508 238 768 293 περιτροπαὶ
809 238 1007 290 ἑκάστοις
1043 239 1219 283 κύκλων
1259 240 1505 295 περιφοράς
1542 243 1613 294 ξυ-

234 306 448 358 νάπτωσι,
498 309 754 363 βραχυβίοις
793 308 872 363 μὲν
917 306 1249 365 βραχυπόρους.
1301 307 1516 361 ἐναντίοις
1566 309 1614 354 δὲ

233 375 445 426 ἐναντίας.
486 373 640 429 γένους
678 375 725 418 δὲ
763 374 977 430 ὑμετέρου
1017 372 1221 429 εὐγονίας
1250 389 1294 417 τε
1321 376 1396 419 καὶ
1425 374 1614 433 ἀφορίας

170 444 204 483 Β
236 444 388 496 καίπερ
419 442 540 493 ὄντες
570 442 704 497 σοφοὶ
734 442 812 494 οὓς
841 442 1055 500 ἡγεμόνας
1085 440 1251 493 πόλεως
1280 441 1613 497 ἐπαιδεύσασθε,

233 511 363 556 οὐδὲν
397 516 564 568 μᾶλλον
594 515 786 570 λογισμῷ
816 511 911 567 μετ’

278 676 510 725 ξυνάπτωσι]
546 681 779 724 ξυμπίπτωσι
810 681 890 714 Par.

232 723 308 758 DK.
333 725 434 758 Mon.
469 728 508 760 Β.
547 728 640 762 Flor.
667 727 714 760 U.
749 727 830 760 Bas.
861 738 892 760 a.

175 813 185 816 ἢ
234 769 444 813 ξυμπίπωσι
477 773 555 807 Ald.

235 838 515 918 Ββραχυβίοις]
545 840 770 886 βραχυβίους
797 840 893 874 Flor.

281 940 564 988 βραχυπόρους]
591 943 653 978 καὶ
678 943 710 989 β.
734 943 834 978 vind.
854 943 893 978 F.

235 986 321 1032 Aug.
357 990 397 1023 B.
445 990 541 1025 Flor.
576 991 618 1024 R.
664 987 895 1035 βραχύποροι

236 1033 329 1067 Mon.
364 1036 405 1069 B.
439 1036 535 1071 Flor.
568 1036 611 1070 U.
669 1037 760 1070 Hinc
793 1036 896 1069 ducta

235 1079 393 1114 videntur
427 1094 514 1126 quae
546 1082 688 1116 Procius
721 1083 822 1115 habet
863 1082 897 1114 in

238 1126 327 1160 Tim.
360 1139 393 1171 p.
431 1130 499 1162 247
515 1153 524 1170 ,
561 1130 602 1163 15
638 1141 657 1162 a
691 1129 714 1162 f.
753 1125 896 1161 κύκλων

239 1169 278 1205 δὲ
314 1168 434 1206 ἄλλων
470 1170 575 1207 ἄλλοι
615 1168 897 1219 βραχυπορώτε-

238 1218 301 1261 ροί
327 1230 365 1252 τε
392 1218 454 1253 καὶ
477 1232 816 1264 μακροπορωτεροι.
843 1220 890 1253 Cf

237 1264 324 1297 idem
355 1265 389 1298 in
415 1265 492 1299 civ.
528 1278 562 1310 p.
587 1268 675 1308 367,
702 1270 743 1301 11
772 1278 793 1300 a
816 1267 838 1299 f.
865 1271 899 1298 et

235 1309 270 1342 in
295 1311 384 1344 Tim.
410 1323 444 1356 p.
464 1314 544 1346 271.
567 1324 655 1366 quae
679 1312 788 1346 verba
811 1312 899 1345 infla

237 1356 281 1390 ad
304 1355 444 1391 τέλειον
470 1354 636 1401 αριθμὸν
661 1357 818 1404 apposui.

285 1433 490 1482 ἐναντίοις]
531 1436 706 1479 ἐναντίως
735 1438 836 1473 Vind.
857 1438 901 1472 E.

238 1485 273 1516 et
297 1494 318 1516 a
342 1494 384 1517 m.
412 1496 463 1529 pr.
491 1485 581 1518 Mon.
608 1487 649 1520 B.

285 1549 478 1597 ἐναντίας]
526 1549 692 1587 ἐναντίαι
735 1553 830 1587 Mon.
862 1553 903 1586 B.

237 1597 333 1631 Flor.
367 1599 412 1634 U.
451 1602 538 1643 Aug.
573 1601 614 1635 B.
651 1600 746 1634 cuius
771 1601 903 1643 sigmun

239 1655 260 1677 a
303 1644 462 1678 Bekkero
526 1657 590 1690 per
648 1657 801 1679 errorem
841 1656 903 1690 pro

241 1689 335 1724 Mon.
363 1691 401 1724 Β.
437 1691 481 1724 de
505 1703 572 1736 quo
607 1696 726 1734 tacet,
756 1691 904 1737 positum

241 1737 410 1780 suspicor.

288 1812 482 1859 ὑμετέρου]
511 1813 572 1860 ήμ.
597 1817 685 1853 Lob.
706 1817 804 1851 Vind.
826 1817 902 1851 EF.

244 1861 320 1896 vat.
346 1862 457 1894 BHM.
475 1863 556 1895 Ven.
580 1863 618 1896 B.
643 1866 729 1909 Ang-
751 1864 789 1898 B.
808 1864 902 1896 Flor.

242 1908 349 1942 ACR.
376 1916 409 1941 et
433 1920 500 1942 sec.
527 1908 634 1943 Bekk.
657 1910 737 1944 Par.
759 1910 802 1943 K.
830 1921 904 1942 cum

243 1950 266 1986 ὑ
294 1965 397 1998 super
422 1950 460 1998 ἡ.

294 2020 457 2066 πόλεως]
482 2023 535 2056 Ita
546 2022 625 2057 Par.
650 2023 689 2057 A.
710 2023 808 2058 Vind.
829 2023 903 2056 EF.

247 2069 332 2104 Ven.
363 2069 404 2102 B.
432 2072 466 2102 et
491 2081 510 2101 a
535 2081 578 2102 m.
603 2081 654 2113 pr.
681 2070 721 2104 C.
755 2070 834 2103 Vat.
860 2070 904 2102 H.

243 2114 338 2147 Flor.
372 2115 542 2149 ACRTV.
578 2121 613 2149 et
644 2116 793 2149 Ficinus.
851 2115 903 2148 De

242 2160 323 2195 Par.
348 2161 389 2193 D.
416 2161 592 2194 Bekkems
617 2162 682 2195 sibi
707 2174 771 2195 non
795 2161 901 2206 lique-

243 2218 282 2240 re
315 2207 475 2240 ostendit.
534 2208 672 2252 Reliqui
708 2220 781 2241 cum
806 2208 903 2240 editis

243 2258 323 2286 ante
355 2253 550 2285 Bekkerum
590 2252 735 2287 πόλεων
765 2254 903 2294 habent,

243 2299 333 2343 quod
368 2299 536 2332 Matthiae
578 2311 717 2344 gramm.
752 2311 785 2346 p.
823 2301 903 2335 771.

244 2348 401 2389 repetere
435 2357 500 2378 non
525 2345 683 2380 debebat.

290 2421 581 2471 ἐπαιδεύσασθε]
607 2423 904 2460 ἐπαιδεύσασθαι

247 2471 348 2506 Vind.
372 2471 415 2505 F.
442 2476 521 2504 ante
542 2485 630 2507 corr.
652 2478 686 2507 et
710 2484 785 2506 cum
809 2483 824 2505 ε
849 2483 907 2505 su-

245 2529 308 2563 per
333 2529 373 2550 αι
398 2518 440 2551 Ε.

289 2585 471 2631 λογισμῷ]
506 2587 681 2629 λογισμοῦ
708 2589 796 2630 Ang.
820 2586 861 2619 B.

290 2650 455 2698 αὐτοὺς]
485 2651 617 2694 αὐτοῖς
643 2655 733 2690 Μοιι.
761 2657 802 2690 Β.
828 2655 905 2689 Par.

244 2700 322 2736 DK.
366 2712 433 2733 sec.
471 2700 578 2734 Bekk.
619 2702 697 2735 Vat.
726 2702 775 2735 M.
810 2701 905 2734 Flor.

246 2745 323 2780 RU.
349 2750 384 2779 et
409 2758 429 2779 a
452 2757 494 2779 ιιι.
520 2759 547 2780 5.
574 2747 671 2781 Vind.
691 2748 730 2781 F.
746 2744 906 2791 (αὐτούς

246 2803 267 2826 a
292 2804 335 2825 m.
362 2793 433 2837 pr.)

948 508 1192 567 αἰσθήσεως
1220 508 1468 564 τεύξονται,
1499 509 1610 556 ἄλλα

997 679 1110 722 ποτε]
1160 680 1258 723 pleri
1262 690 1360 734 mque
1405 679 1482 714 Fic.
1526 680 1610 714 Post

951 735 1042 758 ποτε
1068 724 1167 758 Vind.
1194 725 1232 758 F.
1267 721 1335 764 οὓς
1370 737 1392 758 a
1423 737 1466 758 ιιι.
1491 738 1518 760 s.
1543 725 1607 761 int.

950 782 1041 805 vers.
1066 771 1334 816 superscriptum
1361 771 1473 805 habet.

998 817 1188 861 γεννητῷ]
1240 817 1380 860 ,ενητῶ
1430 817 1460 849 Υ
1461 817 1528 853 i.nd
1570 817 1609 851 B.

951 864 1036 896 V.en
1061 863 1102 896 B.
1127 864 1206 897 vat.
1224 862 1268 896 H.
1294 868 1328 896 et
1352 863 1502 896 scholion
1519 863 1611 908 apud

951 909 1164 942 Bekkeru:m
1197 909 1346 941 θεῖον
1337 906 1489 960 γενητὸν
1513 911 1610 954 (γεν-

951 951 1066 1007 νητὸν
1088 953 1240 997 Ruhnk.)
1262 951 1307 987 ου’
1332 953 1400 988 τὸν
1427 950 1515 988 ὅλον
1540 967 1609 1009 φη-

954 1000 989 1034 σὶ
1021 997 1182 1042 κόσμον,
1220 999 1255 1033 εἰ
1284 999 1347 1033 καὶ
1378 998 1610 1056 προηγουμέ-

952 1058 1024 1085 νως
1055 1046 1212 1099 τοῦτον,
1255 1042 1343 1100 ,οὔτε
1373 1044 1441 1080 τὸν
1474 1058 1512 1081 εν
1548 1059 1609 1081 ου-

954 1092 1054 1147 ρανῷ
1079 1089 1197 1134 μόνον
1226 1087 1312 1125 οὔτε
1345 1090 1412 1125 τὸν
1445 1091 1515 1136 (τὸ
1535 1093 1610 1149 R.)

954 1136 1030 1172 υπὸ
1078 1135 1253 1181 σεὶήνην,
1303 1135 1396 1171 ἀλλὰ
1445 1150 1520 1172 παν
1567 1137 1611 1174 τὸ

956 1181 1168 1239 ἀεικίνητον
1207 1183 1270 1217 καὶ
1307 1182 1613 1240 περιφερόμενον,

890 1245 898 1252 ·
957 1227 1027 1264 εἴτ’
1053 1226 1092 1263 ἐν
1118 1226 1267 1284 ου’ρανῷ
1306 1226 1384 1263 εἴθ’
1410 1229 1485 1264 υπὸ
1513 1229 1614 1275 σελή-

955 1288 1041 1319 νην,
1077 1280 1127 1314 ως
1162 1287 1227 1317 μεν
1271 1275 1481 1318 σωματικὸν
1511 1289 1614 1321 γενη-

957 1320 1025 1356 τὸν
1051 1322 1164 1375 (yzvv
1192 1322 1253 1365 R)
1279 1319 1508 1364 καίούμενον
1531 1322 1613 1368 (ού-

958 1368 1021 1402 δεν
1054 1365 1139 1424 γὰρ
1161 1377 1266 1410 σωμα
1299 1365 1613 1414 αὐθυπόστατον)

959 1426 1009 1453 ως
1042 1411 1080 1447 δ’
1116 1411 1344 1468 αεικίνητον,
1387 1415 1512 1448 θεῖον·
1556 1428 1613 1472 μι-

957 1462 1109 1504 μεῖται)
1110 1456 1165 1502 οὶρ
1184 1471 1231 1492 τει
1257 1440 1441 1493 θειότατα
1459 1461 1535 1494 τῶν
1553 1458 1613 1497 ὅν-

959 1518 1033 1539 των
1063 1484 1129 1549 (τὰ
1162 1504 1372 1539 θειοτάτων
1406 1502 1526 1540 ὄντων
1549 1509 1612 1553 R.)

960 1548 1152 1595 ἄγρυπνον
1189 1550 1320 1594 ἔχοντα
1353 1550 1458 1595 ζωήν.
1528 1554 1616 1588 Item

959 1599 1102 1631 Ριοοῑιιε
1144 1598 1180 1630 in
1221 1599 1310 1631 Tim.
1348 1609 1391 1652 p.
1422 1600 1505 1641 89,
1550 1602 1616 1636 33:

960 1639 1082 1686 ὥσπερ
1117 1644 1167 1687 (v,
1193 1639 1301 1698 ὅπερ)
1337 1640 1356 1677 ὁ
1385 1642 1543 1679 Πλάτων
1576 1643 1616 1680 ἐν

961 1689 1136 1735 Πολιτείᾳ
1182 1687 1248 1731 μὲν
1291 1690 1400 1723 θεῖον
1447 1690 1614 1735 γενητὸν,

961 1725 1129 1769 ενταῦθα
1167 1733 1206 1768 δε
1248 1736 1365 1779 (Tim.
1405 1747 1438 1781 p.
1465 1738 1522 1773 34.
1553 1739 1614 1794 B)

959 1780 1054 1816 θεὸν
1088 1778 1293 1829 εὐδαίμονα
1317 1786 1531 1825 προσειπεῖν
1554 1797 1616 1819 κο·

962 1838 1053 1871 σμον
1088 1824 1232 1883 ἠξίωσε.
1282 1828 1412 1861 Contra
1450 1829 1540 1862 idem
1568 1831 1616 1865 ib.

960 1886 994 1918 p.
1014 1874 1101 1914 255,
1125 1875 1188 1909 33·
1215 1871 1290 1906 ἔστι
1313 1872 1384 1928 γὰρ
1409 1875 1519 1909 θείου
1538 1889 1616 1920 γεν·

961 1919 1076 1962 νητοῦ
1119 1919 1314 1972 περίοδος»,
1359 1932 1407 1962 ην
1453 1918 1617 1974 ἀριθμὸς

961 1963 1226 2021 περιλαμβάνει
1261 1962 1419 2008 τέλειος,
1453 1963 1505 2006 (ὅς
1539 1967 1615 2003 πού

963 2021 1075 2054 φησιν
1113 2007 1132 2044 ὁ
1175 2007 1213 2044 ἐν
1249 2011 1425 2057 Πολιτείᾳ
1462 2012 1617 2058 Σωκρά-

962 2069 1036 2100 της.
1070 2060 1105 2090 et
1136 2056 1257 2090 iterum
1291 2069 1323 2100 p.
1345 2059 1424 2093 271.
1449 2060 1484 2093 in
1506 2061 1618 2095 verbis

961 2102 1114 2147 proxime
1158 2103 1314 2147 sequenti
1359 2108 1441 2138 nota
1485 2106 1615 2141 relatis.

958 2149 1009 2182 Ut
1049 2149 1278 2203 ’γεννηθῆναι
1313 2151 1349 2181 et
1389 2152 1617 2206 ρΙενηθῆνοιι,

958 2195 1008 2228 ita
1043 2191 1219 2249 γεννητὸν
1253 2198 1287 2227 et.
1310 2195 1484 2239 ςενητὸν,
1510 2196 1615 2242 οἷγέν-

959 2252 1072 2284 νητον
1107 2249 1141 2273 et
1175 2237 1209 2273 ἄ
1203 2238 1358 2284 ,νένητον
1397 2254 1564 2289 persaepe
1595 2256 1617 2279 a

959 2286 1108 2320 librariis
1133 2290 1325 2330 permutata
1340 2295 1429 2322 suut.
1454 2290 1510 2324 Cf.
1524 2291 1616 2325 Tim.

962 2344 995 2377 p.
1019 2335 1075 2368 37.
1100 2332 1141 2365 D.
1165 2334 1221 2367 40.
1247 2333 1286 2365 D.
1312 2334 1368 2368 41.
1397 2336 1432 2368 B.
1471 2336 1617 2371 Phaedr.

962 2390 996 2424 p.
1029 2379 1106 2413 245.
1141 2379 1183 2412 D.
1228 2380 1308 2415 246.
1348 2381 1380 2415 Δ».
1428 2381 1477 2415 Et
1509 2383 1618 2416 θεῖον

962 2425 1097 2469 quidem
1118 2423 1271 2468 γενητὸν
1297 2426 1456 2460 h.l.d‘1ci
1480 2432 1618 2473 poterat.

963 2471 1110 2504 divinum
1142 2471 1241 2511 illud,
1282 2472 1370 2516 quod
1403 2474 1528 2507 factum
1563 2480 1618 2508 est

965 2524 1001 2550 et
1023 2516 1156 2550 exstitit
1179 2516 1368 2560 aliquando,
1389 2518 1557 2554 diversum
1574 2522 1617 2554 ab

965 2570 1103 2596 aeterno
1128 2567 1163 2595 et
1185 2563 1346 2606 originem
1369 2576 1436 2598 non
1458 2566 1618 2609 habente,

966 2606 1207 2652 ἀνθρώπειον
1229 2621 1310 2643 xero
1334 2622 1402 2643 non
1425 2612 1518 2646 item.
1544 2613 1617 2646 Ita-

965 2667 1031 2700 que
1063 2658 1156 2688 recte
1187 2655 1289 2688 habet
1330 2656 1431 2691 lectio
1465 2659 1630 2703 vulgata.¹

964 2701 1117 2734 Eandem
1140 2706 1275 2734 secutus
1300 2708 1354 2735 est
1377 2703 1531 2746 Fidnus,
1556 2704 1616 2737 sed

962 2758 1142 2791 perperam
1169 2746 1314 2780 reddidit
1338 2750 1390 2789 ci,
1415 2751 1504 2794 quod
1527 2751 1615 2784 diui-

963 2795 1053 2827 nitus
1070 2795 1308 2838 generandum
1336 2774 1397 2829 esf.
