1764 3176
438 216 767 259 CIVITAS
810 215 935 257 LIB.
967 216 1099 257 Vllfl.
1131 220 1197 255 581

1422 217 1504 256 149

122 332 232 388 βίων
262 327 463 383 ἥδιστος,
503 327 584 371 τόν
613 327 775 371 ἑαυτοῦ
804 327 987 380 ἕκαστος
1026 326 1213 382 μάλιστα
1244 323 1505 381 ἐγκωμιάσε-

122 414 216 448 vam
249 395 275 440 ὅ
314 412 359 439 τε
397 395 730 451 χρηματιστικὸς
768 395 879 450 πρός
917 395 968 439 τό
1014 397 1261 448 κερδαίνειν
1301 393 1381 449 τήν
1420 395 1500 435 τοῦ
1529 391 1568 431 D

121 467 332 520 τιμᾶσθαι
368 463 538 520 ἡδονήν
567 462 597 520 ἢ
634 463 714 521 τὴν
753 468 835 506 τοῦ
873 462 1121 520 μανθάνειν
1161 461 1343 512 οὐδενὸς
1380 459 1505 512 ἀξίαν

125 531 256 589 φήσει
285 529 422 584 εἶναι,
464 533 500 576 εἰ
529 531 587 587 μὴ
620 534 660 575 εἴ
693 547 735 575 τι
765 530 915 575 αὐτῶν
950 530 1168 586 οἷργύριον
1196 534 1339 579 ποιεῖς

122 605 209 683 fiij,
240 600 338 657 3.qu
405 601 459 643 Τί
489 599 535 643 δὲ
570 598 593 642 ὁ
626 599 877 656 φιλότιμος,·
915 594 972 657 ἦν
1005 598 1047 643 δ’
1081 597 1189 655 ἐγώ·

1382 527 1506 583 Ἀλη-

1234 597 1287 641 οὐ
1317 597 1398 653 τήν
1427 597 1505 651 μὲν

122 666 209 713 ‹inf›
246 673 337 711 τῶν
374 665 609 724 χρημάτων
647 667 816 724 ἡδονὴν
853 667 1071 724 φορτικήν
1102 683 1200 711 τινα
1237 665 1404 721 ἡγεῖται
1432 664 1505 707 καὶ

123 731 180 780 αὖ
208 735 287 794 τήν
316 735 403 780 ἀπὸ
431 739 512 779 τοῦ
541 734 800 791 μανθάνειν,
831 736 898 780 ὅτι
928 737 986 794 μὴ
1006 735 1190 793 μάθημα
1218 732 1348 790 τιμὴν
1368 732 1505 789 φέρει,

121 898 182 933 sed
206 910 227 932 a
261 909 305 932 m.
329 909 403 943 pr„
434 896 586 931 additum
621 899 696 937 est3
722 909 784 931 nec

122 944 223 978 aliter
254 944 290 978 in
321 945 408 978 ven.
435 944 475 977 C.
507 944 588 977 vat.
621 944 664 977 H.
698 944 784 977 scri-

120 994 216 1035 ptum
238 990 384 1031 videtur,
408 1001 493 1035 quos
515 989 694 1022 Bekkerus
716 1001 784 1023 una

122 1047 198 1069 cum
221 1036 321 1071 Vind.
345 1035 386 1070 B.
419 1047 440 1069 a
470 1035 655 1068 recentiori
684 1047 783 1068 manu

123 1081 163 1115 εἴ
187 1093 243 1124 τι,
275 1093 297 1116 a
326 1082 436 1125 prima
466 1082 574 1114 solum
596 1093 632 1114 τι
656 1081 784 1115 habere

121 1127 213 1162 dicit.
260 1127 300 1161 In
322 1128 401 1161 Par.
426 1127 468 1161 D.
503 1139 558 1166 τις
591 1139 611 1160 a
635 1139 678 1162 tn.
711 1139 739 1162 5.
764 1139 783 1162 e

120 1186 158 1207 τι
179 1175 308 1207 facturn
333 1176 395 1207 est.
450 1173 605 1217 Denique
629 1172 663 1205 in
687 1173 782 1206 Mon.

120 1220 183 1260 B.,
218 1219 261 1252 de
285 1231 350 1264 quo
375 1219 552 1252 Bekkerus
586 1219 683 1263 quasi
707 1230 783 1252 cum

119 1265 295 1309 Stephano
317 1265 546 1298 consentiente
565 1268 668 1306 tacet,
688 1271 727 1297 ut
746 1264 781 1298 in

119 1311 213 1344 Flor.
248 1311 292 1344 U.
328 1310 368 1344 εἴ
395 1323 431 1344 τι
461 1322 516 1349 τις
548 1309 683 1354 legitur.
725 1309 781 1349 τὶς

118 1357 190 1390 sive
224 1356 442 1390 masculinum
475 1356 552 1389 sive
585 1355 780 1389 femininum

117 1402 182 1443 sit,
214 1403 365 1447 ineptum
397 1402 541 1435 videtur.
589 1403 638 1435 Ac
662 1402 704 1435 de
727 1404 781 1435 se-

117 1448 241 1482 minino
272 1448 405 1493 quidem
443 1459 539 1481 nemo
582 1448 778 1489 dissentiet3

116 1494 335 1528 masculinum
368 1506 448 1527 vero
490 1494 554 1527 hoc
588 1494 715 1535 efficit,
743 1499 779 1528 ut

116 1540 276 1585 voluptas
310 1551 353 1573 ex
388 1540 515 1574 honore
556 1539 778 1584 disciplinave

114 1585 310 1620 redundans
342 1598 383 1619 ea
414 1585 607 1619 conditione
631 1587 778 1619 fortasse

116 1644 182 1666 non
201 1632 457 1666 floccifacienda
479 1632 623 1672 dicatur,
648 1632 678 1664 si
699 1632 775 1677 quis

117 1689 250 1719 eonun,
275 1678 334 1723 qui
355 1679 480 1712 honore
504 1677 698 1710 afficiantur
723 1678 777 1711 vel

115 1724 273 1765 discant,
310 1724 406 1757 simul
449 1720 544 1767 ἀνὴρ
585 1725 776 1766 θησαυρο·

115 1768 227 1809 ποιὸς
250 1749 306 1810 sit,
333 1770 444 1815 ipsum
468 1770 626 1802 honolem
649 1769 777 1813 ipsam-

115 1828 158 1850 ve
193 1815 404 1860 disciplinam
444 1815 478 1848 id
522 1827 597 1848 esse
638 1815 775 1856 debere,

115 1861 205 1907 quod
229 1861 357 1894 lucrum
387 1861 530 1901 afferat,
554 1861 642 1906 quod
668 1861 777 1894 maxi--

115 1919 169 1941 me
187 1907 312 1941 dictum
334 1909 528 1952 oportebat,
553 1919 617 1940 non
641 1907 774 1940 dicitur.

117 1954 235 1994 Quare
265 1965 302 1986 τι
325 1965 400 1987 cum
423 1953 519 1987 Astio
544 1962 578 1986 et
602 1953 776 1986 Stallbau-

114 1999 180 2034 mio
210 1999 336 2044 recepi.
394 1999 449 2032 Ita
479 1999 581 2032 etiam
610 1999 653 2031 F
646 2010 774 2032 mnus

114 2046 183 2079 nisi
215 2046 298 2089 quid
331 2048 458 2088 forsan
497 2046 545 2078 ad
587 2051 773 2087 argentum

113 2094 307 2135 conferant.
341 2091 394 2125 De
419 2091 454 2125 εἰ
468 2088 517 2135 μή
544 2091 579 2124 εἰ
600 2092 774 2125 cf.exen1-

113 2138 171 2183 pla
194 2139 238 2171 ab
262 2137 461 2171 Heindorfio
485 2138 528 2171 ad
549 2139 657 2181 Gorg.
671 2138 703 2181 ἕ.
717 2139 773 2172 79.

114 2184 267 2218 collecta.
314 2184 465 2217 Alterum
502 2183 537 2217 εἰ
565 2195 636 2216 rem
667 2183 774 2227 magis

113 2229 278 2263 incertam
311 2229 442 2270 reddit,
477 2230 554 2263 dum
585 2229 774 2274 exceptioni

115 2275 211 2309 addit
237 2275 468 2308 conditionem.
516 2275 617 2315 Quod
640 2275 668 2309 si
693 2276 724 2309 h.
750 2276 772 2310 l.

115 2322 272 2363 abesset,
306 2320 334 2354 si
368 2321 449 2365 quid
487 2321 619 2354 illarum
660 2333 772 2355 rerum

113 2367 244 2401 lucrum
279 2367 421 2408 afferat,
455 2367 663 2412 voluptatem
706 2379 773 2401 non

113 2413 387 2447 contemnendam
411 2414 537 2446 habere
569 2413 773 2446 concedere-

114 2462 189 2492 tur·
224 2459 339 2492 addito
370 2471 410 2492 eo
441 2459 505 2492 hoc
536 2463 665 2492 tantum
691 2471 772 2492 con-

115 2504 268 2546 ceditur,
302 2504 378 2538 fieri
413 2517 533 2550 posse,
555 2509 615 2546 ut,
654 2505 684 2538 si
717 2505 771 2538 lu-

115 2562 209 2584 crum
235 2551 400 2592 afferant,
422 2552 579 2604 voluptas
603 2563 668 2583 non
690 2563 771 2584 con-

111 2596 292 2630 temnenda
316 2596 370 2630 sit.
417 2597 527 2630 Aliter
548 2597 694 2631 sensisse
716 2598 772 2630 vi-

112 2643 212 2676 detur
233 2643 426 2676 Rlickertus
449 2644 567 2699 Symp.
588 2654 622 2698 p.
636 2645 715 2677 221.
726 2643 768 2677 D.

113 2688 149 2723 εἰ
169 2686 217 2732 μὴ
239 2683 314 2731 ἄρα
339 2688 373 2722 εἰ
392 2685 448 2728 οἷς
467 2686 535 2732 ἐγώ
555 2690 646 2732 λεγω
665 2685 768 2722 α’πει-

109 2732 216 2775 κοὶζοι
246 2747 300 2773 τις
326 2731 444 2768 αυτὸν
467 2735 647 2768 secundum
673 2735 770 2791 opti-

110 2791 181 2814 mos
203 2781 336 2814 codices
359 2792 379 2814 a
401 2780 560 2814 Bekkero
585 2792 645 2824 pro
669 2779 703 2814 εἰ
717 2779 766 2824 μὴ

110 2822 184 2869 ἄρα
211 2823 266 2866 οἷς
295 2830 359 2860 etc.
389 2832 483 2860 recte
506 2825 669 2871 scriptum
693 2838 769 2861 esse

111 2883 247 2917 negans.

886 899 1008 942 ποιεῖ]
1044 898 1167 931 ποιεῖν
1209 897 1294 933 Ven.
1326 896 1367 930 B.
1400 895 1508 928 ποιοῖ

840 944 934 978 Mon.
958 945 999 978 Β.
1025 945 1116 977 Flor.
1138 944 1182 976 U.
1231 943 1373 986 Signum
1398 941 1506 973 inter-—

841 991 983 1034 rogandi
1006 991 1048 1023 ab
1074 989 1170 1023 Astio
1194 988 1229 1022 in
1254 993 1335 1022 tert.
1360 986 1506 1040 positum

840 1040 1025 1080 propterea
1037 1035 1261 1069 adhibendum
1273 1032 1403 1086 putavi,
1415 1031 1505 1077 quod

840 1082 937 1116 huius
961 1082 1072 1138 partis
1094 1087 1192 1114 tenor
1215 1081 1314 1121 idem,
1335 1079 1392 1123 qui
1412 1078 1505 1122 prio-

838 1128 886 1162 ris
910 1128 952 1161 ad
979 1124 1242 1171 ἐγκωμιάσεται
1265 1137 1374 1169 usque
1398 1124 1505 1177 perti-

839 1174 963 1215 nentis,
988 1174 1115 1214 fuisse,
1148 1184 1258 1217 neque
1283 1172 1415 1205 Glauco
1440 1169 1505 1203 nisi

838 1219 1067 1262 interrogatus
1100 1218 1318 1263 interpellare
1349 1215 1504 1250 Socratis

838 1277 1024 1299 sermonem
1043 1265 1195 1309 potuisse
1216 1264 1362 1297 videtur.
1397 1262 1504 1296 Deest

837 1311 924 1344 enim
957 1311 1101 1344 alterum
1140 1310 1368 1365 tertiumque,
1411 1308 1502 1352 quod

836 1356 893 1390 ille
923 1357 1100 1391 additurus
1136 1352 1158 1390 ὅ
1191 1367 1239 1389 τε
1270 1364 1501 1399 χρηματιστι-

835 1400 902 1442 κὸς
921 1403 1066 1437 dixerat.
1114 1402 1254 1435 Scilicet
1278 1402 1419 1446 primum
1436 1400 1501 1433 iam

835 1450 920 1482 satis
946 1449 1091 1493 amplum
1120 1448 1239 1481 videns
1264 1448 1299 1481 in
1325 1459 1364 1480 eo
1389 1445 1503 1479 subsi-

835 1495 899 1528 stit
932 1498 1036 1539 atque
1076 1506 1144 1527 una
1181 1494 1260 1535 illa,
1304 1504 1404 1537 qnam
1438 1491 1503 1524 tri-

833 1542 1016 1574 membrem
1039 1540 1237 1573 instituerat
1259 1537 1501 1582 interrogatio-

834 1598 921 1628 nem,
948 1586 982 1620 in
1007 1590 1078 1620 tres
1103 1587 1214 1620 divisa
1238 1584 1433 1628 singulatim
1457 1583 1501 1617 de

833 1644 949 1673 avaro,
974 1638 1045 1665 tum
1070 1632 1113 1665 de
1136 1631 1329 1672 ambitioso,
1354 1630 1500 1675 denique

833 1678 876 1712 de
900 1678 1097 1723 philosopho
1123 1678 1271 1723 quaerit.

878 1746 953 1779 τῶν
976 1743 1188 1790 χρημάτων]
1213 1746 1290 1779 τῶν
1310 1757 1376 1780 om.
1395 1744 1497 1779 Vind.

830 1792 871 1826 F.
895 1795 982 1836 Ang.
1007 1793 1048 1827 B.
1072 1793 1169 1827 Flor.
1194 1793 1236 1827 R.

875 1858 1113 1905 μανθάνειν,]
1127 1858 1360 1904 μανθάνεινς
1375 1859 1497 1904 Steph.

879 1925 960 1973 ὅτι]
987 1925 1010 1964 ὅ
1034 1942 1070 1963 τι
1094 1929 1296 1970 Bekkerus,
1320 1928 1439 1961 Astius
1462 1927 1497 1960 in

830 1979 912 2009 tert.
945 1980 980 2009 et
1013 1976 1270 2009 Stallbaumius.
1318 1975 1385 2008 Est
1410 1973 1497 2006 enim

830 2033 1031 2066 pronomen,
1091 2020 1370 2074 quemadmodum
1429 2020 1497 2053 iam

831 2068 1008 2111 Stephano
1034 2068 1162 2108 visum,
1187 2067 1245 2120 qui
1270 2079 1304 2112 p.
1326 2068 1383 2101 26.
1411 2065 1498 2098 haec

830 2115 1026 2147 annotavit:
1061 2114 1182 2147 Scriho
1218 2109 1260 2153 ὃ,
1283 2124 1340 2146 tt.-
1375 2116 1410 2145 et
1434 2111 1495 2145 im-

829 2159 946 2203 plicita
971 2171 1046 2193 esse
1069 2161 1175 2193 verba
1201 2164 1296 2212 puto,
1314 2169 1378 2191 non
1396 2157 1495 2191 aliter

828 2205 1021 2249 intelligens
1054 2217 1153 2260 quam
1185 2205 1212 2238 si
1246 2205 1294 2237 ita
1329 2204 1495 2237 collocata

828 2256 954 2292 essent,
977 2249 1122 2285 καπνὸν
1147 2248 1191 2294 δὴ
1219 2249 1283 2284 καὶ
1308 2248 1494 2305 φλυαρίαν

831 2295 1003 2353 οἰόμενος
1030 2294 1195 2341 μάθημα
1227 2292 1269 2339 δ’,
1306 2308 1342 2329 τι
1364 2294 1414 2339 μὴ
1441 2308 1490 2328 τι-

827 2341 901 2387 μὴν
935 2341 1056 2387 φέροι.
1114 2343 1172 2377 Sic
1207 2322 1320 2376 autem
1352 2347 1387 2375 et
1410 2341 1491 2375 alibi

829 2390 1012 2433 φλυαρίας
1064 2388 1300 2446 appellatione
1341 2389 1477 2421 utitur.‘

827 2436 937 2469 Recte
960 2435 1028 2476 ille,
1053 2435 1083 2469 si
1108 2433 1153 2478 δὴ
1180 2437 1216 2467 et
1240 2431 1412 2476 οἰόμενος
1431 2445 1492 2476 ge-

827 2482 930 2514 nuina
954 2485 1088 2521 essent,
1113 2480 1240 2533 quibus
1265 2480 1406 2514 remotis
1432 2477 1491 2513 ὅτι

826 2525 986 2570 μαθημα
1027 2527 1070 2560 ad
1109 2523 1319 2569 μανθάνειν
1366 2526 1490 2560 referri

826 2585 966 2607 necesse
991 2577 1065 2613 est,
1099 2573 1141 2606 de
1173 2572 1406 2606 coniunctione
1431 2568 1490 2606 ὅτι

826 2631 936 2664 eaque
960 2630 1034 2652 cum
1055 2615 1104 2662 μὴ
1131 2618 1363 2663 coniungenda
1385 2618 1490 2652 nihilo

824 2665 932 2708 magis
958 2664 1184 2709 cogitandum.

870 2730 1031 2775 μάθημα
1054 2729 1178 2776 τιμὴν]
1203 2730 1398 2776 μαθήματι
1414 2730 1490 2776 μὴν

825 2779 927 2813 Vind.
953 2779 993 2812 F.
1025 2776 1134 2822 τιμὴν
1159 2790 1224 2812 om.
1251 2779 1350 2813 Vind.
1374 2779 1418 2813 E.

871 2845 989 2891 φέρει]
1015 2844 1124 2891 φέροι
1146 2847 1233 2880 Lob.
1251 2849 1336 2881 Ven.
1351 2848 1390 2882 B.
1407 2848 1487 2885 Vat.

824 2893 904 2929 ΒΜ.
928 2893 1003 2927 Ald.
1028 2893 1104 2928 Bas-
1131 2894 1186 2928 ab.
1210 2894 1330 2938 Steph.
