1764 3176
308 107 391 148 222

750 70 1288 147 PLATONIS*

241 221 279 261 D
304 215 469 272 ταραχὴ
499 214 606 273 δήλη
624 215 728 272 ἡμῖν
748 216 910 261 ἐνοῦσα
937 215 1047 272 αὕτη
1078 215 1125 259 ἐν
1153 218 1207 272 τῇ
1235 218 1376 274 ψυχῇ·
1407 212 1444 275 ᾧ
1474 218 1532 275 δὴ
1555 217 1683 277 ἡμῶν

301 287 363 339 τῷ
393 282 621 338 παθήματι
649 288 724 340 τῆς
756 282 930 339 φύσεως
957 283 984 340 ἡ
1018 285 1287 339 σκιαγραφία
1317 283 1549 342 ἐπιθεμένη
1577 303 1681 344 γοη-

299 352 416 400 τείας
449 348 581 394 οὐὸὲν
601 349 845 404 ἀπολείπει,
869 352 941 396 καὶ
971 351 996 407 ἡ
1021 353 1350 407 θαυματοποιία
1378 354 1451 397 καὶ
1482 355 1528 396 αἱ
1556 352 1683 398 α’λλαι

298 419 453 461 πολλαὶ
478 423 678 464 τοιαῦται
699 422 899 477 μηχαναί.
937 417 1113 476 Ἀληθῆ.
1148 415 1241 474 ’Ap'
1268 422 1350 464 οὐν
1371 420 1425 465 ου
1441 419 1491 464 τό
1512 426 1684 476 μετρεῖν

297 486 372 528 καὶ
393 484 596 542 ἀριθμεῖν
617 489 690 532 καὶ
713 489 883 532 ιστάναι
908 489 1111 545 βοήθειαι
1135 487 1413 543 χαριέσταται
1437 487 1547 544 πρὸς
1568 487 1680 533 αὐτα

300 551 548 609 ἐφάνησαν,
588 556 697 600 ὥστε
726 557 784 614 μή
817 556 962 612 ἄρχειν
993 557 1040 600 ἐν
1078 554 1184 613 ἡμῖν
1212 555 1260 601 vd
1292 556 1566 612 φαινόμενον
1595 562 1683 611 μεῖ-

301 624 376 672 ζον
406 620 434 677 ἢ
463 621 639 666 ἔλαττον
678 622 707 679 ἢ
735 625 869 668 πλέον
907 624 935 680 ἢ
971 623 1241 681 βαρύτερον,
1284 623 1394 668 ἄλλά
1423 625 1472 669 τό
1504 624 1682 681 λογισά-

237 696 268 736 Ε
298 705 433 744 μενον
462 692 535 734 καὶ
560 695 778 747 μετρῆσαν
804 692 833 748 ἢ
861 694 935 737 καὶ
965 697 1148 749 στῆσαν5
1193 696 1299 744 Παῖς
1327 692 1412 748 γάρ
1443 692 1523 743 οὕς
1548 691 1681 737 Ἀλλὰ

298 756 387 814 μήν
419 758 550 802 τοῦτό
591 776 638 814 γε
675 764 757 803 τοῦ
795 765 1052 818 λογιστικοῦ
1087 760 1142 804 ἂν
1173 762 1238 815 εἴη
1268 764 1347 803 τοῦ
1377 761 1423 803 ἐν
1455 765 1575 818 ψυχῇ
1605 762 1680 817 ἕρ-

295 841 388 880 γον.

295 972 369 1006 dem
395 974 491 1007 modo
517 975 870 1018 Schleiermacherus‚
899 976 958 1010 sed

295 1020 485 1062 pronomini
526 1021 617 1054 iusto
665 1023 741 1066 pius
785 1023 958 1056 tribuens.

299 1066 377 1098 Lnd
403 1078 440 1099 so
465 1067 509 1100 ist
534 1069 606 1100 dles
631 1069 857 1113 iusgcsammt
883 1071 958 1102 eine

294 1122 412 1155 grosse
466 1113 498 1145 l
496 1114 689 1160 erwirrung
738 1116 775 1148 in
818 1127 958 1149 uuserer

296 1158 403 1192 Seele.

344 1202 508 1248 ταραχὴ]
536 1203 706 1249 ταραχθὴ
734 1206 813 1240 Bas.
839 1218 869 1241 a.
918 1207 957 1241 In

299 1248 397 1282 Vind.
423 1250 464 1282 F.
491 1262 521 1283 ιι
516 1251 605 1284 'tima
628 1252 759 1294 syllaba
783 1253 932 1287 evanuit

337 1291 439 1347 ἡμῖν]
466 1298 530 1338 μῖν
554 1297 647 1330 Μοιι.
672 1297 711 1331 Β.

336 1336 446 1384 αὕτη]
473 1339 567 1386 αὕτη
555 1340 657 1376 'Pan
669 1346 709 1376 A.
733 1343 833 1378 Vind.
848 1344 953 1378 BEF.

291 1385 383 1420 Mon.
411 1388 452 1421 C.
487 1388 952 1442 Ven.B.Ang.B.F101-.

288 1432 429 1467 ACRT.
465 1430 561 1478 αὐτῆ
588 1435 668 1470 Vat.
692 1436 736 1470 H.
784 1436 954 1470 Neutrum

287 1479 476 1534 probabile.

335 1524 384 1570 ῳ]
415 1521 434 1559 ὃ
463 1525 560 1559 Vind
574 1527 615 1561 B.
642 1527 720 1561 Vat.
741 1526 786 1561 H.
813 1531 848 1561 et
865 1538 952 1561 corr.

292 1559 384 1605 Mon.
407 1571 446 1604 C.

336 1629 399 1650 και
413 1616 453 1650 αἱ
468 1612 589 1661 ἄλλαι]
616 1618 672 1651 Ita
694 1618 773 1653 Par.
785 1620 825 1653 A.
853 1619 951 1653 Vind.

289 1662 364 1696 ΒΕ.
398 1664 491 1696 Μοιι.
528 1664 567 1697 C.
606 1665 692 1697 Ven.
718 1666 759 1701 B.
792 1667 870 1700 Vat.
907 1666 952 1700 H.

288 1709 385 1743 Flor.
409 1710 481 1743 AV
508 1715 543 1743 et
565 1709 719 1745 Ficinus.
752 1712 952 1756 (ceteraque

289 1756 590 1799 machinamenta)
616 1756 752 1809 Reliqui
781 1770 854 1791 cum
879 1758 951 1791 edi—

290 1800 335 1833 tis
361 1801 538 1834 articulum
570 1802 739 1836 omittunt.
785 1804 838 1837 Cf.
865 1804 949 1859 Leg.

291 1846 332 1880 L.
356 1847 436 1880 XII.
470 1859 503 1891 p.
529 1849 607 1883 967.
630 1849 675 1903 A:
711 1848 746 1882 οἱ
779 1861 846 1892 μεν
878 1848 949 1894 γὰρ

292 1892 533 1927 διανοοῦνται
576 1891 665 1932 τοὺς
698 1892 745 1927 τὰ
790 1896 949 1929 τοιαῦτα

288 1936 654 1982 μεταχειρισαμένους
673 1936 900 1995 α’στρονομία
913 1953 950 1976 τε

290 1984 353 2018 καὶ
370 1989 452 2026 ταῖς
467 1983 560 2028 μετοὶ
578 1983 715 2040 ταύτης
730 1984 950 2031 ἀναγκαίαις

291 2026 419 2071 αλλαις
460 2029 604 2086 τέχναις
648 2029 790 2072 α’θέους
834 2034 948 2077 γίγνε-

290 2078 393 2111 σθαι.
420 2084 453 2112 et
477 2079 628 2122 redquis,
652 2091 741 2122 quae
757 2081 948 2113 necessario

290 2124 367 2156 huit:
391 2125 590 2158 coniunctae
617 2130 718 2166 sunt,
749 2127 946 2169 disciplinis.

287 2169 449 2204 Similiter
473 2170 527 2204 hic
551 2171 724 2215 reliquae,
747 2184 836 2216 quae
860 2173 949 2205 mul-

286 2221 345 2251 tae
356 2222 446 2257 sunt,
458 2218 653 2251 huiusmodi
673 2223 763 2251 artes
780 2218 946 2252 dicuntur.

328 2257 400 2319 Ἆρ’
410 2264 489 2307 ]α
566 2263 667 2299 vind.
702 2263 744 2297 F.
779 2263 873 2298 Mon.
906 2265 947 2300 B.

277 2303 356 2352 ’Ἆρ’
373 2308 454 2363 ,A.ld

334 2366 380 2388 ου
404 2351 462 2398 τὸ]
490 2351 600 2392 οὕτω
625 2354 728 2390 Vind.
752 2355 795 2390 F.
823 2351 869 2389 ου’
893 2368 943 2389 τω

284 2401 370 2444 Aug.
395 2401 436 2434 B.
470 2399 513 2436 τὸ
541 2400 584 2436 τὸ
610 2403 691 2436 Bas.
715 2414 746 2436 a.
776 2397 877 2436 οὕτω
900 2399 943 2436 τὸ

286 2446 366 2480 Bas.
391 2447 425 2481 b.

285 2537 315 2571 C
331 2490 490 2538 ἱστάναι]
514 2492 777 2529 ἱστᾶναιγίιιᾱ.
790 2493 830 2529 F.
851 2493 945 2528 Mon.

328 2581 585 2629 χαριέσταται]
608 2582 841 2641 χαριέστατοι
865 2584 943 2619 Par.

284 2629 328 2665 K.
353 2642 421 2664 sec.
446 2630 524 2686 Bip.
548 2629 777 2686 χαριέστεραι
801 2632 879 2667 Vat.
894 2631 942 2665 M.

330 2673 442 2732 αὐτὰ]
471 2674 598 2733 αὐτην
617 2678 642 2711 Ρ
667 2690 692 2712 ι·.
718 2677 762 2713 K.

330 2719 533 2815 Zffissfi‘ss’
538 2720 806 2811 };.‘³.⁹⁰ss12.⁶‘}2.i
819 2722 941 2804 iffi.

452 825 624 871 Τούτου
659 827 742 884 γὰρ
773 824 866 873 οὖν.
918 829 1072 886 Τούτῳ
1105 828 1151 872 δὲ
1181 826 1390 878 πολλάκις
1420 828 1681 884 μετρήσαντι

1016 979 1078 1017 „et
1099 975 1213 1010 nescio
1238 987 1281 1009 an
1308 975 1349 1010 A.
1353 977 1376 994 ‘⁵
1400 975 1501 1009 Vind.
1516 975 1559 1009 E.
1585 975 1677 1010 Mon.

1015 1002 1161 1056 13.V.at
1186 1022 1230 1055 H.
1262 1021 1360 1054 Flor
1391 1022 1534 1056 ATUV.
1567 1034 1618 1061 ως
1639 1033 1678 1065 γε

1016 1068 1139 1112 reliqui
1163 1079 1238 1101 clun
1263 1067 1364 1101 editis
1392 1071 1471 1100 ante
1494 1067 1584 1100 Astii
1607 1080 1675 1102 sec.

1016 1114 1109 1147 cuius
1143 1120 1264 1147 auctor
1299 1110 1478 1147 lectionem
1501 1114 1590 1147 haud
1614 1115 1679 1147 du-

1014 1160 1073 1193 bie
1096 1171 1210 1193 veram
1236 1171 1277 1193 ex
1302 1159 1498 1193 coniectura
1516 1160 1676 1194 restituit.

1013 1200 1082 1285 Μῆ
1109 1204 1184 1284 agi]
1208 1202 1232 1250 ἢ
1259 1218 1323 1240 om.
1348 1205 1439 1239 Flor.
1459 1206 1504 1239 T.
1530 1205 1592 1240 καὶ
1612 1218 1676 1240 om.

1053 1263 1104 1285 on.
1151 1273 1166 1286 -.

1060 1294 1127 1337 οὕ,-
1152 1294 1265 1351 ᾉλλα]
1293 1309 1352 1339 ου,
1380 1293 1473 1331 om&
1498 1297 1578 1332 Bas.
1598 1299 1632 1332 1).

1057 1340 1172 1377 τοῦτό
1195 1344 1246 1387 γε]
1271 1340 1386 1377 τοῦτό
1412 1355 1450 1376 τε
1475 1344 1569 1377 Μοιι.
1588 1345 1630 1378 Β.

1059 1389 1131 1433 εἴη]
1159 1384 1182 1432 ἥ
1207 1390 1293 1423 Lob.
1320 1390 1397 1423 vat.
1422 1390 1502 1423 BM.
1526 1390 1608 1423 Par.
1630 1390 1675 1426 K.

1011 1446 1078 1468 sec.
1106 1435 1211 1468 Bekk.
1237 1431 1259 1478 ἣ
1287 1434 1370 1468 V.en
1397 1434 1439 1468 C.
1465 1436 1543 1469 Par.
1568 1436 1611 1470 D.

1057 1481 1140 1536 τοῦ]
1167 1480 1242 1514 τῶν
1270 1481 1349 1514 Bas.
1374 1481 1408 1513 b.

1059 1523 1096 1559 ἐν
1121 1526 1246 1571 ψυχῇ]
1284 1523 1321 1559 ἐν
1345 1526 1391 1571 τῇ
1417 1532 1458 1570 ψ.
1488 1526 1570 1560 editi
1595 1531 1675 1562 ante

1010 1571 1205 1606 Bekkerum
1229 1584 1303 1606 cum
1330 1573 1428 1606 Vind.
1454 1574 1496 1608 B.
1521 1573 1614 1608 Mon.
1632 1574 1673 1608 C.

1010 1619 1095 1653 Ven.
1121 1620 1160 1652 B.
1193 1619 1279 1662 Ang.
1311 1620 1352 1653 B.
1388 1620 1470 1655 vat.
1500 1619 1547 1653 H.
1579 1620 1673 1654 Flor.
1718 1636 1721 1637 ⁷

1008 1665 1148 1698 ACTV.
1191 1665 1384 1698 tacentibus
1421 1664 1465 1698 de
1505 1665 1584 1700 Par.
1627 1666 1671 1707 K.

1007 1710 1050 1743 Bi
1079 1737 1086 1744 .

1052 1722 1219 1801 ΙἂΊούτου]
1245 1757 1301 1790 Ita
1326 1756 1427 1791 vind.
1446 1757 1488 1791 B.
1513 1768 1534 1791 a
1557 1769 1600 1791 m.
1618 1768 1670 1802 pr.

1006 1803 1065 1835 sed
1091 1808 1286 1836 correctus:
1319 1807 1399 1836 ante
1432 1814 1520 1838 corr.
1556 1804 1670 1838 τοῦτο

1007 1853 1095 1883 erat.

1058 1892 1211 1941 Τουτῳ]
1243 1894 1358 1929 τοῦτο
1383 1893 1484 1927 vind.
1508 1894 1548 1927 B.
1574 1894 1668 1928 Mon.

1008 1939 1048 1974 C.
1074 1941 1153 1974 V.at
1178 1940 1222 1973 H.
1248 1938 1371 1986 τούτῳ
1400 1941 1466 1984 (sc.
1496 1940 1548 1984 τῷ
1574 1941 1668 1984 λογι-

1007 1986 1134 2040 στικῷ)
1156 1992 1195 2019 ut
1212 1975 1428 2029 σημαίνοντι
1457 1985 1591 2019 dativus
1617 1991 1670 2020 est

1006 2031 1219 2065 insu-umenti
1251 2043 1311 2066 seu
1354 2031 1567 2073 adminiculi,
1600 2044 1668 2086 quo

1005 2077 1081 2122 quis
1105 2078 1256 2120 metitur,
1278 2078 1472 2134 pendetque
1496 2090 1514 2110 e
1535 2076 1669 2123 μετρή-

1004 2133 1109 2176 σαντι
1143 2124 1217 2168 (sc.
1263 2121 1481 2179 ανθρώπῳ)
1525 2127 1565 2157 ut
1604 2125 1668 2158 hoc

1003 2168 1113 2213 ipsum
1138 2182 1157 2202 e
1189 2167 1364 2209 πολλακις
1387 2169 1581 2214 φαίνεται,
1604 2170 1668 2204 1ιοο

1005 2226 1123 2248 sensu:
1152 2216 1253 2249 huius
1265 2222 1379 2250 autem
1391 2217 1502 2259 partis
1514 2227 1576 2260 ope
1588 2227 1667 2250 sae-

1002 2273 1185 2305 penumero
1204 2274 1318 2296 menso
1339 2263 1456 2302 alicui,
1477 2274 1580 2306 quum
1603 2263 1666 2296 illa

1005 2308 1123 2351 (pars)
1144 2310 1277 2342 maiora
1296 2309 1467 2353 quaedam
1487 2309 1542 2342 vel
1558 2309 1666 2342 mino-

1003 2366 1045 2387 ra
1067 2355 1123 2388 vel
1148 2356 1251 2398 paria
1273 2367 1343 2389 esse
1362 2355 1560 2399 sigmficat‚
1585 2366 1665 2388 σοπ-

1004 2401 1116 2433 traria
1142 2402 1243 2434 simul
1274 2402 1316 2434 de
1345 2402 1466 2434 iisdem
1492 2401 1663 2436 videntur.

1002 2445 1096 2479 Male
1119 2446 1204 2480 haec
1221 2447 1372 2487 Ficinus⁵
1396 2446 1456 2487 sed
1479 2447 1540 2488 ita,
1557 2450 1596 2480 ut
1613 2447 1664 2480 le—

1004 2492 1148 2525 ctionem
1180 2493 1322 2526 eandem
1353 2496 1489 2526 secutus
1513 2504 1590 2526 esse
1611 2493 1664 2526 vi-

1003 2537 1136 2579 deatur,
1148 2540 1336 2572 convertit:
1365 2539 1437 2572 Hoc
1452 2544 1567 2572 autem
1584 2550 1663 2572 sae-

999 2595 1184 2629 penumero
1221 2587 1380 2619 metiente
1422 2585 1663 2629 indicanteque

1000 2631 1137 2664 maiora
1166 2642 1238 2664 esse
1263 2633 1429 2665 nonnulla
1454 2632 1508 2665 vel
1529 2632 1662 2665 minora

999 2677 1080 2710 aliis
1098 2678 1183 2718 alia,
1208 2678 1262 2710 vel
1286 2678 1462 2722 aequalia,
1486 2677 1661 2710 contraria

999 2723 1100 2756 simul
1118 2725 1209 2757 circa
1229 2725 1351 2757 eadem
1375 2725 1460 2757 haec
1478 2724 1573 2757 nobis
1595 2735 1660 2765 ap-

996 2774 1132 2814 parent.
1189 2770 1344 2812 Tamen,
1378 2769 1408 2804 si
1441 2770 1526 2803 haec
1564 2770 1659 2803 nobis
