1764 3176
8 0 20 275 ,Μιε-ωτ-ΞῚᾎ

489 173 826 217 CIVITAS
865 173 989 216 LIB.
1015 173 1073 215 X.
1099 177 1167 212 616

1436 177 1519 216 281

136 286 212 331 καὶ
242 284 525 342 ἀφικνεῖσθαι
555 286 836 341 τεταρταίους
871 284 979 328 ὅθεν
1008 287 1213 340 καθορᾷν
1243 280 1419 328 ἄνωθεν
1448 286 1522 329 διὰ

136 353 302 405 παντὸς
331 357 412 397 τοῦ
443 353 644 409 οὐρανοῦ
673 354 747 397 καὶ
776 356 856 408 γῆς
883 352 1117 407 τεταμένον
1148 356 1244 408 φῶς
1274 351 1401 404 εὐθύ,
1424 350 1521 396 οἷον

135 425 286 476 κίονα,
325 421 513 477 μάλιστα
555 426 608 480 τῇ
654 424 765 476 ἰ’ριδι
813 424 1066 476 προσφερῆ,
1116 419 1423 476 λαμπρότερον
1473 422 1519 466 δὲ

134 490 210 535 καὶ
237 490 553 546 καθαρώτερον
565 507 575 516 ·

618 492 676 541 εἰς
708 489 732 533 ὃ
771 488 1011 546 ἀφικέσθαι
1039 487 1332 542 προελθόντες
1360 489 1518 546 ἡμερη-

136 559 180 602 6!
281 556 293 571 f
340 557 349 572 ἱ
469 558 478 573 l
582 563 600 570 ιν
701 556 711 572 2
755 558 764 571 Ι
943 556 952 570 ἱ
1030 556 1039 570 Ι
1187 556 1196 569 ἴ
1286 560 1303 568 ⁶-
1364 557 1375 572 ,
1498 562 1517 570 a-

164 575 237 601 ιαν
272 560 379 602 οδον
409 574 482 601 και
513 560 624 602 ἰδειυ
655 563 818 601 autom
848 574 957 601 κατα
989 569 1125 612 μεσον
1152 573 1200 599 το
1232 573 1328 611 φως
1358 574 1405 601 εκ
1435 575 1514 602 του
1549 557 1581 599 C

135 623 337 680 οὐρανοῦ
376 624 430 669 τοὶ
469 618 583 681 ἄκρα
625 623 765 670 αὐτοῦ
805 629 894 669 τῶν
928 627 1097 682 δεσμῶν
1133 625 1364 679 τεταμένα·

1406 624 1519 670 εἶναι

131 693 217 751 γάρ
260 697 392 738 τοῦτο
431 692 481 739 τὰ
525 697 622 750 φῶς
660 693 904 752 ξύνδεσμον
947 697 1027 737 τοῦ
1065 691 1287 747 οὐρανοῦ,
1329 691 1425 738 οἷον
1465 694 1519 739 τοὶ

179 820 270 866 δεῖν]
299 818 344 865 δὴ
372 820 478 855 Clem.
505 819 566 854 δεῖ
588 820 714 854 Euseb.
740 831 796 855 re-

129 867 263 901 ferente
287 872 322 900 et
322 834 521 922 nprobante
537 867 689 900 Pottero.

176 913 222 958 τῇ
250 910 379 959 ογδόῃ]
404 911 474 957 τὴν
502 909 639 956 ὀγδόην
655 915 741 957 Aug.
754 913 795 946 B.

130 948 429 1049 Ειδῖὰῖξταντὸς]
468 1001 676 1044 διαπαντὸς
708 1004 793 1038 Lob.

129 1051 231 1087 Vind.
256 1052 301 1085 F.
335 1051 409 1084 Ald.
441 1052 523 1085 Bas.
551 1052 605 1084 ab.
630 1070 675 1075 ——
708 1051 794 1083 Pro—

129 1097 200 1130 clus
224 1097 260 1131 in
283 1094 716 1153 'ri1s1[1.p.141‚11.«5102t
724 1097 793 1130 τοῦ

126 1143 238 1177 θείου
261 1141 389 1200 φωτὸς
406 1140 541 1177 ἑαυτὸν
562 1139 673 1187 ὁρῶν,
696 1138 716 1176 ὃ
737 1140 794 1176 τέ-

118 1192 237 1223 ’ταται
267 1187 330 1223 διὰ
355 1189 422 1223 τοῦ
454 1186 619 1232 ου’ρανοῦ
651 1186 794 1228 παντὸς

126 1235 171 1290 τῆ
193 1235 281 1280 ἶριδι
296 1236 346 1279 (ν.
353 1235 495 1291 εἰρίδι)
513 1246 719 1279 προσφερες
734 1231 791 1277 ὂν,

127 1270 179 1320 τός
204 1291 316 1326 φησιν
342 1278 362 1316 ὁ
385 1279 423 1315 ἐν
442 1282 617 1315 Πολιτεία
638 1278 791 1323 Σωκρά-

125 1339 202 1382 της.
228 1324 345 1361 ἐκεῖνο
366 1325 441 1384 γάρ
468 1324 542 1361 ἐστι
565 1316 609 1361 τὸ
636 1325 792 1371 πρώτως

126 1369 288 1417 ὁρατὸν,
321 1371 376 1407 δι’
414 1371 503 1408 ὅλου
544 1373 613 1407 τοῦ
649 1372 790 1416 κόσμου

123 1419 265 1464 διῆκον.

168 1463 384 1522 τεταμένον]
401 1462 632 1521 τεταγμένον
656 1466 736 1500 Vat.
748 1465 788 1498 Β.

127 1530 131 1540 ι
169 1508 284 1556 εὐθὺ]
312 1522 409 1554 ενφυ
434 1512 511 1545 Ald.

169 1558 291 1601 κίονα]
316 1555 437 1591 κύονα
459 1559 490 1593 V
493 1557 559 1591 ind
572 1557 612 1591 F.
632 1577 677 1582 -—
700 1558 790 1590 Pho-

68 1588 74 1594 ·
122 1603 192 1637 tius
215 1603 312 1637 Pors.
337 1615 370 1648 p.
380 1606 468 1640 501:
493 1602 694 1646 τεταμένον
708 1604 790 1646 φῶς

125 1645 222 1683 ευθυ
250 1647 332 1683 οἷον
364 1648 573 1684 κίονα·τό
610 1647 789 1704 οὐράνιον

124 1693 229 1751 λέγει.
263 1696 307 1730 τὸ
336 1694 407 1738 γὰρ
430 1706 578 1751 συνεχες
602 1694 671 1739 τὴν
695 1692 789 1729 ’ὑπο-

123 1738 249 1798 φορὰν
280 1742 323 1797 (l.
350 1739 502 1785 συνέχον
534 1739 602 1785 τὴν
634 1753 790 1785 περιφο-

123 1785 225 1844 edam)
249 1785 292 1822 τὸ
320 1784 525 1844 υπόζωσμρε
544 1788 612 1822 τοῦ
633 1786 788 1831 κόσμου,

122 1831 214 1867 κατ’
254 1830 351 1877 ἄκροι
387 1831 428 1868 δ’
464 1833 512 1867 αὐ
550 1834 683 1878 διῆκον
721 1834 790 1877 (ita

123 1880 242 1913 codex.
275 1880 446 1913 Porsonus
480 1891 554 1913 cuin
578 1881 686 1914 Suida
711 1878 788 1935 διή-

122 1926 223 1981 κων),
251 1923 456 1960 ἐπινοεῖται
490 1923 509 1960 ὁ
537 1924 648 1968 ἄξων.
687 1924 785 1960 εὐθύ

122 1969 164 2005 δε
198 1968 284 2006 α’ντὶ
316 1972 385 2006 τοῦ
421 1970 554 2015 ὀρθόν.
593 1985 691 2012 τινες
721 1970 787 2007 τὸν

122 2013 240 2059 ἄξονα
264 2018 334 2052 τοῦ
358 2015 511 2074 κόσμου,
539 2018 575 2052 οἱ
601 2016 641 2052 δε
666 2017 786 2053 κύλιν-

120 2062 212 2120 δρόν
239 2076 324 2098 τινα
357 2062 478 2120 πυρὸς
503 2065 677 2108 αἰθερίου
702 2064 786 2119 περι

119 2108 188 2144 τὸν
212 2106 331 2152 ἄξονα
355 2106 461 2145 ὄντα.
497 2112 638 2145 Vtiavis
663 2111 787 2156 opinio,

120 2168 209 2200 quae
240 2167 279 2190 re
303 2168 387 2190 vera
411 2169 478 2190 una
510 2158 695 2202 eademque
721 2161 785 2200 est,

119 2201 208 2244 haud
222 2202 335 2247 paullo
354 2203 562 2247 probabilior
577 2204 713 2237 videtur
732 2216 785 2244 ea,

118 2259 208 2293 quae
232 2248 395 2282 circulum
427 2250 571 2282 lacteum
597 2261 618 2283 a
642 2251 785 2284 Platone

119 2293 332 2338 designatum
356 2295 488 2328 statuit.
528 2296 785 2329 Recordandum

120 2343 233 2373 autem
258 2351 373 2373 eorum
398 2346 470 2382 est,
502 2352 590 2385 quae
614 2342 784 2376 Phaedon.

118 2397 154 2431 p.
173 2388 249 2419 110.
269 2386 307 2419 Β.
331 2396 406 2431 sqq.
428 2388 469 2420 de
488 2399 571 2421 vera
590 2390 705 2422 terrae
726 2400 784 2422 su-

117 2431 260 2485 perficie
284 2438 476 2467 narrantur.

164 2474 337 2521 μαλιστα]
357 2478 471 2533 καὶμ.
491 2479 576 2514 Ven.
595 2481 636 2514 B.
655 2481 734 2514 Bas.
749 2481 783 2514 b.

163 2523 209 2567 τῇ
237 2523 348 2602 ἴριιδι]
384 2523 522 2569 τιήριδι
546 2525 646 2560 Vind.
670 2527 711 2561 F.
735 2527 781 2572 τῇ

108 2558 217 2613 ’Ίριδι
240 2570 296 2604 vul
299 2582 352 2614 go.

163 2616 371 2659 προσφερῆ]
400 2615 606 2661 προσφερες
630 2619 715 2652 Ven.
741 2620 782 2654 B.

115 2661 190 2695 Ald.
215 2663 296 2695 Bas.
315 2663 371 2697 ab.
395 2663 515 2707 Steph.
538 2665 612 2697 Ast.
637 2665 781 2707 (lumen,

116 2713 283 2752 tanquam
310 2710 469 2742 columna
494 2716 664 2753 erectum,
698 2712 780 2755 Iris)

115 2754 327 2788 simillimum
358 2755 431 2788 Fic.
491 2756 546 2790 Cf.
573 2756 647 2789 Vol.
673 2757 716 2791 II.
746 2769 780 2802 p.

116 2799 383 2891 ugipzie'orffou]
405 2844 610 2891 οἷφίκεσθάι
626 2847 727 2883 Vind.
739 2847 780 2882 F.

900 816 1164 864 προελθόντες]
1190 819 1245 853 Ita
1268 820 1348 854 Par.
1358 820 1397 853 A.
1415 820 1518 855 Vind.

852 867 926 901 BF.
964 868 1050 900 Ven.
1084 866 1123 898 B.
1166 867 1250 909 Ang.
1286 867 1326 901 B.
1365 866 1437 900 Pal.
1475 867 1516 901 A.

853 913 931 946 Vat.
956 913 1000 946 H.
1025 912 1119 946 Flor.
1137 912 1309 946 ACRTV.
1335 909 1518 953 ἐλθόντας

852 959 938 992 Lob.
966 959 1044 991 Vat.
1072 958 1118 992 M.
1153 956 1413 1001 προελθόντας
1436 960 1518 992 reli-

852 1005 912 1050 qui
936 1004 1069 1038 codices
1096 1016 1170 1037 cum
1195 1004 1307 1038 editis.
1354 1005 1516 1039 Nomina-

851 1052 942 1084 tivus
966 1054 1160 1084 narrantem
1184 1051 1248 1083 hoc
1273 1062 1349 1091 non,
1375 1056 1413 1083 ut
1436 1063 1515 1096 pro-

850 1097 963 1137 xima,
997 1097 1038 1130 de
1063 1097 1234 1135 omnibus
1260 1097 1320 1130 sed
1352 1096 1394 1130 de
1419 1108 1456 1131 se
1480 1101 1516 1131 et

851 1144 1027 1177 comitibus
1061 1142 1132 1176 suis
1167 1144 1298 1176 referre
1332 1143 1515 1186 significat.

850 1190 981 1223 Eodem
1012 1189 1154 1222 mutatio
1188 1189 1349 1233 temporis
1384 1193 1419 1222 et
1450 1201 1514 1245 pro

848 1240 1031 1280 praesente
1059 1235 1190 1278 positus
1214 1235 1358 1268 aoristus
1385 1231 1514 1278 ἀφικέ-

850 1283 941 1314 σθαι
966 1286 1001 1314 et
1026 1280 1118 1313 ἰδεῖν
1142 1281 1300 1325 pertinet.
1349 1281 1515 1316 Nomina-

847 1327 911 1361 tivi
937 1327 1025 1360 ratio
1050 1327 1165 1360 similis
1191 1332 1244 1360 est
1267 1327 1355 1361 infra
1383 1338 1414 1369 p.
1435 1330 1513 1364 621.

848 1374 899 1407 B:
935 1371 1054 1412 αὐτὸς
1092 1371 1130 1406 ὁε
1164 1373 1231 1406 τοῦ
1267 1385 1333 1416 μεν
1373 1372 1515 1414 ὕδατος

847 1419 1066 1475 κωλυθῆναι
1089 1421 1188 1452 πιεῖν
1213 1424 1280 1452 etc.

893 1455 1107 1520 ἦμερησίαν]
1132 1461 1325 1508 ἡμερισίαν
1349 1466 1449 1499 Vind.
1469 1466 1511 1500 F.

894 1509 1027 1556 αὐτοῦ]
1054 1516 1131 1555 post
1155 1511 1230 1544 τῶν
1251 1512 1392 1553 δεσμῶν
1411 1512 1511 1548 Vind.

846 1558 1095 1593 BE.Ve11.B.
1123 1558 1512 1591 Flor.ACRTV.cum

847 1605 948 1638 editis
974 1610 1052 1638 ante
1077 1604 1281 1637 Bekkerum.
1309 1601 1347 1637 ἐκ
1372 1605 1447 1637 vat.
1462 1605 1512 1638 M.

845 1651 901 1684 Ex
933 1663 973 1684 eo
999 1650 1351 1691 Scffleiermacherus,
1377 1650 1434 1694 qui
1460 1651 1514 1684 lu-

847 1697 945 1730 minis
971 1696 1156 1729 coiumnam
1181 1696 1341 1729 circulum
1366 1696 1511 1730 lacteum

844 1743 1093 1787 interpretatur
1135 1741 1331 1775 universnm
1382 1743 1511 1776 coelum

847 1790 1035 1832 cingentem
1070 1792 1107 1822 et
1140 1788 1387 1830 continentem,
1412 1784 1509 1833 α’κροι

847 1840 959 1869 autern
995 1834 1104 1876 nulla,
1148 1834 1209 1867 nisi
1244 1835 1330 1868 coeli
1371 1834 1512 1879 eiusque

846 1882 940 1924 polos
965 1880 1110 1935 cogitari
1138 1891 1256 1935 posse
1264 1880 1405 1922 statuit,
1430 1881 1512 1915 Pla—

846 1931 959 1960 tonem
996 1939 1042 1960 τα
1074 1922 1171 1980 ἄκρα
1207 1923 1327 1960 αυτοῦ
1363 1923 1401 1960 ἐκ
1434 1927 1509 1961 τῶν

847 1973 990 2016 δεσμῶν
1026 1973 1202 2018 scripsisse
1236 1979 1271 2006 et
1303 1973 1386 2007 coeli
1413 1974 1509 2018 polos

846 2031 887 2053 ex
911 2020 967 2053 ino
1000 2019 1126 2053 ciiculo
1154 2031 1214 2053 seu
1237 2019 1370 2052 vinculo
1393 2023 1509 2054 tensos

845 2067 956 2110 (seine
982 2067 1104 2099 Enden
1131 2078 1178 2099 απ
1202 2066 1318 2098 diesen
1342 2067 1509 2099 Bc'indcrn

845 2114 1101 2156 ansgespannt)
1125 2112 1250 2144 dixisse
1275 2112 1427 2154 coniicit,
1454 2112 1509 2146 cui

844 2160 1060 2192 coniecturae
1097 2158 1341 2191 Stallbaumius
1372 2158 1405 2191 in
1439 2169 1507 2193 sec.

844 2205 1072 2245 auctoritate,
1099 2210 1137 2237 ut
1163 2205 1221 2245 ait,
1250 2205 1327 2238 Vat.
1352 2204 1401 2237 M.
1427 2216 1507 2238 con-

841 2251 996 2284 firmatae
1020 2251 1215 2284 subscribit.
1265 2251 1335 2283 Sed
1362 2251 1438 2283 Vat.
1456 2251 1506 2285 M.

843 2293 961 2330 αὐτοῦ
988 2296 1132 2338 omittit,
1166 2308 1229 2329 nec
1253 2308 1337 2340 opus
1361 2299 1414 2330 est
1438 2297 1507 2330 ulla

841 2343 1046 2382 mutatione,
1087 2343 1115 2375 si
1150 2343 1192 2376 ad
1227 2343 1370 2376 medium
1396 2354 1505 2385 axem,

841 2389 873 2422 h.
899 2401 928 2423 e.
963 2389 1006 2422 ad
1031 2392 1184 2422 centrum
1212 2393 1327 2422 terrae
1350 2389 1505 2435 idemque

841 2435 953 2468 mundi
989 2435 1049 2478 (cf.
1077 2429 1154 2467 ἄνω
1180 2446 1213 2478 p.
1236 2436 1314 2470 621.
1334 2436 1391 2479 Β.)
1425 2447 1506 2479 per-

840 2481 982 2514 tinentia
994 2480 1126 2514 vincula
1139 2481 1324 2524 cogitamus
1336 2483 1378 2515 ab
1389 2487 1505 2515 extre-

840 2527 904 2561 mis
935 2526 1087 2571 sphaeris
1121 2527 1291 2560 radiorum
1322 2527 1432 2561 instar
1461 2528 1504 2561 ad

839 2575 950 2606 fusum
983 2573 1208 2606 Necessitatis
1236 2573 1329 2607 circa
1351 2579 1504 2607 centrum

839 2624 984 2653 stantem
1002 2624 1162 2663 porrecta
1181 2624 1215 2653 et
1227 2619 1385 2664 utrinque
1404 2632 1503 2662 nexa,

839 2676 979 2709 quorum
1008 2664 1216 2699 vinculorum
1249 2677 1313 2710 ope
1344 2670 1501 2699 vertente

838 2712 914 2744 fuso
950 2714 1042 2744 totus
1074 2712 1215 2744 mundus
1248 2723 1323 2745 cuin
1349 2712 1500 2746 omnibus

836 2757 992 2805 sphaeris
1018 2761 1247 2791 convertatur.

885 2806 1035 2836 εἰναι-
1053 2799 1294 2847 ὑποζώματα]
1322 2800 1412 2847 εἶτα,
1431 2803 1500 2847 syl-

837 2849 922 2883 labis
951 2848 1074 2893 viginti
1096 2850 1217 2884 mediis
1242 2849 1386 2893 omissis,
1412 2850 1497 2885 Lob.
