1764 3176
655 145 746 194 Pag.
784 148 800 185 1
821 168 867 172 —
883 146 946 185 20.
1501 141 1556 183 37

269 260 306 307 b,
328 260 352 298 9
382 259 523 295 addas:
553 257 614 295 Cf
644 256 687 298 L
725 256 790 294 VI.
823 272 861 308 p.
901 256 994 297 504
1023 258 1068 297 Β.
1105 259 1148 295 C.
1178 259 1237 296 ubi
1275 266 1365 311 post
1392 263 1557 314 μετρίως

380 315 468 351 item
498 314 656 350 infertur
682 312 836 365 μέτρον.

325 372 350 411 8
380 384 402 407 a
428 371 452 410 f.
479 372 639 408 inseras·
671 365 937 420 ἔπιπονοτοῖτη
968 391 1023 397 —-
1053 383 1074 408 a
1105 384 1151 412 ln.
1181 385 1238 422 pr,
1268 373 1353 411 Par.
1381 373 1423 413 A.
1455 374 1526 416 Dii.

51 429 141 477 Pag.
182 430 223 476 8,
256 427 348 475 b‚..)
328 427 340 448 Γ
379 441 400 465 a
433 428 454 464 f.
485 432 573 477 post
609 425 798 464 Bekkerus
829 428 996 464 inseras:
1035 427 1136 477 (Par.
1179 431 1222 468 A.
1252 429 1328 468 Dii.
1359 452 1414 457 —
1445 434 1488 482 ῆι
1518 433 1556 469 in

321 484 431 521 litura
457 497 478 521 a
504 497 551 521 m.
576 483 685 521 valde
712 485 852 521 recenti
881 485 1061 533 scriptum
1092 482 1235 536 habet).

47 541 141 590 pag,
181 544 217 590 9,
250 555 285 592 a,
314 542 339 580 9
369 553 439 590 pos
422 545 457 577 st
484 553 522 589 p.
554 541 622 580 36.
649 540 810 578 inseras:
850 544 887 577 et
919 542 981 589 qui
1022 542 1226 578 secundum
1257 543 1407 581 codices
1445 546 1555 582 etiam

322 602 409 633 ante
438 597 711 634 coniunctivum
739 597 992 634 restituendus
1020 601 1097 634 est:
1136 597 1280 648 Theag
1313 614 1350 649 p.
1384 602 1477 642 122.
1505 603 1554 638 C:

322 651 447 692 ἐννοῶ
484 668 583 704 γαρ,
626 668 679 703 μη
722 652 788 692 καὶ
830 651 851 692 ὁ
888 654 1140 710 μειρακίσκος
1175 657 1292 702 οὗτος
1329 652 1378 695 ου’
1413 654 1555 697 τούτου

322 708 515 759 ἐπιθυμεῖ
550 709 678 758 (vulgo
705 709 963 780 ἐπιθυμῇ)ῗ’,
982 711 1030 749 οὑ
1067 708 1183 761 ἡμεῖς
1218 708 1343 751 αὐτόν
1384 711 1556 765 οἰόμεθα

322 765 559 823 ἐπιθυμεῖν,
591 761 678 804 ἀλλ’
700 764 855 819 ἑτέρου,
892 761 963 805 εἰτ’
995 760 1047 805 αὖ
1076 766 1191 819 ἡμεῖς
1225 768 1279 808 ε’τι
1310 766 1555 823 ἄτοπωτεροι

323 824 430 873 ὦμεν
451 820 542 874 περὶ
579 819 701 862 α’λλου
727 838 796 862 του
827 819 1123 874 βουλευόμενοι.

323 878 377 921 24
407 883 495 929 post
522 878 612 919 Par.
637 880 684 919 A.
713 880 873 917 inseras:
907 880 963 917 cui
992 882 1136 918 accedit
1168 882 1280 922 Voss,

265 935 300 981 b,
326 938 375 977 12
405 949 427 973 a
454 936 478 976 f,
518 939 607 986 post
644 933 785 986 ὅφλειν
825 936 965 974 addas:
1005 939 1105 986 quod
1146 939 1254 975 etiam
1284 937 1370 976 Par.
1408 939 1450 980 A.
1480 942 1554 982 Dii.

323 992 448 1030 habet.

46 1047 138 1097 Pag,
165 1050 228 1096 11,
254 1061 291 1096 a,
324 1051 373 1089 11
406 1062 428 1086 a
456 1049 480 1088 f
509 1051 598 1099 post
627 1046 693 1085 Ita
733 1049 891 1086 inseras:
932 1048 1016 1085 Par.
1044 1046 1089 1086 A.
1131 1049 1202 1088 Dii.
1234 1064 1257 1087 a
1286 1064 1334 1091 m.
1369 1066 1426 1101 pr.
1457 1057 1494 1090 ct
1523 1068 1555 1095 ν

320 1107 345 1144 7
369 1118 390 1142 a
417 1105 443 1146 f.
473 1109 560 1155 post
588 1107 831 1159 παραμυθΙΙῑ
861 1105 946 1142 Par.
969 1105 1010 1142 A.
1036 1105 1110 1146 Dii
1142 1119 1163 1143 a
1189 1120 1237 1144 m.
1265 1108 1372 1145 valde
1405 1111 1556 1149 recenti.

45 1160 286 1211 Pdg.12‚a‚
319 1162 368 1201 16
399 1165 497 1213 post
515 1162 717 1215 προκαλῇ)
755 1163 918 1199 inseras:
956 1161 1011 1199 lta
1042 1162 1127 1200 Par.
1161 1164 1203 1203 Α,
1243 1163 1316 1204 Dii.
1347 1177 1368 1201 a
1397 1178 1443 1202 m.
1476 1180 1554 1204 sec.

43 1218 287 1267 Ρεις.1ό,ει,
318 1220 478 1311 intessv.
512 1220 562 1311 2Α1
590 1223 647 1311 fit..
659 1220 708 1260 22
740 1220 903 1256 inseras:
943 1214 1164 1273 α’ποδιδῶς)
1203 1215 1424 1268 οἷποόίδωις
1454 1236 1475 1260 a
1507 1237 1554 1263 m.

320 1288 378 1326 pr.
432 1287 484 1316 ar
630 1288 663 1312 ιι.
911 1284 914 1286 “

320 1332 374 1371 10
401 1343 424 1368 a
452 1330 477 1367 f.
510 1331 647 1369 addas:
685 1330 782 1368 inter
811 1343 941 1368 versus
979 1343 1000 1368 a
1037 1344 1085 1370 m.
1124 1335 1197 1368 vet.
1239 1333 1407 1371 additum
1447 1335 1556 1373 habet

264 1443 302 1493 b,
331 1387 537 1484 14Ρῗάόέε
549 1387 649 1485 300),
680 1442 726 1480 L.
756 1442 840 1484 VII
877 1457 914 1493 p.
956 1444 1050 1483 800.
1081 1444 1129 1481 A:
1167 1460 1275 1496 παρα
1306 1462 1352 1485 τα
1383 1444 1556 1498 (δημόσια

320 1499 416 1551 μέλη
437 1515 477 1539 τε
499 1498 566 1540 καὶ
597 1496 701 1551 ἱερά.
733 1499 793 1537 ubi
823 1495 995 1550 δημόσια
1026 1498 1121 1551 μέλη
1151 1503 1297 1550 eadem,
1342 1517 1437 1553 quae
1470 1503 1555 1557 ἱερά

319 1570 404 1595 esse
434 1557 680 1606 significatur.

44 1615 138 1664 Pag.
165 1611 228 1661 14,
258 1613 295 1660 b,
324 1615 379 1655 20
403 1626 425 1650 a
453 1613 478 1652 f.
507 1613 646 1651 addas:
680 1612 763 1651 Ast.
794 1612 829 1648 in
856 1624 932 1648 sec.

45 1672 138 1721 Pag.
166 1670 232 1718 15,
257 1683 293 1719 a,
325 1668 351 1709 4
381 1674 467 1720 post
497 1668 648 1720 δηλαδὴ
682 1670 843 1706 inseras:
875 1667 958 1705 Par.
988 1668 1030 1706 A.
1066 1667 1140 1708 Dii.

43 1727 136 1778 Pag.
170 1727 235 1774 16,
258 1740 293 1775 a,
320 1727 416 1763 inter
444 1739 479 1766 v.
513 1724 566 1766 14
593 1730 631 1763 et
654 1727 703 1766 15
734 1726 896 1762 inseras:
930 1723 1163 1776 σκώμματα)
1192 1724 1334 1778 σκόμμ.
1367 1742 1387 1765 a
1418 1743 1464 1769 m,
1497 1745 1552 1780 pr.

320 1782 405 1820 Par.
436 1782 481 1822 A.
516 1782 587 1820 Dii.
619 1784 715 1819 inter
746 1794 780 1820 v.
812 1784 837 1821 7
868 1786 905 1818 et
931 1783 955 1820 6
987 1784 1054 1821 af.
1087 1784 1251 1821 inseras·
1283 1786 1478 1835 ὸεηθεῖσι)
1502 1811 1556 1816 —-

321 1843 424 1880 εῖ-
453 1840 490 1876 ἰη
522 1839 632 1876 litura
664 1838 747 1878 Par.
778 1837 822 1874 A.
854 1836 925 1874 Dii.

256 1897 294 1947 b,
320 1898 372 1936 17
403 1896 545 1933 addas:
588 1895 648 1936 Cf
677 1893 771 1943 Leg
804 1892 851 1933 L.
886 1894 966 1932 ΧΠ,
1001 1909 1034 1945 p.
1066 1894 1161 1936 944.
1192 1895 1246 1932 A·
1276 1896 1370 1947 ἐξῆν
1399 1894 1449 1937 ἂν
1475 1916 1554 1938 των

318 1948 406 1992 τότε
448 1947 535 1992 ὅσοι
571 1950 697 1991 κακοὶ
718 1947 929 1998 ὀνειδίζειν
969 1945 1103 1991 ὅπλων
1142 1948 1351 2005 ἀποβολὴν
1394 1958 1448 2010 τῷ
1485 1960 1555 1995 τοῦ

325 2009 559 2049 Μενοιτίου.

46 2067 139 2116 Pag.
172 2069 288 2114 17‚a‚
319 2066 370 2106 15
401 2078 421 2101 a
449 2065 473 2104 f.
503 2068 591 2115 post
621 2066 657 2100 in
689 2064 855 2101 inseras:
886 2062 972 2102 Par.
1000 2063 1043 2102 A.
1075 2062 1148 2101 Dii.

45 2123 279 2172 Pag.18‚b‚
311 2123 435 2162 6--8
461 2122 590 2159 deleas
621 2133 717 2170 quae
755 2121 791 2156 in
830 2119 1047 2169 parenthesi
1078 2121 1202 2170 posita
1232 2126 1319 2159 sunt
1355 2127 1391 2159 et
1430 2137 1556 2162 eorum

319 2178 403 2215 loco
434 2190 616 2228 reponas:
654 2174 697 2212 L
731 2175 778 2216 ΙΙ.
811 2190 841 2217 c
871 2175 936 2216 47.

320 2236 346 2274 9
377 2247 400 2271 a
429 2235 456 2275 f.
488 2239 575 2284 post
606 2229 886 2284 τελευτήσειεν)
917 2233 1079 2269 inseras:
1111 2232 1195 2272 Par.
1227 2233 1270 2270 A.
1302 2233 1377 2276 Dii

47 2293 138 2341 Pag.
160 2292 225 2339 19,
248 2291 285 2338 b.
314 2292 411 2327 inter
441 2303 477 2330 v.
509 2291 561 2331 20
590 2295 627 2327 et
653 2291 704 2330 21
734 2291 898 2326 inseras:
929 2282 1084 2337 αυτοῖς)
1123 2287 1259 2336 αυτοῖς
1291 2290 1371 2328 Par.
1404 2291 1449 2333 A.
1480 2293 1555 2333 Dii.

46 2349 139 2398 Pag.
170 2349 237 2396 20,
258 2360 293 2396 a,
327 2349 348 2388 2
380 2361 402 2385 a
431 2352 520 2397 post
547 2343 635 2386 ποτ’
680 2345 786 2385 ἐστὶν
815 2347 979 2382 inseras:
1011 2344 1096 2381 Par.
1127 2345 1171 2384 A.
1205 2346 1278 2388 Dii

322 2404 347 2442 9
377 2407 464 2453 post
495 2402 598 2442 ε’στιν
622 2404 784 2439 inseras:
822 2401 906 2439 Par.
936 2401 980 2440 A.
1009 2400 1083 2440 Dii.
1115 2414 1136 2438 a
1168 2416 1215 2439 111.
1247 2417 1302 2453 pr

267 2461 306 2509 b,
331 2459 381 2498 17
409 2463 498 2509 post
526 2475 614 2499 τινα
639 2459 801 2496 inseras:
831 2458 916 2496 Par.
945 2458 989 2494 A.
1022 2457 1096 2498 Du

321 2515 345 2555 5
376 2528 397 2551 a
426 2515 452 2551 f.
483 2520 572 2566 post
611 2515 748 2553 Eadem
780 2515 886 2551 verbo
921 2514 1090 2550 inseras:
1132 2514 1240 2552 Plato
1277 2515 1375 2565 Leg.
1415 2516 1460 2556 L.
1491 2517 1556 2556 XI.

322 2585 359 2621 p
393 2572 487 2613 923,
519 2573 562 2612 Β.
595 2585 683 2609 usus
712 2572 877 2608 videtur:
908 2565 979 2609 ἒοὲν
1010 2585 1067 2617 τις
1094 2567 1198 2622 ὖμᾶς
1226 2573 1424 2619 θωπείαις
1454 2589 1557 2612 υπο-

323 2625 457 2678 λαβων
492 2629 567 2679 (sic
611 2628 693 2668 Par
729 2630 773 2665 A.
815 2627 923 2663 Voss.
964 2630 1040 2674 et,
1045 2627 1222 2670 ‚fortasse
1261 2642 1282 2665 a
1309 2643 1354 2666 m.
1383 2643 1439 2679 pr.
1475 2631 1555 2670 vat,

323 2684 399 2720 C.‘
431 2684 541 2733 vulgo
576 2681 838 2736 ὕποδραμων)
880 2681 921 2721 ἐν
961 2678 1095 2730 νόσοις
1123 2680 1152 2735 ἢ
1183 2682 1286 2740 γήρα
1319 2681 1558 2732 σαλεύοντας

324 2755 431 2791 παρα
470 2755 512 2780 το
552 2741 750 2792 βέλτιστον
794 2738 1049 2778 διατίθεσθαι
1084 2742 1222 2797 πείθῃ.
1283 2743 1339 2778 Ad
1372 2738 1555 2781 σαλεύον-

326 2812 394 2843 τας
422 2798 517 2834 enim
550 2798 648 2835 haud
684 2796 794 2847 paulo
833 2797 956 2845 aptius
987 2795 1097 2847 illud,
1134 2799 1168 2834 ἰιι
1200 2811 1276 2847 quo
1307 2799 1413 2835 simul
1448 2799 1558 2836 obse-

321 2854 395 2903 quii
426 2858 463 2890 et
491 2854 704 2892 insidiarum
738 2853 833 2890 inest
864 2852 1101 2901 significatio.
