1764 3176
254 123 460 150 Lxxxvffl
697 106 1226 148 PRAEFATIO

254 232 294 266 et
328 221 429 283 τρὶς
449 219 666 284 αὐξηθεὶς
688 226 888 278 disputat.
923 230 966 265 ut
993 227 1293 279 sexagenarium
1329 238 1378 264 ex
1401 226 1450 265 iis
1480 226 1642 272 efficiat,

254 319 384 357 omnia
405 316 467 355 vel
486 317 590 355 inter
613 329 659 355 se
672 318 734 356 vel
759 331 848 356 cum
861 318 1019 370 linguae
1039 331 1115 357 usu
1129 321 1307 370 pugnant
1324 320 1363 356 et
1383 317 1642 357 fundamento

254 421 421 461 prorsus
448 408 637 447 destituta
664 413 766 448 sunt.
824 408 886 448 De
907 411 1078 448 nominis
1099 410 1331 449 harmoniae
1353 382 1644 461 significatione

254 512 356 551 quae
380 499 475 538 dicit
512 499 670 539 Friesio
707 500 874 552 aliisque
910 502 1158 554 suffragans,
1194 501 1312 540 velim
1340 501 1527 551 equidem
1553 514 1645 540 vera

254 592 345 638 sint,
383 604 434 629 ne
454 592 642 638 numeris,
676 592 818 642 quibus
838 596 1005 643 utraque
1030 593 1225 632 contineri
1255 592 1411 640 dicitur,
1448 592 1646 643 probabili

252 684 465 722 verborum
498 683 827 733 interpretatione
864 684 1034 723 inventis
1066 689 1310 736 propterea,
1348 684 1455 735 quod
1481 684 1644 722 harmo-

252 775 357 813 niam
393 774 583 812 musicam
620 774 765 813 nullam
798 776 1014 814 ostendere
1049 777 1280 824 videantur,
1317 775 1503 814 diffidere
1524 787 1646 826 coga-

253 878 354 906 mur.
449 864 531 903 Sed
562 877 693 916 neque
727 867 968 918 argumentis
1001 867 1275 906 definitionem
1317 880 1428 905 suam
1465 866 1649 917 probarit

253 970 386 1007 neque
409 956 506 995 illud
526 960 703 995 moratus
732 961 816 1005 est,
854 958 986 1009 quod,
1024 972 1144 1010 quum
1176 959 1408 1011 quadratum
1442 960 1483 996 et
1505 957 1649 996 cubum

255 1049 381 1100 quivis
416 1060 604 1087 numerus
631 1048 858 1100 producere
885 1051 1045 1102 possit,
1081 1063 1158 1090 nec
1185 1039 1431 1102 sexagenarii
1449 1063 1525 1089 nec
1550 1050 1648 1088 alius

256 1140 478 1192 cuiuspiam
500 1141 709 1192 proprium
749 1141 828 1181 dici
853 1145 1013 1194 poterat
1044 1142 1145 1182 tales
1172 1142 1399 1181 harmonias
1425 1141 1522 1180 duas
1550 1154 1649 1193 pro·

254 1232 415 1273 ducere.
496 1231 560 1271 Ad
593 1233 704 1284 ipsas
743 1232 973 1273 harmonias
1009 1234 1117 1285 quod
1152 1234 1315 1282 attinet,
1362 1234 1540 1285 priorem
1571 1234 1651 1272 iam

255 1336 378 1376 supra
398 1324 557 1363 ostendi
576 1327 687 1364 recta
709 1325 808 1365 mihi
824 1327 885 1365 via
909 1326 956 1365 ab
979 1338 1028 1366 eo
1052 1326 1292 1366 declaratam
1311 1325 1449 1374 videri,
1472 1328 1512 1364 et
1531 1324 1652 1365 verba

258 1411 361 1474 ἴσην
393 1406 566 1468 ἰσάκις,
603 1408 777 1459 ἑκατόν
806 1408 1095 1466 τοσαυτάκις
1121 1431 1249 1471 posse
1277 1417 1509 1469 quadratum
1533 1429 1650 1456 sexa-

257 1507 408 1559 genarii
431 1508 678 1559 significare3
715 1510 782 1561 qui
804 1510 839 1549 si
858 1510 900 1548 in
926 1510 1119 1561 proximis
1142 1502 1337 1549 indicatus
1362 1512 1472 1549 esset
1495 1512 1536 1548 et
1556 1509 1650 1547 har-

258 1599 434 1638 moniam
458 1599 559 1638 nihil
576 1600 704 1649 aliud,
740 1602 818 1641 nisi
850 1602 1082 1653 quadratum
1104 1615 1197 1641 esse
1224 1604 1452 1649 constaret,
1490 1601 1652 1640 omnino

259 1691 511 1742 probabilem
552 1693 924 1745 interpretationem
970 1694 1157 1733 dicerem.
1238 1694 1371 1732 Etiam
1414 1692 1653 1744 posterioris

261 1783 517 1834 explicationi
536 1786 679 1835 partim
712 1798 901 1824 assensus
927 1798 1027 1834 sum,
1065 1785 1138 1824 sed
1168 1785 1276 1836 quod
1299 1785 1429 1823 solum
1453 1773 1654 1840 ἰσομήκη

261 1875 400 1913 statuit
418 1874 467 1913 ad
497 1877 587 1915 cubi
611 1878 944 1929 significationem
969 1878 1185 1925 sufficere,
1222 1890 1304 1916 non
1327 1876 1454 1927 magis
1481 1874 1655 1926 probare

261 1972 399 2023 potui,
445 1984 563 2022 quam
593 1970 701 2021 quod
740 1969 790 2008 ad
830 1965 890 2026 τῇ
933 1960 1170 2026 προμήκει
1208 1967 1476 2019 supplendum
1516 1969 1657 2005 censet

262 2057 469 2120 πλεὺρᾷ,
507 2065 575 2101 aut
608 2061 715 2113 quod
751 2064 910 2100 centum
945 2061 1101 2112 priores
1130 2072 1319 2098 numeros
1349 2071 1398 2097 ex
1429 2057 1653 2108 undequin-

261 2155 508 2206 quagenariis
548 2158 588 2193 et
624 2167 672 2193 ex
702 2153 962 2192 ineffabilium
995 2152 1233 2203 quaternarii
1270 2154 1310 2190 et
1334 2151 1479 2189 senarii
1503 2150 1653 2188 diame-

259 2249 413 2285 trorum
434 2246 632 2297 quadratis
654 2246 872 2296 componit.
929 2242 1130 2282 Numeros
1151 2234 1392 2298 ἰσομήκεις
1413 2256 1435 2281 a
1454 2241 1655 2280 veteribus

263 2337 343 2378 dici
367 2339 420 2376 ait
442 2351 543 2389 quos
566 2339 766 2377 nostrates
786 2337 989 2388 potentias
1015 2334 1196 2374 eiusdem
1213 2334 1358 2372 radicis
1385 2333 1534 2374 dicant„
1578 2331 1653 2370 Ita·

266 2443 344 2480 que
368 2430 584 2469 secundam
610 2429 859 2469 harmoniam
890 2441 1019 2479 aeque
1045 2441 1090 2466 ac
1115 2427 1283 2478 primam
1305 2425 1552 2476 sexagenarii
1577 2437 1653 2475 po-

264 2522 428 2559 tentiam
453 2526 506 2570 et,
544 2523 634 2573 quia
657 2533 844 2560 numerus
871 2521 922 2558 sit
946 2520 1215 2571 geometricus
1240 2531 1286 2556 ac
1308 2517 1479 2569 proinde
1499 2516 1655 2554 tertiam

265 2613 486 2665 potentiam
510 2626 591 2652 non
628 2614 819 2664 excedat,
856 2613 942 2651 eius
965 2612 1108 2650 cubum
1132 2623 1224 2649 esse
1241 2610 1391 2648 doceri.
1462 2607 1657 2646 Neutrum

264 2717 410 2745 verum.
485 2697 750 2761 Ἰσομήκεις
771 2708 862 2743 sunt
887 2717 1040 2750 omnes„
1079 2704 1144 2754 qui
1163 2702 1392 2741 alterutrum
1415 2700 1516 2738 latus
1543 2711 1653 2738 com-

267 2809 386 2836 mune
414 2796 575 2836 habent.
646 2796 689 2834 Id
723 2809 803 2835 non
834 2799 984 2834 tantum
1022 2796 1059 2833 in
1079 2794 1258 2834 eiusdem
1286 2793 1486 2845 potentias
1512 2790 1654 2829 radicis
