1764 3176
258 148 408 176 xxvm
701 133 1224 178 PRAEFATIO

257 254 294 284 et
312 251 454 285 ternarii
477 260 590 293 neque
611 251 787 294 multiplex
817 256 909 287 esset
936 263 1048 296 neque
1078 252 1413 297 superparticularis,
1442 253 1503 288 sed
1521 265 1642 298 super-

255 308 419 351 partiens.
478 309 557 343 Qua
585 307 629 340 de
662 318 702 341 re
732 310 960 344 consulendus
991 314 1043 343 est
1062 310 1282 352 Driebergius
1302 320 1406 353 supra
1424 310 1584 344 laudatus
1606 311 1641 345 in

252 364 388 397 libello:
420 365 476 398 die
494 363 776 399 mathematische
797 367 1101 401 Intervallenlehre
1120 367 1181 400 der
1201 367 1380 408 Grz’echen,
1410 378 1443 409 p.
1468 367 1522 401 11.
1569 366 1641 401 Sed

251 421 384 454 aurium
407 421 532 454 iudicio
556 422 792 465 comprobata,
821 424 973 466 quamvis
1002 433 1219 456 numerorum
1239 424 1374 456 ratione
1396 422 1542 464 diversa,
1569 422 1643 457 for-

251 480 344 510 tasse
375 476 430 510 hic
458 477 601 522 primum
630 478 718 512 iuter
750 477 946 513 harmonias
977 484 1120 523 recepta
1150 483 1221 520 est,
1251 490 1351 522 quem
1378 480 1491 512 locum
1518 484 1643 522 postea

250 534 410 568 obtinuit.
467 535 587 568 Altera
605 535 759 568 similiter
777 540 976 580 comparata
995 536 1189 569 dissimilem
1212 540 1370 569 eventum
1387 534 1517 569 habuit.
1567 535 1642 569 Nu-

249 590 335 624 meri
364 590 452 624 enim
484 591 552 624 729
574 595 609 624 et
627 590 696 624 216
714 602 776 625 seu
798 593 843 626 27
865 597 901 626 et
922 594 943 626 8
968 593 1088 626 finiunt
1110 593 1344 634 intervallum,
1376 591 1468 635 quod
1495 592 1643 626 Graecis

249 646 386 680 musicis
408 643 472 679 διὰ
491 646 622 679 πασῶν
659 645 722 680 καὶ
755 643 965 693 τετρατόνῳ
977 647 1039 681 καὶ
1071 641 1252 695 ἡμιτονίῳ
1285 650 1492 692 appellatum
1513 649 1643 692 pariter

248 707 354 746 atque
376 704 520 746 simplex
540 703 714 737 dissonum
734 716 868 748 semper
885 707 1004 747 visum,
1034 705 1135 739 hodie
1153 710 1275 739 octava
1295 716 1372 739 cum
1393 709 1491 739 sexta
1512 705 1642 739 dictum

249 771 438 794 consonum
466 761 639 794 statuitur.
699 761 904 796 Conferatur
924 762 1146 805 Driebergius
1167 763 1254 796 libro
1274 763 1427 806 proxime
1447 762 1588 796 laudato
1607 774 1640 806 p.

249 816 282 851 6.
301 821 336 850 et
355 817 388 851 5.
448 817 522 850 Has
541 817 646 860 igitur
666 817 862 852 harmonias
879 820 1023 862 praebet
1040 820 1242 853 novenarius
1269 824 1322 852 ter
1342 823 1464 852 auctus
1485 829 1560 852 cum
1578 829 1642 862 pe-

247 874 421 907 riodorum
449 885 589 907 numero
617 876 836 917 compositus.
896 877 1008 918 Atque
1035 875 1114 909 huic
1138 875 1355 920 periodorum
1374 886 1516 909 numero
1533 875 1641 917 signi-

249 929 385 964 ficando
407 934 442 963 et
460 929 654 964 definiendo
676 942 779 974 quum
798 932 941 976 reliqua,
966 937 1037 966 tum
1058 932 1257 966 harmoniae
1275 933 1448 974 inservire,
1470 935 1507 965 et
1526 932 1641 965 omnia

249 986 294 1020 ad
315 997 416 1020 unum
437 988 529 1020 illum
554 986 694 1021 fatalem
723 988 873 1031 optimae
907 989 1117 1032 reipublicae
1145 989 1389 1023 declarandum
1419 989 1512 1022 dicta
1543 988 1640 1022 vide-

248 1047 389 1089 rentur,
419 1044 448 1077 si
469 1054 533 1084 ea,
566 1055 655 1087 quae
672 1050 880 1087 sequuntur,
910 1045 960 1078 sic
986 1046 1058 1079 fere
1075 1045 1258 1079 haberent:
1291 1037 1402 1083 οὗτος
1421 1036 1490 1078 οὗν
1513 1037 1532 1078 ὁ
1557 1038 1639 1087 ἄρι-

248 1094 350 1142 θμὸς
365 1095 543 1133 τοιούτου
560 1096 702 1142 κύριος,
762 1102 807 1135 At
832 1106 1020 1144 sequuntur
1052 1101 1156 1135 haec:
1187 1097 1335 1143 ξύμπας
1368 1097 1408 1134 δὲ
1428 1093 1541 1139 οὗτος
1558 1095 1639 1144 ἄρι-

248 1153 350 1199 θμὸς
370 1152 614 1200 γεωμετρικὸς
630 1153 803 1191 τοιούτου
820 1153 960 1199 κύριος.
1017 1159 1056 1192 In
1079 1158 1130 1192 his
1151 1163 1186 1192 et
1202 1159 1370 1201 particula
1387 1153 1427 1191 δὲ
1446 1158 1640 1191 continuari

247 1214 394 1248 necdum
416 1215 607 1247 absolutam
627 1225 724 1256 esse,
755 1215 814 1248 sed
844 1226 934 1249 nunc
963 1215 1099 1249 demum
1125 1216 1251 1248 absolvi
1282 1215 1414 1248 numeri
1438 1214 1552 1248 fatalis
1577 1214 1639 1248 de-

245 1271 468 1314 scriptionem
489 1271 656 1313 ostendit,
689 1276 724 1304 et
752 1271 921 1305 adiectiva
947 1266 1091 1313 ξύμπας
1122 1264 1231 1309 οὗτος
1251 1272 1403 1314 singulos
1423 1270 1536 1305 adbuc
1551 1271 1638 1305 defi-

246 1328 337 1362 nitos
358 1339 518 1361 numeros
547 1339 609 1372 pro
635 1329 789 1371 partibus
819 1329 956 1363 maioris
990 1329 1165 1362 cuiusdam
1184 1327 1304 1362 haberi
1323 1333 1357 1361 et
1373 1329 1407 1362 in
1427 1339 1531 1361 unum
1553 1339 1638 1361 con-

245 1384 339 1427 iungi
357 1385 486 1419 iubent.
541 1386 662 1427 Itaque
689 1385 756 1418 duo
779 1396 940 1419 numeros
970 1385 1162 1429 descriptos
1187 1384 1371 1428 habemus,
1405 1386 1551 1419 alterum
1575 1395 1637 1428 pe-

243 1441 440 1483 riodorum,
491 1442 635 1475 alterum
669 1441 808 1475 fatalem
848 1443 958 1485 ipsum
1001 1443 1226 1485 compositum
1260 1452 1303 1475 ex
1345 1442 1458 1485 priore
1495 1442 1637 1484 aliisque

244 1499 520 1531 commemoratis
546 1499 580 1531 in
606 1509 708 1532 unum
736 1499 1001 1541 coniungendis,
1041 1510 1108 1542 qua
1148 1498 1190 1532 de
1215 1510 1253 1532 re
1284 1499 1364 1540 quid
1384 1499 1480 1532 nobis
1498 1498 1636 1532 omnino

241 1554 434 1597 videretur,
464 1555 498 1588 in
525 1556 756 1597 superioribus
784 1555 913 1588 dictum
945 1560 1010 1590 est.
1069 1556 1137 1589 Hic
1168 1566 1248 1588 vero
1278 1565 1390 1588 novae
1418 1555 1637 1598 quaestiones

241 1612 397 1645 oriuntur
412 1611 520 1644 duae:
544 1622 624 1652 una,
646 1612 754 1654 qualis
776 1623 816 1645 ea
836 1613 1030 1646 coniunctio
1049 1612 1105 1653 sit,
1125 1613 1248 1652 altera,
1267 1612 1324 1653 qui
1343 1612 1555 1655 potissimum
1567 1621 1635 1644 nu-

241 1669 326 1702 meri
339 1668 499 1710 coniungi
512 1667 672 1701 debeant.
702 1668 858 1702 Priorem
871 1670 969 1701 solvit
980 1669 1134 1701 additum
1153 1679 1276 1702 nomen
1292 1663 1547 1712 γεωμετρικός,
1565 1678 1636 1701 non

242 1725 438 1765 additione,
467 1724 528 1758 sed
556 1725 840 1767 multiplicatione
857 1726 1132 1759 coniunctionem
1155 1724 1364 1758 efficiendam
1385 1725 1523 1758 docens.
1579 1724 1636 1757 Ea

243 1782 332 1815 enim
355 1792 457 1824 quum
484 1782 663 1814 universae
688 1782 918 1824 geometriae,
949 1783 1041 1815 circa
1063 1777 1241 1822 ἐπίπεδα,
1271 1782 1394 1823 quibus
1424 1782 1457 1816 in
1485 1781 1634 1815 numeris

242 1838 454 1882 respondent
477 1838 758 1880 multiplicatione
779 1838 957 1880 producti,
989 1839 1175 1879 versantis,
1206 1842 1278 1870 tum
1304 1839 1580 1880 progressionum
1599 1841 1635 1870 et

241 1896 502 1938 proportionum
533 1895 818 1937 geometricarum
842 1899 965 1928 natura
997 1899 1069 1936 est,
1099 1905 1186 1937 quae
1206 1895 1487 1936 multiplicatione
1516 1895 1633 1927 nitun-

242 1956 309 1985 tur.
369 1951 488 1994 Neque
507 1952 606 1984 aliter
627 1963 670 1985 eo
689 1952 826 1985 nomine
855 1962 936 1984 usus
960 1956 1013 1985 est
1033 1951 1200 1984 Aristides
1230 1951 1459 1993 Quintilianus
1481 1951 1524 1985 de
1550 1951 1634 1984 Mu-

242 2009 315 2042 sica
335 2009 408 2042 Lib.
432 2009 491 2041 ΙΙΙ.
514 2020 545 2051 p.
580 2007 657 2041 122.
676 2008 730 2042 ed.
756 2009 917 2043 Meiborn.
939 2020 1006 2051 quo
1039 2009 1120 2041 loco
1150 2008 1381 2050 septenarium
1402 2000 1554 2049 ἁγνείαν
1571 2017 1632 2040 νο-

243 2066 315 2099 cari
334 2065 455 2098 tradit:
487 2061 602 2106 μόνος
629 2060 699 2106 γὰρ
729 2063 802 2097 τῶν
827 2061 930 2101 ἐντὸς
959 2059 1116 2100 δεκάδος
1144 2059 1230 2097 οὔτε
1249 2063 1423 2105 γεννᾶται
1439 2074 1633 2106 γεωμετρι-

241 2121 316 2159 κῶς
334 2114 405 2163 ὑφ’
429 2116 565 2160 ἑτέρων
585 2114 676 2154 οὔθ’
700 2118 825 2161 ἕτερον
841 2121 964 2167 γεννᾷ.
1015 2122 1166 2162 Contra,
1194 2131 1283 2163 quae
1304 2121 1462 2154 addendo
1479 2122 1518 2154 fit
1547 2131 1633 2154 con—

241 2179 450 2212 iunctionem
480 2173 733 2220 ἇριθμητικὴν
761 2179 844 2212 dicit
868 2191 901 2222 p.
925 2178 1001 2212 151.
1024 2179 1066 2211 de
1096 2179 1265 2220 triangulo
1285 2179 1486 2220 rectangulo
1515 2178 1626 2221 dispu-

242 2240 338 2269 tans:
369 2234 436 2268 τοῦ
456 2232 494 2268 δὲ
516 2231 689 2268 τοιούτου
711 2231 904 2278 τριγώνου,
925 2233 1152 2272 συνεστῶτος
1171 2230 1209 2266 ἐκ
1227 2233 1340 2275 τριῶν
1361 2232 1422 2267 καὶ
1446 2229 1633 2275 τεσσάρων

239 2290 304 2325 καὶ
328 2288 447 2333 πέντε,
476 2290 512 2324 εἰ
526 2288 591 2329 τὰς
612 2288 773 2333 πλευράς
797 2287 1053 2333 ἀριθμητικῶς
1075 2289 1313 2333 συνθείημεν,
1342 2284 1365 2334 ἡ
1388 2290 1464 2322 τῶν
1486 2285 1633 2324 δυόδεκα

238 2347 447 2391 πληροῦται
465 2346 640 2390 ποσότης.
671 2348 783 2391 Atque
806 2349 894 2383 hanc
905 2350 1115 2392 potissimum
1129 2349 1172 2382 ob
1191 2358 1328 2381 causam
1350 2349 1455 2381 cubos
1471 2347 1634 2391 periodo-
1679 2369 1684 2373 -

238 2416 312 2440 rum
332 2410 491 2439 auctores
512 2407 784 2449 multiplicandos
804 2417 907 2449 supra
921 2406 1113 2440 statuimus.
1144 2405 1214 2438 Sed
1235 2410 1347 2438 utrum
1360 2415 1477 2438 omnes
1494 2408 1634 2448 praeter

238 2472 414 2496 numerum
442 2463 651 2506 periodicum
681 2467 986 2503 commemoratos,
1027 2474 1071 2496 an
1103 2462 1187 2495 duos
1219 2466 1351 2495 tantum
1379 2461 1632 2495 harmoniarum

238 2530 399 2553 numeros
419 2529 480 2562 per
492 2524 600 2553 semet
618 2520 709 2562 ipsos
731 2524 765 2553 et
784 2531 845 2563 per
862 2519 1072 2563 periodicum
1092 2519 1333 2562 multiplicatos
1351 2517 1491 2552 fatalem
1509 2528 1631 2551 nume·-

238 2587 313 2610 rum
343 2576 392 2608 rei
414 2576 570 2618 publicae
591 2577 782 2619 producere
801 2576 1062 2610 existimemus?
1099 2577 1219 2609 Dicam
1241 2575 1331 2617 quod
1357 2576 1479 2609 sentio.
1535 2574 1629 2608 Con-

238 2634 328 2666 sulto
346 2631 427 2665 mihi
443 2633 546 2665 Plato
565 2643 642 2668 eam
661 2644 732 2666 rem
749 2633 960 2667 indefinitam
977 2632 1153 2675 reliquisse
1173 2632 1318 2673 videtur,
1348 2636 1383 2665 et
1406 2632 1439 2665 in
1453 2642 1494 2664 eo
1520 2631 1630 2674 potis-

238 2690 360 2723 simum
378 2684 589 2730 ἐρεσχηλιάν
609 2689 786 2723 Musarum
804 2701 956 2732 agnosco
974 2689 1224 2723 ludificaturam
1250 2699 1321 2730 eOS,
1350 2690 1408 2731 qui
1432 2688 1562 2721 divinas
1578 2688 1629 2720 le-

241 2757 302 2789 ges
319 2750 499 2780 eventuum
526 2744 750 2780 humanorum
779 2747 932 2791 apprime
962 2747 1005 2779 ab
1025 2745 1214 2779 hominibus
1242 2745 1386 2788 intelligi
1411 2744 1629 2786 numerisque

243 2803 344 2838 certis
364 2802 496 2839 definiri
513 2813 615 2848 posse
635 2807 865 2838 autumarent.
924 2804 1033 2838 Aliter
1052 2812 1129 2838 eum
1146 2802 1190 2837 de
1210 2801 1358 2847 periodis
1376 2811 1490 2836 rerum
1507 2800 1627 2835 huma-
