1764 3176
591 169 1072 215 EDITORIS.
1384 183 1532 210 xxxin

134 291 207 337 ‘7⁰39
226 285 314 335 ἡμῖν
343 288 531 325 δείκνυται
562 286 605 323 τὸ
638 283 714 323 ἀπὸ
738 286 804 332 τῆς
826 281 1099 329 ὑποτεινούσης
1115 282 1184 329 τὴν
1206 279 1329 328 ὀρθὴν
1351 282 1433 319 ἴσον
1452 284 1533 324 τοῖς

135 342 210 383 ἀπὸ
234 347 310 381 τῶν
329 345 416 389 περὶ
438 343 508 391 τὴν
530 341 661 390 ὀρθήν.
725 345 907 379 Τοιοῦτον
936 340 1007 388 ’γάρ
1026 340 1103 377 ἐστι
1123 340 1166 377 τὸ
1201 339 1239 376 ἐν
1257 341 1437 389 Πολιτείᾳ
1455 341 1532 384 τρί-

133 416 278 450 γωνον,
310 397 356 438 οὗ
381 399 450 448 τὴν
478 396 605 446 ὀρθήν
637 399 871 447 περιέχουσιν
892 394 914 435 δ’
933 411 971 434 τε
993 399 1079 442 τρία
1097 398 1159 433 καὶ
1180 393 1200 433 ὁ
1225 397 1407 442 τέσσαρα,
1436 392 1533 432 ’ὑπο-

136 475 245 510 τείνει
279 471 321 509 δὲ
349 469 469 518 αὐτὴν
496 468 516 507 ὁ
538 484 574 508 ε·
594 470 637 508 τὸ
656 472 749 516 γοῦν
768 467 845 507 dmi
865 470 932 506 τοῦ
952 482 968 505 ε
994 468 1229 514 τετράγωνον
1241 469 1323 505 ἴσον
1336 467 1436 505 ἐστὶν
1453 470 1534 508 τοῖς

136 527 207 567 ἀπ’
225 528 387 566 ἐκείνων.
418 529 532 565 τοῦτο
562 527 629 574 μὲν
649 527 719 574 γάρ
747 526 846 564 ἐστιν
865 524 1113 570 εἰκοσιπέντε,
1143 524 1190 561 τὰ
1213 520 1288 561 ἀπ’
1310 525 1462 562 ἐκείνων
1481 523 1533 569 δὲ,

135 596 184 638 τὸΙ
200 599 269 648 μὲν
293 596 368 636 οἷπὸ
385 600 453 635 τοῦ
470 586 517 645 ἶ,
549 588 602 645 5,
632 596 675 635 τὸ
698 597 737 634 δὲ
762 595 838 634 ἀπὸ
859 599 926 633 τοῦ
946 601 967 634 δ
985 597 1192 635 ἑκκαίδεκα.

247 658 382 703 Agmen
404 660 540 693 claudat
559 657 729 693 Aristides
742 658 987 704 Quintilianus,
1007 667 1212 701 quamquam
1233 655 1381 689 dubitari
1407 657 1535 698 potest,

138 729 182 752 an
203 718 232 751 is
256 718 384 750 rectius
401 727 443 750 ex
464 716 530 750 hoc
561 717 680 750 ordine
703 719 929 750 removeatur.
987 715 1076 748 Nam
1097 725 1138 748 eo
1159 715 1257 756 loco,
1286 723 1354 755 quo
1378 712 1535 745 Platonis

135 784 314 810 numerum
341 774 503 816 attingit,
524 773 567 807 de
587 773 786 807 duodenarii
810 772 990 805 virtutibus
1012 772 1163 815 disputat
1182 771 1336 812 interque
1355 769 1438 802 alias
1460 779 1535 801 eam

135 836 316 873 recenset,
346 831 436 874 quod
467 841 532 874 par
559 831 602 864 sit
635 831 818 873 perimetro
849 829 1010 870 trianguli
1040 828 1241 870 rectanguli.
1284 826 1395 859 Huius
1413 825 1536 858 deinde

138 889 300 930 trianguli
331 888 580 931 praestantiam
617 898 780 920 enarrans
801 885 886 924 haec
907 886 1010 927 dicit,
1044 886 1086 919 de
1114 885 1251 919 Musica
1269 883 1355 916 libro
1375 882 1477 916 tertio
1501 893 1534 924 p.

138 945 225 979 152:
258 939 350 977 ἄλλοι
372 941 434 976 καὶ
455 943 528 976 τῶν
548 939 737 984 τεσσάρων
759 938 877 984 λόγων
907 938 979 974 ἐστὶ
1000 939 1041 974 τὸ
1066 940 1185 984 σχῆμα
1206 935 1385 976 δεκτικόν,
1428 932 1450 979 ἡ
1469 934 1537 980 μὲν

136 997 207 1044 γὰρ
234 997 273 1034 ἐκ
292 999 405 1043 τριῶν
428 994 562 1033 εὐθεῖα
582 993 763 1041 διαιροῖ-ι’
794 991 843 1032 ἕῖν
867 994 903 1036 ἐς
929 995 995 1031 τὸν
1025 997 1206 1031 διπλασία)
1229 993 1359 1039 λόγον·
1387 989 1409 1038 ἦ
1437 991 1476 1028 δὲ
1498 990 1537 1028 ἐκ

135 1052 325 1100 τεσσάρων
353 1055 403 1095 εἰς
434 1053 501 1089 τὸν
532 1056 632 1090 i'cov·
664 1052 686 1100 ἡ
711 1053 750 1089 (δὲ
779 1053 816 1090 ἔκ
849 1054 958 1089 πέντε
977 1053 1028 1094 εἰς
1049 1051 1114 1088 τὸν
1136 1048 1317 1098 ἡμιόλιον.
1349 1050 1389 1085 αἱ
1410 1047 1448 1084 δὲ
1471 1047 1538 1094 τὴν

138 1109 260 1158 ὀρθήν
274 1110 510 1156 περιέχουσαι
538 1113 690 1157 δηλοῦσι
709 1108 774 1146 τὸν
795 1109 992 1155 ἐπίτριτον.
1056 1108 1203 1145 Τούτου
1229 1106 1274 1152 δὴ
1294 1107 1357 1143 καὶ
1380 1104 1538 1143 Πλάτων

139 1169 255 1215 φησὶν
275 1167 460 1212 ἐπίτριτον
489 1168 666 1212 πυθμένα
696 1166 851 1202 πεντάδι
878 1164 1092 1212 συζυγέντοι.
1151 1169 1185 1201 Is
1203 1168 1305 1210 igitur
1325 1166 1537 1200 duodenario

137 1230 252 1262 locum
268 1229 300 1262 in
326 1229 643 1262 numero‘Platonis
671 1228 803 1261 videtur
831 1227 1002 1260 tribuisse.
1062 1225 1132 1258 Sed
1151 1225 1253 1258 verba
1272 1225 1358 1267 ipsa,
1390 1224 1417 1256 si
1437 1233 1538 1265 sepa-

139 1289 216 1320 rata
236 1285 404 1327 areliquis
427 1285 682 1328 expendantur,
714 1296 781 1318 non
802 1285 932 1324 minus,
963 1293 1063 1326 quam
1082 1283 1221 1322 Procli,
1252 1281 1443 1324 probabilia
1461 1283 1540 1312 sunt

137 1342 286 1385 ideoque
317 1346 490 1385 tamquam
526 1342 645 1376 ultima
668 1341 822 1376 veritatis
860 1340 1096 1375 evanescentis
1123 1338 1268 1382 vestigia
1300 1337 1453 1372 notanda
1484 1336 1539 1370 hic

137 1399 350 1434 videbantur.

362 1687 865 1730 COMMENTATIO
909 1683 1316 1728 POSTERIOR.

256 1784 369 1820 Quum
405 1783 448 1816 ad
482 1783 643 1816 iudicium
674 1783 717 1816 de
750 1782 902 1825 qualibet
928 1793 1016 1815 nova
1037 1781 1198 1825 opinione
1216 1778 1410 1813 faciendum
1431 1776 1544 1810 utilis-

141 1841 264 1875 simum
295 1842 360 1881 sit,
390 1839 469 1882 quid
491 1840 546 1872 alii
573 1840 692 1873 eadem
721 1839 764 1872 de
784 1850 822 1872 re
839 1840 1032 1880 senserint,
1062 1838 1235 1880 cognitum
1268 1835 1416 1880 habere,
1447 1838 1543 1867 mota

142 1908 252 1941 nuper
272 1897 315 1930 de
334 1906 475 1930 numero
504 1896 661 1930 Platonis
691 1896 891 1938 quaestione
924 1900 957 1929 et
973 1907 1060 1929 nova
1081 1895 1153 1928 eius
1175 1894 1351 1937 proposita
1371 1891 1544 1925 solutione

141 1953 269 1989 moveri
280 1954 379 1987 simul
396 1963 539 1986 necesse
552 1958 626 1986 erat
648 1953 808 1996 plenioris
824 1953 1021 1996 opinionum
1041 1952 1085 1988 de
1108 1962 1150 1985 eo
1166 1951 1375 1984 diversarum
1399 1948 1544 1982 notitiae

141 2010 360 2045 desiderium.
419 2010 518 2045 Quae
536 2021 637 2053 quum
660 2014 695 2043 et
713 2010 899 2043 rarioribus
918 2021 960 2043 ex
984 2009 1078 2042 libris
1103 2018 1215 2050 neque
1242 2017 1285 2040 ex
1306 2005 1357 2039 his
1384 2005 1544 2038 facillime

141 2068 293 2112 petenda
322 2067 385 2108 sit,
414 2077 482 2100 non
514 2067 651 2099 abusuri
679 2067 777 2100 nobis
816 2066 879 2099 hac
905 2067 1014 2099 altera
1037 2076 1146 2108 eaque
1176 2063 1361 2097 laetissima
1381 2062 1418 2106 *)
1457 2062 1545 2095 scri-

142 2124 245 2158 bendi
272 2125 456 2157 occasione
471 2123 645 2164 videmur,
679 2124 706 2156 si
733 2123 791 2164 id,
821 2123 911 2166 quod
933 2128 1016 2156 tunc
1034 2123 1078 2156 ob
1107 2121 1325 2164 angustiores
1347 2119 1436 2152 illius
1456 2119 1544 2152 scri-

141 2180 270 2225 ptionis
306 2181 430 2213 limites
460 2181 535 2213 fieri
563 2191 632 2214 non
661 2184 823 2225 poterat,
853 2191 944 2214 nunc
968 2179 1084 2213 facere
1124 2179 1343 2212 instituamus
1373 2177 1545 2219 telamque

141 2238 317 2280 inceptam
344 2240 577 2280 pertexamus.
635 2236 799 2280 Quamvis
826 2238 929 2280 longe
962 2238 1049 2270 enim
1081 2237 1246 2279 pleraque
1277 2244 1415 2275 eorum,
1457 2243 1546 2275 quae

144 2294 288 2328 relaturi
311 2304 445 2335 sumus,
477 2294 520 2327 ab
551 2298 671 2327 nostra
698 2294 870 2327 sententia
901 2294 1084 2337 recedunt,
1116 2297 1232 2326 tamen
1264 2291 1315 2324 rei
1347 2290 1545 2333 propositae

146 2362 187 2386 ea
205 2354 330 2384 natura
351 2354 424 2391 est,
453 2354 491 2383 ut
517 2350 706 2393 disputatio
730 2351 880 2384 nondum
914 2351 958 2384 ad
988 2352 1088 2384 finem
1124 2349 1317 2392 perducta,
1349 2347 1410 2380 sed
1444 2346 1546 2380 undi-

146 2418 214 2450 que
229 2407 372 2441 verioris
391 2405 538 2440 fortasse
563 2408 861 2450 interpretationis
880 2407 1024 2441 materia
1053 2405 1250 2449 quaerenda
1281 2415 1357 2438 esse
1375 2403 1546 2437 videatur.

147 2463 268 2507 Neque
293 2464 322 2497 si
350 2462 431 2497 nihil
460 2465 597 2497 omnino
630 2464 674 2497 ad
710 2475 848 2497 sensum
874 2465 1029 2498 Platonis
1067 2461 1341 2504 investigandum
1374 2461 1549 2502 adiuvent,

149 2521 311 2554 continuo
334 2531 396 2564 pro
414 2520 588 2554 inutilibus
609 2521 800 2554 abiicienda
819 2526 930 2556 erunt,
988 2521 1078 2554 Sunt
1107 2520 1196 2553 enim
1214 2519 1339 2563 partim
1368 2518 1547 2560 ingeniose

147 2577 346 2619 excogitata
363 2577 510 2620 ideoque
538 2578 664 2621 digna,
694 2588 782 2620 quae
815 2578 858 2611 ab
871 2578 1042 2612 oblivione
1063 2577 1299 2617 vindicentur,
1332 2578 1367 2608 et
1389 2575 1546 2608 laudabi-

234 2719 270 2777 *)
299 2721 424 2774 Regis
454 2720 539 2761 dies
568 2721 710 2761 natalis
741 2719 1001 2761 celebrandus
1040 2718 1302 2759 indicebatur.
1364 2716 1545 2758 Priorem

149 2780 534 2820 commentationem
567 2778 670 2818 inter
697 2780 948 2833 professores
977 2775 1200 2817 ordinarios
1228 2777 1365 2816 locum
1395 2773 1546 2830 capturi

146 2837 445 2892 scripseramus.

205 2903 413 2945 PLA'roms
444 2902 519 2943 Or.
552 2900 624 2943 111.
1235 2899 1268 2941 C
