1764 3176
190 482 229 523 D
263 481 334 524 καὶ
364 482 539 537 μεγίστη
571 478 599 537 ἡ
631 479 758 537 άρχή.

257 549 417 605 γαρχία
447 547 502 592 ἂν
534 549 624 605 ἔχοι
654 546 898 605 ἁμάρτημα.
950 548 1167 591 Φαίνεται.

256 100 313 142 34

723 94 1189 139 PLATONIS

259 208 495 266 Πονηρὰν,
545 202 576 264 ἦ
616 206 657 253 δ’
696 207 769 262 ὃς,
814 206 896 264 τὴν
942 208 1173 251 ναυτιλίαν
1218 204 1381 258 αὐτοὺς
1423 208 1643 251 ναυτίλλε-

258 282 375 321 σθαι.

441 275 617 320 Οὐκοῦν
654 276 728 320 καὶ
765 276 864 330 περὶ
894 275 1031 319 ἄλλου
1066 274 1208 326 οὕτως
1245 275 1437 319 ὁτουοῦν
1465 274 1494 331 ἤ
1523 291 1644 325 τινος

259 344 414 400 ἄρχῆς,·
460 343 593 401 Οἶμαι
622 344 767 400 ἓἈγωγε
810 341 931 399 Πλην
962 342 1158 394 πόλεωςς
1198 338 1254 399 ἦν
1285 343 1328 386 δ’
1361 341 1467 398 ἐγω,
1511 343 1540 399 ἢ
1570 343 1643 386 καὶ

258 412 424 464 πόλεως
453 413 572 469 πέρι,·
616 411 743 455 Πολύ
773 411 824 467 γ’,

856 412 963 467 {qu
992 411 1202 467 μάλιστα.
1241 410 1331 469 ὅσῳ
1367 411 1644 467 χαλεπωτάτη

806 477 886 522 ιἘν
916 479 994 536 μὲν
1036 479 1089 536 δὴ
1123 484 1256 524 τοῦτο
1297 483 1515 523 τοσοῦτον
1554 479 1647 522 ὀλι-

1231 550 1283 591 Τί
1317 548 1386 600 δέ5
1426 547 1524 590 τόδε
1558 542 1644 602 ἆρά

257 615 496 660 τιτούτου
534 618 735 668 ἔλαττονς
780 616 840 659 Τό
872 621 1025 666 ποῖον,·
1071 615 1131 659 Τὸ
1161 615 1219 672 μή
1250 618 1377 671 μίαν.
1421 614 1531 658 ἄλλα
1560 616 1643 659 δύο

259 681 427 742 ἀνάγκῃ
468 683 580 729 εἶναι
625 685 705 741 τὴν
752 682 964 740 τοιαύτην
1007 683 1160 736 πόλιν,
1200 683 1280 739 τὴν
1317 683 1394 739 μὲν
1432 683 1644 740 πενήτων,

305 831 512 887 Πονηρὰν]
538 831 687 887 πονηρὰ
713 832 812 867 Vind.
838 831 876 865 F.

303 876 372 922 τήν
395 880 610 923 ναυτιλίαν]
637 876 703 923 τήν
726 878 927 921 ναυτηλίαν

259 926 359 958 Vind.
393 926 436 958 F.
470 925 563 958 Flor.
607 926 649 959 R.
693 930 732 958 ut
776 924 925 957 L.V11.

258 984 292 1016 p.
323 972 403 1006 527.
439 970 481 1005 D.
526 972 722 1016 Stephanus
758 971 819 1013 (in
854 970 925 1013 in.)

259 1017 377 1070 φαίην
415 1013 464 1050 ὃὶν
508 1020 587 1050 ante
622 1018 705 1050 haee
748 1016 925 1057 excidisse,

257 1063 373 1107 Astius
415 1063 450 1096 in
493 1074 562 1097 sec.
601 1063 779 1096 Platonem
815 1060 926 1102 εικός,

258 1121 324 1142 non
348 1109 393 1154 η’
396 1106 435 1142 δ’
457 1104 518 1148 ὃς,
542 1110 576 1142 in
599 1113 681 1143 teit.
705 1106 852 1162 πονηρὰ
875 1103 924 1140 ἒὶν

259 1155 336 1198 εἴη,
369 1155 392 1199 ἡ
425 1152 467 1188 δ’
497 1151 559 1197 ὃς,
592 1155 764 1188 ναυτιλία
793 1151 924 1192 αὐτοῖς

257 1201 522 1235 ναυτίλλεσθαι
563 1201 760 1256 scripsisse,
817 1200 924 1233 Stall-

257 1248 412 1281 bauinius
443 1259 524 1280 vero
555 1244 696 1290 λε’)οιμ’
726 1242 773 1279 ἂν
798 1245 923 1279 intelli-

257 1293 413 1346 gendum
429 1304 503 1326 esse
527 1297 645 1337 putat,
671 1304 810 1334 quorum
835 1291 921 1324 nihil

257 1351 324 1374 non
347 1338 481 1373 ratione
506 1339 707 1372 destitutum
729 1338 875 1371 videtur.

305 1391 472 1440 αὐτοὺς]
501 1408 566 1429 om.
591 1396 676 1429 Lob.
702 1396 780 1429 Vat.
792 1395 873 1429 ΒΜ.

304 1453 565 1487 ναυτίλλεσθαι
583 1452 596 1495 Ἰ
675 1453 919 1486 ναυτίλεσθαι

259 1499 352 1534 Flor.
375 1499 420 1533 T.
444 1500 683 1533 ναυτίλλεσθε
714 1500 791 1533 Vat.
817 1499 866 1532 M.

307 1554 491 1613 ὁτουοῦν]
535 1552 698 1590 ὅτουοῦν
738 1556 837 1590 Vind.
882 1555 923 1589 F.

261 1601 508 1657 ,,ουτουοῦν
518 1603 599 1637 Par.
633 1602 676 1636 D.
711 1603 768 1641 ς“
809 1603 923 1643 Quum

261 1651 457 1694 Stephanus
490 1644 652 1683 ὁτουοῦν
682 1648 826 1683 habeat..
860 1659 922 1692 pro

261 1709 285 1736 ς
306 1663 500 1730 Bliekkermn
523 1694 705 1728 verisimile
723 1699 777 1728 est
793 1694 925 1738 signum

261 1742 387 1776 codicis
412 1741 571 1781 alicuius,
604 1741 752 1774 fortasse
775 1741 855 1774 Vat.
879 1740 924 1772 H.

259 1789 315 1822 vel
338 1788 432 1821 Mon.
462 1788 503 1819 B.
530 1787 607 1831 poni
630 1787 786 1819 voluisse.
835 1787 924 1819 Nam

259 1840 296 1868 et
321 1834 418 1867 Vind.
444 1833 486 1866 E.
523 1838 558 1866 et
591 1832 685 1865 Mon.
714 1833 755 1866 B.
790 1827 924 1865 οὑτον-

261 1880 333 1914 οῦν
364 1879 522 1919 exhibet,
557 1889 759 1922 quamquam
794 1878 828 1911 in
860 1878 925 1910 hoc

259 1926 416 1960 vitiosum
447 1937 471 1959 υ
502 1925 591 1958 linea
631 1924 761 1957 directa
796 1935 924 1968 expun-

261 1976 351 2007 ctum
372 1976 436 2005 est.

308 2024 333 2073 ἥ
357 2029 481 2073 τινος]
508 2039 573 2063 om.
605 2026 681 2061 Fic.
704 2025 799 2060 uncis
818 2025 924 2059 inclu-

261 2074 306 2109 sit
341 2074 586 2108 Stallbaumius
625 2072 660 2106 in
700 2084 769 2106 sec.
827 2072 924 2105 Idem

260 2121 421 2155 Bekkero
467 2122 662 2165 suspectum
715 2118 824 2152 fuisse
881 2129 923 2152 ex

262 2166 565 2201 Schleiermacheri
588 2164 806 2199 annotatione
822 2167 856 2197 et
881 2176 922 2198 ex

262 2225 303 2247 eo
337 2213 478 2257 colligo,
522 2212 618 2266 quod
654 2223 720 2246 non
760 2210 867 2244 solum
899 2205 923 2254 ἢ

262 2258 366 2298 τινὸς
406 2271 480 2293 cum
512 2257 682 2292 veteribus
719 2256 924 2291 editionibus

263 2305 422 2350 scripsit,
446 2305 506 2339 sed
531 2305 631 2338 etiam
656 2314 783 2337 comma
806 2302 841 2335 in
861 2301 923 2336 iis·

263 2351 341 2385 dem
365 2351 591 2407 antepositum
614 2350 763 2384 retinuit.
811 2349 924 2382 Astius

262 2397 296 2430 in
319 2408 387 2430 sec.
410 2392 583 2440 ἧστινος,
614 2395 650 2430 in
673 2398 752 2429 tent.
776 2391 923 2439 ἡστινο-

264 2443 355 2477 σοῦν
379 2443 481 2476 scribi
504 2443 618 2484 iubet,
643 2453 786 2487 quorum
809 2446 924 2486 poste-

262 2489 334 2522 rius
358 2489 670 2523 Schleiermachero
694 2499 839 2541 quoque,
863 2487 924 2520 sed

262 2534 354 2569 inter
387 2530 508 2574 οὕτως
541 2539 575 2568 et
609 2530 792 2574 ὁτουοῦν,
823 2542 924 2578 repo-

261 2581 409 2615 nendum
430 2580 620 2614 videbatur.
668 2580 836 2625 Equidem
862 2579 925 2612 du-

263 2627 360 2669 bito,
406 2637 449 2663 an
480 2638 581 2666 τινος
613 2626 663 2659 ita
698 2626 779 2659 ferri
804 2625 922 2670 possit,

263 2673 292 2708 si
324 2684 385 2718 pro
417 2676 538 2706 neutro
584 2677 619 2705 et
662 2668 824 2706 ὁτουοῦν
860 2683 924 2716 pro

262 2718 445 2753 masculino
469 2718 658 2763 accipiatur
681 2722 785 2763 atque
801 2729 842 2751 ex
862 2720 925 2751 hoc

263 2764 453 2810 particulae
487 2764 556 2799 οῦν
589 2763 792 2809 significatio
816 2763 860 2798 ad
881 2763 923 2797 il-

981 830 1038 865 lud
1063 831 1254 865 redundare
1277 836 1460 875 statuatur,
1481 833 1546 867 hoc
1566 844 1645 867 sen-

982 889 1041 910 su·
1069 890 1176 911 nonne
1206 879 1297 911 idem
1329 880 1370 912 de
1393 881 1482 912 alius
1498 881 1647 914 cuiusvis

983 924 1128 956 hominis
1153 936 1173 955 τ
1167 925 1208 956 el
1226 926 1277 957 rei
1299 927 1552 968 gubernatione
1572 931 1645 958 sta-

982 970 1175 1003 tuendum?
1200 970 1364 1004 Similiter
1386 971 1426 1004 L.
1443 971 1502 1004 VI.
1521 983 1553 1016 p.
1565 972 1644 1006 494.

982 1015 1021 1048 B.
1069 1026 1184 1048 πασιν
1233 1022 1268 1049 et
1316 1013 1454 1050 ἅπασιν
1503 1018 1557 1051 div
1551 1018 1646 1051 ersis

981 1062 1164 1105 generibus
1202 1062 1341 1096 iunctim
1369 1063 1522 1097 adhibita
1557 1064 1645 1097 vidi—

983 1119 1064 1140 nius.

1026 1150 1192 1192 πόλεωςς
1225 1148 1273 1198 ἦν
1304 1151 1348 1188 δ’
1374 1153 1441 1199 ἔχω
1431 1152 1477 1200 ,]
1503 1153 1646 1195 πόλεως

980 1193 1097 1243 ἦνδ’
1129 1197 1220 1244 ἐγὼ,
1225 1167 1328 1234 77Ald.
1363 1202 1443 1235 Bas.
1478 1203 1532 1235 ab.
1575 1199 1645 1236 πό·

980 1247 1092 1288 λεως,
1116 1246 1164 1289 ἦν
1188 1243 1229 1279 6'
1257 1243 1287 1291 ε’)
1288 1244 1345 1280 ω’·
1366 1249 1645 1291 Bekkcrus‚Ast.

980 1292 1013 1325 in
1038 1296 1115 1324 tent.
1143 1293 1265 1325 Stal.b.

1028 1334 1125 1383 ὅσῳ]
1152 1339 1312 1382 quoniam
1339 1339 1413 1374 Fic.

1025 1395 1228 1440 τοσοῦτον]

978 1441 1017 1474 In
1052 1442 1149 1475 Vind.

979 1487 1159 1520 adiectum.

1027 1529 1074 1566 ἒὶν
1100 1531 1197 1577 ἔχοι]
1225 1532 1295 1577 ἔχει
1319 1534 1403 1568 Lob.
1428 1535 1508 1570 vat.
1531 1535 1610 1570 ΒΜ.

1025 1587 1086 1633 δέ]
1116 1590 1179 1624 δαὶ
1207 1592 1284 1625 Par.
1313 1593 1350 1625 A.
1384 1593 1424 1626 In
1441 1588 1549 1628 'Vind
1569 1594 1643 1627 ΒΕ.

980 1636 1036 1678 (ut
1061 1636 1101 1670 L.
1127 1637 1203 1671 VII.
1232 1650 1264 1682 p
1291 1639 1368 1674 519.
1393 1639 1454 1682 B)
1481 1644 1515 1672 et
1549 1640 1642 1673 Mon.

982 1682 1022 1716 B.
1054 1694 1119 1715 non
1145 1687 1222 1726 post
1255 1682 1316 1727 δέ,
1351 1685 1410 1718 sed
1443 1690 1522 1738 post
1556 1684 1646 1719 τόδε

981 1728 1210 1773 interpunctio
1244 1733 1317 1771 est,
1350 1736 1456 1776 atque
1480 1731 1530 1765 ita
1547 1731 1645 1764 Fici-

983 1785 1065 1807 nus·
1104 1776 1194 1815 Quid
1224 1782 1339 1810 autem
1362 1777 1451 1810 hoc?
1489 1779 1645 1821 nunquid

983 1820 1120 1854 levius?
1154 1822 1223 1854 Sed
1253 1824 1470 1867 pronuntiata
1495 1824 1645 1858 dictione

981 1863 1068 1899 τόδε
1086 1868 1249 1901 Socrates
1273 1869 1354 1902 nihil
1377 1869 1455 1903 dum
1483 1870 1646 1904 docuerat

981 1912 1217 1955 Adimantum,
1241 1918 1279 1947 ut
1302 1915 1391 1948 ultro
1418 1927 1585 1960 quaerere
1601 1927 1645 1949 ex

982 1969 1022 1991 eo
1065 1965 1204 2003 posset,
1251 1972 1293 1993 an
1330 1961 1438 1994 levius
1465 1962 1499 1994 id
1536 1961 1643 1995 aesti-

980 2011 1100 2038 maret.

1028 2044 1102 2093 ἆρά
1130 2051 1186 2095 τι]
1213 2046 1289 2095 ἄρά
1321 2051 1358 2085 τί
1386 2052 1482 2086 Vind.
1506 2053 1550 2086 F.

978 2104 1188 2186 ΙΐτοιὶιὊυ]
1238 2109 1353 2142 τοῦτο
1404 2110 1503 2144 idem.
1549 2112 1641 2156 (om.

1010 2153 1070 2209 ic.)

1027 2197 1204 2243 ἔλαττον]
1234 2196 1406 2235 ἕλλαττον
1428 2201 1505 2236 Ald.

1029 2253 1189 2311 ἀνάγκῃ]
1216 2254 1357 2303 ἀνάγκη
1382 2259 1457 2293 Ald.
1486 2260 1566 2294 Bas.
1587 2261 1642 2296 ab.

982 2299 1146 2346 άνάγκην
1172 2304 1293 2348 steph.
1319 2308 1393 2338 Ast.
1423 2317 1474 2350 pr.
1509 2310 1544 2339 et
1569 2308 1642 2340 for-

979 2352 1072 2382 tasse
1094 2350 1172 2382 Par.
1193 2349 1238 2384 K.
1262 2351 1386 2396 dequo
1413 2352 1587 2396 Bipontini
1607 2357 1643 2386 et

978 2395 1158 2428 Bekkerus
1180 2399 1305 2430 tacent.
1335 2417 1380 2422 —
1412 2397 1511 2431 Hunc
1533 2399 1642 2432 locum

979 2445 1131 2485 respexit
1162 2442 1363 2477 A1ist0teles
1392 2442 1494 2499 quit
1525 2445 1563 2479 L.
1598 2445 1639 2477 V.

980 2491 1068 2521 extr.
1100 2499 1133 2543 p.
1161 2489 1237 2522 194.
1268 2490 1399 2523 Goettl.
1430 2486 1573 2524 άτοπον
1601 2488 1640 2524 δὲ

979 2544 1042 2566 και
1072 2532 1115 2567 τό
1145 2531 1264 2576 φάναι
1289 2533 1357 2570 δύο
1389 2534 1514 2576 πόλεις
1545 2534 1640 2570 εἶναι

978 2575 1047 2622 τήν
1063 2576 1333 2630 ὀλιγαρχικὴν,
1366 2583 1552 2616 πλουσίων
1576 2595 1640 2616 και

977 2622 1146 2668 πενήτων
1163 2631 1228 2659 etc.
1257 2628 1298 2661 de
1324 2630 1446 2672 quibus
1476 2629 1519 2663 cf.
1540 2629 1639 2662 Pinz-

978 2671 1051 2715 geii
1074 2672 1208 2705 libellus
1229 2673 1303 2707 iol.
1322 2674 1350 2707 Ι.
1372 2687 1405 2720 p.
1417 2676 1497 2716 322,
1510 2686 1542 2710 a.
1565 2674 1638 2708 lau-

979 2717 1079 2750 datus
1104 2729 1136 2762 p.
1161 2719 1218 2752 74.

1025 2762 1286 2804 οἰκοῦντας-

1185 1442 1225 1477 F.
1260 1455 1281 1475 ν
1317 1444 1427 1476 altera
1457 1444 1645 1489 scriptione

1306 2762 1636 2810 ἐπιβουλεύοντας]

1276 1397 1436 1431 τοσοῦτο
1479 1400 1566 1442 Ang.
1600 1398 1641 1432 Β.
1672 1390 1711 1431 D
