1764 3176
569 181 1049 226 EDITORIS.
1343 198 1515 224 Lxxxx1

124 300 343 342 secundum
367 302 564 355 vulgatam
599 302 815 343 lectionem
847 302 1061 343 commode
1094 301 1284 355 explicari
1315 305 1516 355 poterant,

122 395 177 434 ita
194 397 238 433 ut
264 394 368 434 haec
383 394 590 434 harmonia
610 395 776 447 aequale
802 395 941 447 priori,
977 394 1051 434 sed
1082 407 1131 433 ex
1158 394 1349 446 quadrato
1368 396 1409 434 in
1427 396 1515 435 for-

120 497 226 525 mam
261 486 425 539 oblongi
454 486 679 535 traductae,
707 487 810 526 latus
841 487 1010 526 alterum
1043 486 1195 526 habere
1223 489 1265 524 et
1300 487 1360 525 sic
1392 487 1517 526 cubus

123 578 325 626 eiusdem,
361 579 473 618 cuius
493 579 559 617 illa
581 578 836 629 quadratum,
870 578 1015 617 radicis
1042 590 1135 617 esse
1153 578 1420 628 indicaretur,
1456 584 1517 619 ta·

120 682 215 708 men
241 670 292 708 ob
325 670 508 710 codicum
541 671 816 709 auctoritatem
846 670 1034 709 mutanda
1066 673 1107 709 et
1136 671 1361 710 accusativo
1399 684 1515 729 7190-

120 751 246 820 μήκη
271 775 345 814 pro
378 761 508 801 dativo
538 766 709 814 recepto
757 762 816 801 sic
848 761 1060 800 scribenda
1092 761 1300 825 videntur:
1347 753 1437 819 τήν
1467 758 1517 805 δὲ

120 844 325 911 ἰσομήκη
346 848 436 909 μὲν
457 848 541 911 τῇ,
577 845 798 913 προμήκη
817 849 888 902 δέ,
921 867 999 905 qua
1026 852 1202 892 lectione
1231 857 1271 892 et
1296 854 1515 893 vocabulo-

119 957 209 984 rum
235 957 311 996 per
345 946 559 997 particulas
581 941 671 1001 μὲν
702 949 743 985 et
770 942 818 989 δὲ
843 946 1125 998 oppositorum
1152 946 1253 984 ratio
1282 946 1322 984 in
1343 958 1513 985 concor—

121 1035 226 1076 diam
248 1037 465 1092 redigitur,
503 1040 544 1076 et
573 1037 746 1076 offensio
762 1066 774 1085 ,
805 1050 882 1088 qua
903 1037 1090 1076 articulus
1123 1037 1255 1077 dativo
1277 1029 1517 1095 προμήκει

122 1127 279 1167 additus
300 1141 383 1168 non
404 1142 572 1181 prorsus
595 1129 766 1176 carebat,
787 1128 950 1177 tollitur,
974 1141 1117 1168 sensus
1135 1141 1230 1168 vero
1251 1142 1381 1180 aeque
1403 1142 1514 1168 com-

121 1219 267 1259 modus
311 1223 352 1259 et
378 1233 486 1272 pene
519 1220 626 1259 idem
669 1220 867 1269 efficitur,
906 1221 1228 1272 quandoquidem
1266 1221 1414 1269 cubus,
1452 1222 1520 1272 qui

123 1311 302 1363 quadrati
319 1311 421 1351 latus
447 1313 616 1361 retinet,
650 1312 742 1364 ipse
771 1312 934 1364 oblongi
963 1313 1138 1353 formam
1165 1313 1332 1365 accipit,
1374 1313 1520 1352 cubum

121 1405 255 1442 autem
287 1404 503 1456 significari
539 1405 672 1443 verbis
703 1398 805 1461 τρὶς
841 1397 1060 1463 αὐξηθεὶς
1091 1405 1406 1444 demonstratum
1443 1408 1517 1444 est.

123 1494 202 1546 Qui
228 1482 449 1546 sequuntur
483 1499 643 1536 centum
671 1497 826 1535 numeri
860 1511 881 1536 a
909 1497 1134 1547 diametris,
1169 1498 1217 1536 iis
1247 1509 1367 1535 unam
1399 1496 1518 1535 huius

120 1585 357 1626 harmoniae
388 1591 570 1640 partem,
606 1588 770 1628 alteram
801 1592 959 1628 centum
985 1590 1147 1628 ternarii
1173 1588 1285 1628 cubis
1318 1591 1518 1640 constare,

124 1681 166 1718 et
187 1682 383 1731 utrosque
408 1678 623 1729 additione,
645 1694 726 1720 non
746 1681 1077 1732 multiplicatione
1101 1680 1403 1732 coniungendos
1427 1691 1521 1719 esse

121 1770 378 1823 interpretor.
448 1763 724 1829 Ἀριθμούς
761 1763 860 1814 dno*
884 1768 1157 1827 διαμέτρων
1189 1775 1265 1811 etc.
1300 1784 1372 1810 eos
1396 1771 1520 1811 intel-

121 1862 219 1915 ligo,
252 1864 319 1914 qui
340 1876 364 1902 a
389 1863 591 1902 diametris
626 1866 703 1902 etc.
734 1864 944 1916 prodeant,
973 1863 1056 1903 hoc
1077 1867 1153 1912 est,
1190 1877 1358 1916 quorum
1382 1864 1517 1916 singu-

122 1953 172 1993 lis
193 1954 373 2006 singulae
402 1955 568 2006 quinarii
596 1955 779 1995 diametri
797 1955 980 1995 effabiles
1003 1959 1044 1995 et
1073 1955 1190 1995 binae
1211 1956 1391 1995 diametri
1411 1956 1517 1996 inef-

120 2045 266 2086 fabiles
282 2046 459 2086 radicum
479 2048 606 2087 instar
627 2047 795 2096 subsint,
826 2048 880 2086 ita
913 2051 957 2087 ut
977 2060 1116 2087 eorum
1137 2049 1413 2100 unusquisque
1437 2061 1517 2088 uno

123 2136 305 2178 diametri
337 2138 507 2178 effabilis
541 2140 707 2190 quinarii
738 2139 949 2191 quadrato,
998 2140 1072 2179 sed
1098 2140 1270 2179 monade
1305 2140 1517 2189 subtracta,

126 2234 167 2269 et
190 2230 355 2270 duarum
385 2229 643 2270 ineffabilium
665 2231 947 2271 diametrorum
969 2233 1168 2284 quadratis
1194 2235 1363 2272 constet.
1435 2232 1517 2272 Iam

126 2333 248 2372 quum
270 2321 462 2361 diameter
492 2322 660 2362 effabilis
689 2324 856 2374 quinarii
886 2325 1137 2376 septenarius
1177 2325 1253 2372 sit,
1281 2325 1393 2363 cuius
1419 2337 1516 2375 qua·-

125 2412 261 2452 dratus
293 2413 758 2467 undequinquagenarius
781 2419 866 2464 est,
903 2429 1227 2467 unumquemque
1248 2419 1409 2456 centum
1427 2416 1519 2455 illo-

124 2517 213 2543 rum
251 2517 530 2555 numerorum,
568 2507 719 2560 quippe
749 2507 814 2547 cui
847 2521 987 2547 monas
1021 2508 1071 2547 ad
1102 2508 1336 2559 quadratum
1374 2508 1521 2548 deesse

125 2596 292 2645 dicatur,
327 2597 844 2652 duodequinquagenarium
866 2613 960 2639 esse
981 2600 1251 2651 consequitur.
1324 2601 1408 2641 Sed
1430 2602 1520 2652 quia

127 2691 286 2729 centum
307 2689 363 2728 illi
380 2691 534 2730 numeri
560 2704 643 2731 non
670 2691 801 2731 solum
823 2706 846 2731 a
865 2692 1068 2731 diametris
1088 2691 1311 2732 effabilibus
1339 2693 1518 2744 quinarii,

126 2780 200 2820 sed
233 2782 350 2820 etiam
385 2795 409 2820 a
437 2782 588 2822 duabus
603 2783 870 2824 ineffabilibus
900 2784 1063 2837 prodire
1094 2784 1299 2833 dicuntur,
1331 2784 1518 2836 quadrata

127 2872 291 2913 duarum
328 2873 611 2915 diametrorum
644 2876 904 2917 ineffabilium
934 2875 984 2916 ad
1003 2876 1516 2930 duodequinquagenarium
