1764 3176
234 137 390 164 unx
642 108 1206 161 *PRAEFATIO

233 242 390 294 gravior
414 239 529 280 nobis
554 251 744 278 assensor
769 240 936 291 contigit
966 236 1374 284 Schleiermacherus‚
1411 250 1572 289 quoque
1596 251 1618 278 a

231 332 428 386 probabili
458 331 616 383 longius
649 331 931 370 dissentientes
970 330 1149 369 Friesius
1187 332 1228 368 et
1261 328 1466 368 Branisius
1500 330 1614 369 aber-

229 427 378 463 rarunt.
421 423 546 462 Iidem
567 423 846 474 sesquitertiae
864 423 1008 462 radicis
1030 422 1338 461 declarationem
1356 421 1396 459 in
1415 433 1618 461 commen-

229 517 381 555 tatione
401 517 538 567 priore
563 515 777 554 exhibitam
817 518 1000 553 tenemus
1035 527 1155 566 quum
1180 513 1266 553 aliis
1294 512 1345 552 de
1366 513 1519 552 caussis
1543 513 1617 552 ibi-

228 608 322 647 dem
357 607 660 655 demonstratis,
697 610 782 644 tum
821 605 932 657 quod
964 606 1153 657 singulari
1171 605 1406 651 Platonem,
1448 604 1483 643 si
1516 603 1618 643 duos

227 699 421 738 voluisset
457 711 646 738 numeros
674 697 922 749 significare,
955 710 1119 736 usurum
1150 710 1230 736 non
1254 696 1385 735 fuisse
1405 695 1619 735 verisimile

229 794 304 832 est.
372 790 455 830 Sed
475 783 696 845 συζυγίαν
718 790 955 840 quaternarii
973 792 1013 828 et
1036 789 1201 840 quinarii
1221 789 1300 827 iam
1321 801 1403 827 non
1420 787 1616 834 addendo,

229 886 274 921 ut
294 886 421 930 antea,
458 881 533 921 sed
563 880 861 932 multiplicando
889 881 1143 919 efficiendam
1160 883 1359 932 putamus,
1395 892 1474 930 quo
1496 892 1617 917 sensu

229 973 468 1014 lamblichus
491 974 532 1012 in
563 972 695 1012 verbis
728 973 1073 1011 commentationis
1103 973 1342 1025 posterioris
1371 971 1482 1009 initio
1503 971 1616 1022 posi-

227 1066 279 1106 tis
303 1054 615 1123 τετραγώνων
640 1054 857 1116 α’λλήλοις
892 1059 1130 1119 μιγέντων
1157 1064 1254 1103 item
1277 1062 1489 1114 quadratos
1512 1063 1617 1114 gigni

227 1157 335 1198 dicit.
406 1155 658 1196 vicenarium
688 1156 808 1207 igitur
838 1168 913 1207 pro
946 1155 1161 1194 novenario
1196 1158 1418 1206 ponentes,
1456 1155 1523 1205 qui
1555 1156 1618 1193 ter

227 1251 390 1296 auctus,
424 1248 507 1287 hoc
545 1251 628 1296 est,
666 1247 876 1299 quadratus
909 1247 1102 1298 primum,
1139 1246 1285 1286 deinde
1314 1247 1438 1286 cubus
1471 1246 1617 1295 factus,

225 1340 324 1380 duas
352 1341 578 1380 harmonias
605 1339 816 1392 praebeat,
851 1338 1080 1377 harmonias
1105 1339 1242 1390 ipsas,
1280 1351 1378 1389 quas
1416 1338 1510 1377 olim
1545 1337 1615 1377 ad-

224 1432 352 1472 hibito
378 1444 545 1471 numero
567 1431 679 1470 fatali
702 1433 950 1470 monstrasse
976 1429 1092 1468 nobis
1118 1429 1360 1476 videbamur,
1395 1441 1501 1467 nunc
1526 1441 1615 1467 mu-

224 1524 318 1564 sicis
346 1523 639 1575 investigandas
661 1522 867 1569 tradimus,
903 1522 937 1560 si
956 1521 1064 1561 forte
1088 1533 1137 1560 ex
1164 1520 1437 1572 descriptione
1455 1520 1613 1559 vicena-

223 1618 272 1657 rii
294 1617 462 1668 eiusque
499 1615 677 1667 quadrati
715 1617 757 1653 et
793 1613 884 1652 cubi
921 1612 1112 1664 colligere
1145 1625 1213 1651 eas
1243 1611 1458 1663 potuerint.
1529 1610 1614 1649 No-

225 1712 351 1748 strum
374 1709 479 1748 enim
499 1720 581 1746 non
600 1709 663 1745 est
692 1719 887 1745 canonem
909 1718 1072 1752 secare,
1109 1703 1183 1742 sed
1206 1702 1384 1742 Platonis
1411 1702 1532 1741 verba
1553 1703 1613 1741 in-

225 1801 449 1853 terpretari.
520 1798 558 1837 Is
578 1799 698 1849 igitur
718 1798 894 1849 priorem
918 1793 1020 1855 ἴσην
1040 1785 1214 1844 ἰσάκις,
1245 1785 1419 1836 ἑκατόν
1442 1806 1616 1835 τοσαυ-

224 1884 360 1939 τάκις
385 1891 522 1930 dicens
556 1902 765 1928 numerum
789 1888 1021 1939 quadratum
1045 1886 1216 1937 aliquem
1243 1886 1345 1924 sumi
1364 1897 1496 1935 eoque
1518 1898 1613 1924 cen-

226 1983 420 2022 tenarium
439 1981 690 2033 multiplicari
714 1979 837 2019 iubet.
908 1979 990 2018 lam
1012 1977 1288 2017 deficientibus
1310 1976 1487 2028 quadrati
1510 1976 1615 2014 illius

159 2061 169 2071 ⁴
224 2075 380 2114 indiciis
409 2074 580 2126 primum
607 2072 660 2111 de
694 2072 824 2124 primo
857 2069 1133 2122 cogitandum,
1170 2082 1288 2121 quem
1325 2068 1376 2106 ob
1404 2066 1614 2119 idipsum,

226 2165 335 2218 quod
360 2169 519 2205 ceteros
543 2164 755 2212 antecedit,
777 2163 927 2215 potius,
963 2174 1079 2213 quam
1104 2161 1217 2209 alios,
1253 2160 1464 2199 scribentis
1484 2160 1613 2199 animo

226 2259 479 2298 obversatum
507 2256 716 2310 probabile
744 2259 819 2295 est.
890 2253 973 2293 Sed
996 2265 1156 2300 monas,
1193 2265 1295 2303 quae
1322 2252 1493 2304 primum
1512 2252 1615 2290 inter

225 2349 439 2402 quadratos
463 2349 597 2388 locum
617 2351 741 2396 tenet,
761 2344 1048 2398 multiplicandi
1065 2344 1102 2383 vi
1120 2346 1240 2383 caret.
1301 2343 1434 2393 Quare
1455 2356 1506 2382 ne
1525 2342 1612 2381 fru-

223 2446 305 2481 stra
330 2442 602 2481 centenarium
626 2440 889 2492 multiplicare
913 2438 1130 2484 iubemur,
1154 2435 1373 2474 secundum
1398 2449 1419 2473 a
1442 2433 1613 2473 monade

224 2546 299 2574 seu
336 2533 508 2585 primum
544 2533 647 2572 inter
686 2531 994 2584 multiplicantes
1039 2540 1261 2575 sumamuS‚
1308 2526 1613 2578 quaternarium,

227 2638 306 2677 quo
328 2623 610 2675 multiplicatus
638 2624 888 2664 centenarius
912 2619 1278 2673 quadringenarium
1306 2619 1518 2671 producit,
1554 2617 1611 2655 vi—

228 2717 375 2758 cenarii
412 2715 655 2767 quadratum.
726 2716 858 2767 Atque
893 2715 974 2753 hoc
1005 2713 1181 2765 priorem
1213 2711 1459 2750 harmoniam
1481 2708 1613 2749 conti-

227 2810 314 2850 neri
338 2808 558 2848 statuimus.
628 2807 801 2848 Alterius
839 2808 879 2847 in
912 2804 1184 2856 descriptione
1205 2803 1324 2843 verba
1354 2802 1501 2855 prima,
1537 2798 1614 2838 etsi
