1764 3176
581 189 1057 233 EDITORJS.
1460 206 1534 231 mu

145 308 344 346 ostenderet
369 318 446 343 eum
465 309 583 343 decem
601 309 705 342 millia
722 318 900 342 nnmerum
921 318 998 342 esse
1017 308 1230 352 superficiem
1246 307 1334 342 Cubi
1354 308 1375 342 a
1393 319 1537 343 numero

148 366 345 401 centenario
375 366 534 409 producti
549 366 681 400 scilicet
704 366 811 408 ipsius
833 366 970 398 millena
984 366 1088 398 miliia
1114 366 1246 399 numeri
1275 366 1382 407 Cubi,
1412 367 1538 410 quippe

144 425 202 468 qui
223 434 286 457 sex
306 428 443 456 constat
463 423 661 466 quadratis,
691 433 835 465 quorum
855 423 1120 465 unumquodque
1142 424 1296 456 continet
1315 424 1349 456 in
1373 434 1454 457 area
1475 434 1537 457 sua

144 484 281 514 centum
300 481 463 522 centies,
482 479 550 513 hoc
577 485 629 513 est
659 479 780 512 decem
807 480 911 512 millia
943 490 1047 522 parva
1070 479 1251 522 quadrata.
1311 479 1412 513 Nono
1434 481 1545 523 inquit

142 538 326 570 Platonem
356 537 546 581 appellasse
564 537 697 569 Cubum
722 536 885 568 trinitatis
922 536 1031 578 ipsum
1061 536 1198 569 millena
1226 537 1328 569 millia
1359 537 1492 570 Cubum
1522 539 1543 571 a

144 593 344 627 centenario
371 593 594 637 productum:
626 593 778 635 duasque
805 591 903 625 huius
936 593 1177 634 appellationis
1203 594 1358 635 assignat
1378 595 1545 628 rationes·

144 650 253 694 primo
274 650 433 692 quoniam
454 651 473 683 a
491 650 690 683 centenario
713 649 925 692 producitur,
955 650 1011 691 qui
1033 650 1135 682 tertia
1156 650 1269 683 unitas
1295 654 1358 693 est,
1389 651 1543 684 secundo

143 706 303 750 quoniam
321 707 431 740 omnis
451 707 566 740 Cubus
596 707 784 739 trinitatem
810 705 913 739 habet
932 706 966 739 in
986 717 1048 738 sua
1071 706 1320 750 productione,
1352 708 1427 741 cum
1447 709 1479 741 iu
1502 719 1543 742 eo

143 762 366 808 producendo
389 767 442 797 ter
479 765 540 797 fiat
563 764 684 804 unius,
715 762 936 805 eiusdemque
968 765 1099 797 numeri
1119 764 1320 806 replicatio,
1351 764 1421 798 sive
1439 776 1541 808 repe·
1572 810 1575 818 l

143 821 242 862 titio;
271 820 368 853 iuxta
385 820 517 854 scilicet
533 821 637 864 ipsius
656 820 745 853 Cubt
773 820 1039 862 longitudinem,
1070 821 1284 854 latitudinem
1308 821 1541 855 altitudinem-

144 887 212 920 que
239 878 483 919 generandam.
522 882 559 910 ut
579 877 630 910 bis
659 876 727 909 duo
754 877 825 918 bis,
855 881 906 910 ter
926 878 991 909 tria
1008 882 1082 917 ter,
1114 882 1237 920 quater
1268 882 1434 920 quaterna
1454 889 1539 921 qua-

142 939 219 975 ter3
251 934 365 966 Cubos
390 935 423 975 8,
453 934 510 976 27,
541 938 576 967 et
593 931 637 966 64
657 933 753 966 nobis
772 938 967 976 procreant.
1026 935 1089 967 His
1107 935 1224 977 itaque
1247 934 1379 967 duabus
1395 936 1540 969 rationi-

144 992 230 1032 bus,
259 991 368 1032 inquit
382 991 496 1024 Faber
515 992 624 1034 ipsum
647 991 783 1023 millena
799 990 902 1023 millia
922 991 1054 1024 Cubum
1076 991 1095 1023 a
1118 991 1268 1024 Platone
1287 993 1419 1025 Cubum
1439 993 1538 1026 trini-

145 1047 227 1081 tatis
249 1048 433 1090 appellari,
463 1058 604 1090 quarum
634 1046 789 1090 profecte»
811 1047 980 1080 rationum
1007 1048 1157 1081 secunda
1179 1049 1315 1091 quidem
1335 1060 1396 1092 per
1415 1060 1453 1083 se
1474 1061 1538 1092 pa-

145 1109 220 1145 tet,
251 1104 361 1148 prima
387 1104 469 1138 vero
501 1104 732 1138 declaratione
757 1104 903 1146 quadam
938 1104 1091 1147 indiget,
1133 1116 1221 1148 quae
1255 1106 1300 1138 sit
1330 1105 1537 1142 huiusmodi.

145 1161 234 1194 Tres
257 1160 354 1203 ponit
379 1161 492 1194 Faber
512 1162 684 1201 unitates,
724 1171 865 1203 quarum
899 1161 1041 1203 primam
1066 1161 1203 1204 quidem
1232 1172 1308 1195 eam
1342 1173 1416 1196 esse
1442 1163 1536 1204 dicit,

146 1228 236 1260 quae
260 1228 298 1250 re
318 1227 399 1251 vera
425 1217 540 1251 unitas
566 1222 636 1260 est,
667 1218 863 1260 punctdque
882 1218 1103 1252 Geometrico
1134 1219 1398 1262 correspondet,
1430 1231 1537 1262 quae-

146 1284 212 1317 que
231 1274 355 1307 virtute
373 1278 489 1317 potest
510 1274 631 1317 accipi,
663 1278 698 1306 et
725 1278 887 1316 tanquam
906 1279 1080 1317 punctum,
1111 1276 1243 1309 scilicet
1262 1281 1424 1319 tanquam
1447 1277 1538 1310 indi-

144 1331 284 1364 visibilis
302 1331 430 1364 unitas:
462 1334 497 1363 et
515 1336 679 1373 tanquam
698 1331 806 1372 linea,
842 1331 1002 1365 videlicet
1035 1337 1199 1375 tanquam
1223 1343 1384 1366 numerus
1405 1333 1539 1377 Super—-

145 1387 283 1421 ficialis:
315 1398 357 1421 ac
385 1387 521 1421 demum
546 1391 714 1430 quatenus
728 1398 871 1430 corpus,
903 1387 966 1421 hoc
994 1393 1048 1422 est
1075 1394 1243 1432 quatenus
1262 1401 1423 1424 numerus
1445 1390 1538 1424 Soli—

143 1444 219 1479 duS.
286 1444 482 1478 Secundam
512 1450 625 1478 autem
657 1444 823 1478 unitatem
850 1446 965 1479 Faber
992 1447 1041 1479 ait
1068 1457 1143 1480 esse
1169 1448 1374 1480 Denarium:
1400 1449 1539 1481 tertiam

145 1501 226 1535 vero
249 1502 483 1534 centenarium
502 1511 702 1543 numerum,
731 1501 796 1534 hac
813 1503 946 1535 scilicet
971 1503 1114 1538 ratione.
1145 1505 1257 1547 posita
1282 1505 1370 1537 enim
1392 1501 1539 1549 (inquit)

145 1559 255 1601 prima
276 1559 408 1591 unitate
424 1569 486 1602 pro
507 1558 645 1602 puncto,
676 1559 743 1592 erit
763 1559 880 1601 utique
900 1559 1059 1593 denarius
1076 1565 1114 1593 ut
1132 1561 1233 1601 linea,
1263 1566 1296 1594 et
1318 1562 1535 1595 centenarius

146 1619 185 1648 ut
202 1616 400 1658 superficies
415 1641 424 1656 ,
456 1620 490 1648 et
509 1616 717 1648 millenarius
736 1619 774 1648 ut
794 1626 929 1658 corpus.
967 1627 1045 1649 nam
1080 1618 1366 1660 quemadmodum
1387 1618 1421 1651 in
1443 1619 1540 1652 Geo-

145 1672 270 1705 metria
288 1672 423 1714 quidem
440 1683 482 1704 ex
507 1674 598 1705 fluxu
623 1673 739 1715 puncti
754 1673 792 1705 fit
816 1673 926 1712 linea3
958 1678 992 1706 et
1013 1684 1054 1706 ex
1085 1679 1181 1706 motu
1205 1676 1315 1708 lineae
1335 1675 1369 1707 in
1385 1675 1540 1708 latitudi-

147 1738 244 1769 nem,
269 1729 401 1761 scilicet
429 1728 534 1771 ipsius
561 1729 595 1761 in
617 1729 701 1761 alias
733 1729 838 1761 lineas
861 1730 1143 1772 multiplicatione
1163 1735 1299 1764 creatur
1318 1732 1538 1775 superficies3

147 1795 213 1818 nec
242 1795 312 1818 non
341 1795 384 1818 ex
403 1785 594 1827 superficiei
614 1785 648 1818 in
673 1786 884 1818 altitudinem
899 1811 908 1826 ,
939 1784 1005 1819 hoc
1035 1792 1088 1819 est
1106 1789 1177 1820 eius
1197 1788 1230 1821 in
1261 1789 1376 1831 plures
1393 1790 1539 1832 superfi-

147 1841 219 1875 cies
249 1842 530 1884 multiplicatione
560 1841 760 1884 producitur
788 1853 933 1884 corpus:
974 1843 1020 1876 ita
1047 1844 1149 1877 etiam
1178 1845 1212 1877 in
1246 1843 1467 1878 Arithmetica
1496 1855 1539 1879 ex

148 1898 289 1931 unitatis
314 1898 565 1941 propagatione
595 1898 747 1940 gignitur
777 1909 937 1932 numerus
968 1899 1148 1942 Linearis,
1187 1905 1223 1934 et
1255 1912 1298 1935 ex
1331 1903 1537 1945 multiplica-

147 1954 241 1988 tione
257 1954 416 1988 Linearis
436 1954 568 1988 numeri
593 1955 632 1987 fit
660 1965 821 1988 numerus
845 1956 1098 1999 Superficialis‚
1130 1969 1172 1991 ex
1202 1959 1376 2001 ipsiusque
1405 1960 1537 1993 numeri

147 2011 381 2054 Superficialis
407 2012 691 2054 multiplicatione
716 2012 754 2045 fit
783 2012 911 2045 solidus
940 2024 1114 2050 numerus,
1170 2015 1292 2048 Posito
1318 2026 1436 2048 rursus
1464 2014 1538 2061 (in-

149 2069 223 2110 quit
238 2064 371 2113 Faber)
399 2068 542 2101 denario
563 2079 624 2111 pro
646 2068 795 2102 secunda
812 2070 960 2111 unitate,
990 2081 1079 2112 quae
1095 2076 1223 2115 puncto
1243 2072 1536 2115 correspondeat3

150 2125 218 2158 erit
240 2125 399 2158 nimirum
429 2117 646 2158 centenarius
688 2128 727 2158 ut
755 2125 869 2168 linea,
911 2131 947 2160 et
971 2127 1091 2162 decem
1122 2129 1225 2162 millia
1261 2133 1299 2161 ut
1327 2131 1538 2172 superficies,

149 2181 287 2214 millena
316 2181 421 2214 millia
447 2186 486 2215 ut
516 2191 639 2224 corpus
666 2182 855 2216 rationibus
890 2183 957 2216 iam
989 2184 1100 2219 dictis.
1167 2185 1330 2218 Similiter
1361 2191 1475 2220 autem
1509 2187 1539 2221 si

150 2238 368 2271 centenarius
396 2248 458 2281 pro
489 2238 642 2279 unitate,
683 2249 771 2281 quae
802 2244 930 2282 puncto
974 2242 1245 2285 correspondeat
1275 2248 1444 2284 ponatur,
1473 2245 1539 2277 erit

150 2294 245 2327 iuxta
262 2293 352 2328 hunc
369 2295 523 2328 ordinem
542 2295 655 2328 unitas
671 2296 772 2329 tertia
790 2297 1007 2330 centenarius
1024 2298 1111 2342 ipse,
1144 2300 1164 2332 a
1190 2309 1256 2341 quo
1276 2309 1436 2333 numerus
1462 2301 1539 2334 mil·

149 2351 228 2384 lena
244 2351 348 2384 millia
365 2350 487 2384 Cubus
497 2351 626 2393 oritur,
655 2357 759 2394 atque
788 2358 972 2396 propterea
1000 2355 1115 2388 Cubus
1131 2355 1294 2388 trinitatis
1323 2355 1452 2399 (inquit
1468 2357 1539 2390 Fa-

149 2407 230 2451 ber)
265 2408 286 2440 a
310 2408 458 2441 Platone
488 2413 642 2442 vocatur.
698 2408 795 2443 Talis
822 2411 928 2453 igitur
957 2416 1010 2444 est
1035 2412 1143 2455 prima
1178 2412 1282 2455 ipsius
1304 2413 1409 2446 Fabri
1436 2415 1539 2449 ratio.

151 2468 275 2497 cuncta
294 2465 375 2498 vero
402 2464 488 2498 haec
515 2476 602 2508 quae
633 2476 695 2508 pro
726 2464 868 2501 huiusce
894 2468 1037 2502 rationis
1068 2469 1297 2512 explicatione
1326 2469 1472 2505 diximus
1507 2472 1540 2504 in

149 2520 342 2564 subscripto
362 2526 482 2565 patent
511 2523 681 2566 exemplo.
