1764 3176
610 127 703 176 Pag.
734 127 986 169 272—275.
1493 125 1548 166 55

319 238 387 275 sed
425 238 472 275 ad
513 242 712 288 utrumque
751 238 830 275 sive
860 239 911 282 ad,
940 238 1234 275 enuntiationem
1263 238 1382 287 ipsam
1408 239 1548 287 imper-

319 294 455 331 fectam
489 295 703 331 additurum
747 293 884 342 aliquid
927 294 1042 331 fuisse
1081 296 1303 343 scriptorem
1342 295 1547 331 sentiamus

318 363 395 386 non
428 350 535 387 aliter
566 363 610 387 ac
641 351 672 386 si
705 350 1004 386 coniunctionem
1035 350 1317 400 praeposuisset
1346 355 1383 386 et
1412 343 1476 389 ὅτε
1505 349 1548 388 ἐκ

320 403 419 452 Διος
458 402 586 444 υδατα
622 401 864 469 γιγνόμενά
879 405 958 444 ἐστι
991 407 1216 461 scripsisset.
1277 405 1418 442 Eadem
1449 406 1546 442 ratio

318 467 376 498 est
395 462 465 499 loci
490 462 589 502 Tim
612 474 651 511 p.
670 463 735 501 69.
760 461 810 497 C:
842 457 971 511 ὥσπερ
1003 459 1076 513 Ιᾶρ
1108 462 1183 500 οὐν
1212 459 1280 500 καὶ
1311 457 1401 500 κατ’
1423 457 1548 512 ἆρχᾶς

316 517 480 568 ἐλέχθη,
520 520 644 556 ταῦτα
681 513 858 563 ἅτοὶκτως
896 517 1031 568 ἔχοντα
1070 533 1090 557 o
1123 514 1220 563 ocos
1250 516 1293 556 ἒν
1324 515 1476 570 ἕκιίστῳ
1507 532 1547 556 τε

316 569 428 628 αὐτῷ
455 571 556 624 πρὸς
587 568 682 612 mito
705 573 771 611 καὶ
801 570 899 624 πρός
930 570 1091 642 ἅλληλαῒ
1108 574 1345 624 συμμετρίας
1364 573 1547 623 ἐνεποίη-

317 642 404 677 σεν,
445 626 540 676 όσας
576 644 626 669 τε
652 628 718 668 καὶ
748 625 827 679 όπη
860 627 1032 668 δυνατόν
1061 631 1114 680 ἥν
1145 626 1322 680 α’νοίλογα
1349 629 1416 668 καὶ
1446 626 1546 679 σύμ-

316 700 435 736 μετρα
466 682 580 724 εἶναι.
640 685 693 722 lbi
719 684 924 722 Lindavius
956 686 1106 734 quidem
1135 691 1236 723 certe
1266 685 1404 723 fallitur
1431 686 1547 722 verba

315 744 438 781 ταῦτα
478 737 658 788 ἀτάκτως
691 741 826 790 ἔχοντα
863 742 1052 789 iungenda
1088 754 1171 778 esse
1208 741 1332 778 verbis
1369 737 1547 793 οἷνάλογα

316 797 384 838 καὶ
404 793 606 848 σύμμετρα
635 794 736 836 εἶναι
759 798 990 845 existimans,
1013 797 1291 845 Engelhardtus
1311 810 1417 845 vero,
1440 802 1548 847 post-

316 867 428 904 quam
449 867 552 903 spec.
574 856 600 894 1.
624 867 661 903 p.
685 854 749 893 20.
781 854 1030 890 nominativos
1060 853 1257 890 absolutos
1288 866 1372 890 esse
1402 854 1545 899 docuit,

314 923 418 960 speC.
459 910 521 949 ΙΙΙ.
558 923 596 959 p.
631 908 694 948 14.
726 911 958 945 accusativos
1001 922 1085 946 esse
1118 909 1285 946 declarat
1318 923 1400 946 cum
1430 909 1545 945 verbo

314 968 501 1003 actionem
535 966 596 1002 dei
626 965 882 1013 significatum
920 966 1228 1013 coniungendos,
1258 978 1328 1014 pro
1356 979 1429 1014 quo
1459 966 1547 1001 bre-

311 1023 437 1058 vitatis
468 1022 595 1058 studio
625 1022 787 1071 scriptor
819 1021 919 1057 aliud
949 1021 1110 1058 inferens
1142 1022 1350 1058 orationcm
1370 1021 1546 1058 anacolu-

313 1078 404 1114 thon
441 1077 586 1114 fecerit·
654 1077 712 1114 An
752 1078 805 1113 ita
841 1077 1028 1113 sentiebat
1062 1078 1117 1113 vir
1155 1078 1414 1125 doctissimus,
1453 1077 1547 1113 scri-

312 1139 461 1184 ptorem
494 1134 728 1169 accusativos
755 1146 838 1169 esse
866 1133 1044 1180 voluisse,
1074 1133 1283 1169 orationem
1303 1138 1425 1169 autem
1456 1145 1546 1168 ana-

314 1189 490 1226 coluthon
532 1189 612 1226 fieri
657 1202 702 1225 eo
747 1188 891 1225 facilius
933 1201 1087 1238 passum
1136 1202 1241 1235 esse,
1287 1191 1388 1238 quod
1434 1189 1544 1226 etiam

313 1245 530 1282 nominativi
559 1245 722 1282 absoluti
753 1245 870 1281 videri
901 1243 1091 1293 possent?
1149 1245 1226 1280 Sed
1262 1246 1290 1281 si
1329 1245 1545 1281 nominativi

312 1300 473 1338 absoluti
498 1301 536 1337 in
562 1313 630 1336 usu
661 1304 793 1348 erant,
836 1312 900 1336 cur
942 1300 1063 1337 lector
1106 1301 1153 1336 de
1190 1300 1262 1337 alio
1301 1301 1426 1350 potius
1458 1313 1546 1337 casu

311 1369 434 1405 eoque
462 1355 736 1393 anocoluthiam
767 1356 950 1392 efficiente
977 1355 1190 1404 cogitaret?
1247 1355 1344 1392 Nam
1376 1357 1546 1393 nomina-

311 1413 375 1449 tivi
409 1412 558 1461 quidem
584 1412 656 1459 illi,
695 1424 939 1461 quaecunque
965 1412 1071 1460 origo
1107 1419 1143 1448 et
1172 1413 1291 1461 prima
1320 1413 1545 1461 significatio

311 1481 438 1504 eorum
467 1469 547 1515 fuit,
575 1473 677 1504 certe
695 1468 943 1505 anacoluthon
975 1480 1050 1504 non
1068 1469 1187 1517 magis
1211 1468 1410 1516 faciebant,
1433 1480 1545 1516 quam

310 1524 485 1572 genitivi,
512 1524 574 1572 qui
604 1523 765 1560 absoluti
795 1528 988 1560 vocantur.

283 1579 333 1619 13
359 1580 498 1616 addas:
521 1579 618 1616 Nam
645 1581 741 1616 inter
768 1576 812 1618 vo*
837 1580 987 1629 μίασμα
1016 1582 1052 1616 et
1077 1576 1367 1628 περιεληλυθός
1391 1579 1545 1615 interie-

309 1640 391 1672 ctae
422 1633 476 1682 ὥς
500 1635 703 1685 particulae
728 1637 780 1671 vis
812 1649 852 1672 ea
885 1641 964 1680 est,
995 1640 1034 1671 ut
1062 1635 1319 1683 praedicatum
1351 1649 1425 1671 non
1455 1648 1547 1672 con-

311 1692 420 1728 tineri
457 1692 679 1740 participio,
724 1692 790 1727 sed
826 1692 862 1727 in
896 1691 1138 1738 sequentibus
1177 1692 1431 1739 quaerendum
1462 1704 1546 1727 esse

313 1748 502 1792 videatur3
535 1759 630 1795 quae
661 1760 743 1783 cum
766 1748 948 1783 eiusmodi
975 1746 1063 1783 nihil
1088 1746 1300 1794 exhibeant,
1324 1743 1366 1785 τὰ
1397 1746 1547 1795 μίασμα

311 1804 561 1839 nominativus
591 1804 732 1852 pariter
769 1807 882 1851 atque
925 1815 1088 1851 sequens
1132 1803 1319 1852 participii
1359 1808 1547 1851 tamquam

310 1859 405 1895 alter
436 1858 592 1895 subiecti
624 1859 873 1894 nominativus
913 1859 1047 1894 nullam
1084 1859 1388 1907 consequentiam
1424 1858 1545 1895 habet.

311 1914 438 1951 Nihilo
468 1918 591 1950 tamen
622 1916 741 1965 minus
774 1920 930 1961 uterque
963 1927 1036 1951 non
1066 1915 1322 1961 accusativus,
1352 1919 1391 1950 ut
1420 1916 1547 1950 Astius

314 1970 483 2020 putabat,
517 1970 574 2006 cui
600 1976 638 2006 et
669 1966 723 2016 ὥς
745 1971 949 2019 particulae
972 1975 1009 2007 et
1031 1971 1145 2006 totius
1173 1970 1327 2006 membri
1351 1970 1546 2006 collocatio

313 2026 549 2073 adversatur,
579 2027 646 2062 sed
673 2027 921 2063 nominativus
951 2031 988 2063 et
1018 2030 1105 2074 post
1134 2024 1425 2075 περιεληλυθός
1452 2027 1547 2062 alte-

314 2095 394 2118 rum
417 2082 667 2133 participium,
696 2083 798 2131 quod
828 2083 1084 2132 praedicatum
1114 2083 1338 2129 contineret,
1364 2079 1549 2133 γιγνόμε-

315 2153 387 2177 νον
427 2138 486 2175 vel
523 2136 791 2189 ποιούμενον,
834 2138 1028 2174 brevitatis
1057 2137 1116 2172 vel
1146 2138 1407 2174 concinnitatis
1438 2151 1549 2174 causa

313 2194 492 2230 omissum
522 2195 680 2232 videtur.
740 2194 837 2229 Alibi
868 2195 1032 2230 additum
1064 2198 1120 2229 est
1155 2194 1336 2240 alterum,
1382 2200 1419 2230 ut
1450 2195 1549 2231 eius-

315 2250 400 2286 dem
428 2250 512 2286 libri
542 2250 647 2287 initio
677 2263 714 2298 p.
741 2251 836 2289 853.
863 2251 912 2286 Α;
943 2245 1040 2287 καθ’
1067 2249 1113 2287 ὲν
1147 2247 1310 2288 ἕκαστον
1339 2247 1549 2300 λεγόμενον

315 2304 458 2355 ῥηθὲν,
484 2302 536 2354 ’ἣν
558 2306 623 2343 δεῖ
645 2303 865 2356 λαμβάνειν
886 2300 985 2343 amo*
1016 2306 1292 2354 τιμωρίαν,-
1319 2302 1404 2353 μετ’
1435 2301 1547 2345 ἐκεῖν’

278 2389 283 2394 .
314 2357 415 2399 αυτοὶ
446 2360 538 2411 ἑξῆς
558 2364 681 2400 ταῦτα
711 2360 864 2411 οητέον.
897 2361 1030 2409 quibus
1056 2361 1179 2397 verbis
1210 2377 1255 2399 τα
1282 2361 1442 2413 μέγιστα
1472 2363 1548 2398 sin-

313 2417 465 2464 gulatim
496 2418 532 2453 in
564 2418 857 2467 disputationem
884 2417 1052 2453 vocanda
1083 2421 1223 2454 etcum
1252 2418 1549 2454 demonstratum

278 2495 281 2497 -
313 2472 436 2519 fuerit,
467 2485 541 2521 qua
569 2486 690 2522 poena
720 2475 793 2509 sint
822 2473 1037 2521 afficienda,
1067 2478 1156 2522 post
1180 2473 1242 2509 illa
1271 2475 1317 2510 de
1346 2475 1549 2510 minoribus

311 2528 426 2564 verba
448 2529 621 2565 facienda
640 2530 910 2577 significantur.

289 2584 313 2621 9
345 2597 366 2620 a
396 2585 422 2622 s.
452 2589 538 2634 poet
569 2584 720 2634 οἱπερὶ
747 2587 909 2621 inseras:
950 2583 1034 2623 Par,
1067 2583 1111 2624 A,
1144 2583 1215 2623 Dii.

39 2638 289 2689 Pag.275‚a‚
314 2640 410 2676 inter
439 2653 474 2677 v,
507 2642 531 2679 8
555 2645 593 2677 et
623 2643 647 2679 9
677 2642 843 2677 inseras:
871 2642 1097 2690 σκοπῶμεν)
1125 2644 1340 2691 σκοποῖμεν
1367 2653 1387 2676 a
1418 2653 1464 2676 m.
1493 2653 1549 2688 pr.

319 2696 404 2733 Par.
437 2696 479 2734 A.
514 2695 585 2734 Dii.

318 2752 372 2791 20
400 2752 533 2788 addas:
572 2753 676 2789 cuius
707 2751 820 2786 verba
860 2751 996 2787 rectius
1037 2751 1178 2802 scripta
1213 2751 1360 2789 exhibet
1394 2751 1547 2787 Bekke-

343 2820 405 2844 rus
435 2808 580 2845 Comm.
609 2809 691 2846 erit.
723 2806 773 2844 T.
797 2806 842 2846 ΙΙ,
871 2821 908 2857 p.
933 2804 1030 2846 314.
