1764 3176
285 111 498 139 xxxxvm
728 95 1255 140 PRAEFATIO

286 224 375 256 quae
397 217 449 247 est
467 213 643 256 Diapason
668 224 744 248 cum
767 213 982 249 semiditono.
1043 214 1174 248 Horum
1205 213 1310 257 igitur
1332 212 1474 246 duorum
1495 210 1673 246 modorum

286 275 325 303 ut
346 271 492 303 violenta
509 271 598 304 inter
617 273 710 313 ipsos
728 271 939 304 dissonantia
958 272 1212 312 consideretur,
1244 270 1469 303 ascendamus
1483 270 1591 312 primo
1613 279 1674 311 per

286 327 465 369 septimam
487 337 529 359 ex
553 328 586 359 Γ
601 327 635 360 in
656 327 777 369 Ffaut‚
806 333 926 370 postea
950 338 993 360 ex
1028 327 1094 361 hoc
1126 329 1202 361 loco
1223 338 1284 370 per
1304 326 1471 359 decimam
1504 325 1673 359 ascenda-

282 393 356 416 mus
369 393 475 425 usque
485 383 529 415 ad
539 386 745 417 excellentes
758 384 791 417 in
805 385 979 417 aalamire.
999 380 1053 428 (id
1066 388 1118 417 est
1131 385 1174 417 ad
1189 395 1207 416 a
1220 384 1325 416 semel
1343 387 1482 416 notatae
1498 378 1674 427 octavae.)

283 440 392 472 Simul
411 440 513 481 igitur
533 442 733 474 sonantibus
754 439 872 474 horum
892 441 993 474 trium
1016 441 1168 474 locorum
1187 441 1336 484 vocibus,
1369 440 1545 472 audiemus
1565 438 1675 471 dirum

282 497 467 537 ululatum,
498 497 565 529 imo
601 499 767 530 clamores
802 496 1024 539 Lapitharum
1054 502 1088 530 et
1126 498 1397 537 Centaurorum,
1428 495 1516 528 inter
1548 505 1586 527 se
1606 494 1675 527 dis-

281 563 366 586 sono
380 577 390 593 ,
419 553 512 585 vario
533 558 568 586 et
588 554 730 587 deformi
750 554 864 595 rugitu
897 558 1083 586 certantes.
1141 554 1238 586 Haec
1259 557 1354 585 tanta
1374 552 1584 585 dissonantia
1608 561 1676 583 non

281 613 415 642 tantum
435 610 454 642 a
476 610 617 644 Musicis
648 611 708 644 sed
727 611 831 643 etiam
853 610 896 642 ab
916 610 1070 643 omnibus
1102 611 1300 643 cantoribus
1318 610 1408 642 male
1426 608 1541 649 audit,
1571 607 1677 640 distat

282 667 373 699 enim
403 666 423 698 a
456 667 489 698 Γ
523 667 654 700 decima
682 671 791 700 sexta.
850 667 1040 708 Diligenter
1065 667 1168 709 igitur
1194 666 1450 707 consideretur,
1493 664 1555 697 lias
1592 664 1676 696 duas

283 723 511 756 dissonantias
543 734 611 757 non
634 724 831 766 simpliciter
860 733 975 766 perse
1003 734 1077 756 esse
1106 724 1279 756 dissonas:
1311 723 1372 755 sed
1394 723 1496 755 etiam
1516 721 1605 753 inter
1625 730 1675 761 se,

283 784 446 821 tanquam
470 779 536 813 duo
561 782 708 823 pessima
739 781 827 813 mala
857 780 1029 812 contraria
1050 781 1216 813 acerrime
1237 790 1412 822 pugnare:
1444 789 1510 820 qua
1529 777 1677 810 maxima

283 847 410 879 pugna,
440 837 584 879 strepitu
604 842 637 870 et
655 838 812 877 tumultu,
842 847 959 869 omnes
980 836 1085 868 totius
1104 838 1218 869 scalae
1243 846 1317 868 cum
1338 836 1561 868 Diatessaron
1585 834 1676 877 opti-

283 903 360 926 mae
376 892 574 926 liarmoniae
598 905 665 926 non
686 893 787 926 modo
807 904 874 925 non
896 893 1090 934 audiuntur,
1120 893 1180 925 sed
1199 903 1336 935 prorsus
1357 893 1546 924 obruuntur
1567 894 1601 923 et
1625 891 1677 922 in·

283 954 431 983 tereunt.
491 951 567 990 Ita,
600 952 649 983 ait
670 951 771 984 Plato
805 960 943 992 prorsus
962 950 1034 982 fieri
1062 950 1094 981 in
1115 949 1244 992 optima
1264 949 1399 991 Repub.
1423 958 1510 990 quae
1530 947 1676 979 naturali

284 1006 388 1039 modo
409 1006 559 1048 perfecte
578 1007 764 1039 secundum
784 1007 969 1038 ternarium
992 1016 1068 1038 cum
1086 1012 1188 1038 aucta
1206 1009 1279 1046 est,
1307 1004 1436 1048 profert
1454 1004 1516 1036 sibi
1538 1007 1677 1036 contra-

285 1065 356 1096 ria:
388 1073 475 1104 quae
495 1064 582 1095 inter
599 1075 635 1096 se
657 1063 841 1106 pugnantia
870 1062 1129 1104 violentissime,
1159 1062 1289 1094 faciunt
1324 1061 1536 1093 turbationes
1565 1063 1600 1092 et
1621 1063 1675 1092 to-

286 1121 373 1153 tales
393 1121 599 1152 mutationes
625 1121 739 1162 legum
775 1124 809 1152 et
836 1120 1066 1162 imperiorum.
1127 1119 1211 1152 Cum
1234 1122 1348 1150 autem
1369 1117 1402 1150 hi
1426 1117 1556 1150 numeri
1578 1111 1623 1149 64
1642 1119 1678 1149 et

285 1176 331 1209 27
348 1176 525 1219 proferunt
548 1188 606 1209 eas
628 1177 857 1210 dissonantias
871 1202 881 1217 ‚
912 1176 1178 1218 multiplicantur
1198 1175 1296 1208 simul
1321 1175 1410 1207 inter
1433 1185 1470 1206 se
1491 1183 1678 1216 procrean-

287 1236 338 1265 tes
358 1243 534 1266 numerum
556 1244 741 1275 annorum,
772 1243 838 1275 quo
868 1234 934 1266 ista
960 1233 1137 1265 contraria
1170 1231 1357 1265 evertentia
1384 1231 1478 1272 leges
1509 1234 1543 1263 et
1567 1233 1678 1262 status

286 1289 499 1332 Rerumpub.
536 1291 707 1333 existunt,
740 1300 862 1332 nempe
880 1288 967 1322 1728
997 1299 1117 1321 annos..
1175 1289 1307 1322 Horum
1325 1291 1457 1330 partem
1476 1287 1678 1328 subtriplam

284 1347 637 1389 supertripartientem
657 1351 796 1380 octavas
817 1344 871 1390 (id
892 1350 945 1379 est
965 1356 1040 1378 eum
1061 1356 1249 1387 numerum,
1281 1345 1336 1387 qui
1354 1343 1497 1377 eandem
1524 1343 1567 1376 ad
1589 1342 1677 1375 1728

285 1404 454 1436 rationem
484 1402 607 1445 habet,
637 1414 736 1446 quam
768 1403 871 1436 habet
891 1403 910 1436 8
928 1403 972 1435 ad
990 1400 1054 1445 27)
1073 1403 1225 1435 tribuunt
1243 1401 1485 1434 mutationibus
1504 1399 1676 1442 principa-

285 1463 398 1500 tuum,
429 1470 551 1502 nempe
569 1461 636 1493 512
656 1471 761 1493 annos
775 1485 785 1501 ,
817 1460 938 1492 cubum
973 1470 1014 1491 ex
1035 1463 1113 1492 octo
1127 1483 1137 1500 ‚
1165 1459 1209 1491 ad
1227 1469 1315 1500 quae
1338 1457 1381 1490 12
1401 1456 1527 1490 liabent
1546 1455 1677 1498 sesqui-

286 1517 429 1549 alteram
460 1518 647 1557 rationem3
679 1516 743 1550 hoc
763 1520 838 1557 est,
871 1516 913 1548 12
935 1514 1062 1549 habent
1082 1526 1118 1548 se
1144 1515 1186 1548 ad
1212 1516 1253 1555 8,
1284 1519 1321 1547 ut
1339 1513 1361 1547 3
1382 1513 1424 1546 ad
1443 1513 1489 1554 2,
1516 1522 1604 1554 quae
1626 1515 1680 1544 est

287 1573 376 1606 ratio
397 1573 496 1605 vividi
526 1578 560 1606 et
591 1574 769 1616 gestientis
797 1574 976 1615 Diapente.
1035 1573 1155 1604 Status
1178 1572 1281 1613 igitur
1299 1575 1334 1604 et
1353 1571 1447 1612 leges
1468 1570 1680 1602 constituunt

288 1640 366 1662 cum
385 1629 592 1672 principibus
619 1629 708 1663 hanc
729 1628 975 1662 exhilarantem
1004 1629 1205 1661 suavitatem
1223 1629 1413 1670 Diapente,
1443 1626 1522 1659 dum
1553 1624 1681 1667 princi-

288 1696 350 1729 pes
380 1690 516 1719 manent
544 1687 713 1729 simplices
735 1685 891 1726 numeri,
923 1684 987 1718 hoc
1008 1689 1079 1724 est,
1109 1685 1254 1717 subiecti
1279 1684 1430 1726 legibus,
1462 1686 1499 1715 ut
1529 1681 1680 1715 binarius

289 1743 403 1775 multis
433 1744 542 1776 modis
560 1747 612 1775 est
632 1743 804 1775 subiectus
827 1742 987 1775 ternario.
1047 1742 1134 1775 Cum
1153 1741 1233 1774 vero
1263 1742 1347 1773 fiunt
1380 1739 1500 1780 solidi,
1529 1738 1595 1771 hoc
1615 1742 1680 1779 est,

289 1799 503 1841 negligentes
530 1800 662 1841 legum,
703 1802 1027 1840 contemptoresque
1058 1798 1166 1831 omnis
1197 1797 1416 1839 disciplinae,
1458 1806 1520 1828 sua
1547 1798 1682 1827 tantum

291 1861 497 1898 quaerentes
521 1860 555 1888 et
574 1859 762 1897 augentes,
793 1865 860 1888 non
896 1858 1023 1887 statum
1051 1855 1241 1897 publicum,
1278 1853 1417 1885 turbant
1431 1851 1520 1884 lianc
1540 1851 1682 1883 concin-

291 1923 371 1946 nam
394 1917 428 1945 et
449 1913 611 1945 vivificam
636 1912 806 1954 Diapente
836 1910 1069 1951 harmoniam,
1100 1921 1166 1952 qua
1198 1910 1393 1942 turbatione
1417 1909 1481 1940 sibi
1506 1908 1680 1940 interitum

292 1973 474 2002 accersunt
493 1969 604 2009 ultro,
634 1969 723 2001 sicut
739 1968 934 2001 octonarius
958 1972 1220 2010 repraesentans
1236 1966 1425 2009 principes,
1458 1964 1536 1997 dum
1555 1965 1682 1997 nullum

292 2026 394 2059 alium
424 2036 621 2066 numerum,
652 2025 716 2058 nisi
752 2035 789 2058 se
814 2028 867 2057 ter
897 2029 1020 2066 auget,
1060 2027 1221 2066 procreat
1250 2033 1327 2055 eum
1353 2031 1551 2062 numerum,
1583 2031 1682 2063 quem

290 2082 394 2116 Plato
423 2083 600 2115 constituit
629 2092 821 2115 eversorem
851 2081 1113 2123 principatuum.
1192 2080 1308 2112 Habet
1335 2082 1449 2111 autem
1479 2077 1566 2110 haec
1594 2077 1682 2110 ratio

292 2139 473 2172 celeriores
494 2139 712 2179 mutationes,
742 2139 841 2180 quam
860 2138 949 2170 ratio
968 2137 1184 2179 sesquitertia
1213 2137 1338 2178 legum,
1369 2142 1406 2167 ut
1426 2133 1583 2167 convenit
1599 2133 1682 2166 Dia-

292 2200 416 2239 pente,
449 2196 539 2238 quod
567 2195 797 2229 vehementius
815 2194 920 2227 fertur
943 2198 977 2227 et
998 2198 1050 2226 cst
1072 2193 1274 2234 excitatius,
1308 2202 1410 2234 quam
1439 2179 1681 2224 Diatessaron:

293 2253 384 2295 quod
405 2254 469 2285 etsi
491 2257 542 2285 est
562 2253 792 2292 dulcisonans,
822 2255 935 2284 tamen
953 2251 1126 2292 aliquanto
1148 2248 1334 2289 remissius,
1365 2253 1398 2281 et
1412 2247 1604 2289 languidius
1624 2257 1684 2279 so·-

290 2313 361 2343 nat.
421 2310 516 2342 Talis
548 2314 600 2342 est
628 2313 737 2342 status
766 2310 878 2350 legum
899 2312 933 2340 et
955 2307 1101 2350 Reipub.
1128 2307 1156 2339 si
1176 2317 1244 2339 non
1265 2305 1411 2338 accedat
1431 2303 1587 2336 heroicus
1607 2302 1683 2345 qui-

291 2366 371 2399 dam
390 2367 483 2398 zelus
512 2367 753 2408 magistratus,
785 2365 840 2407 qui
862 2368 912 2397 est
930 2365 1003 2397 viva
1024 2374 1088 2396 vox
1109 2363 1241 2405 legum,
1273 2361 1484 2394 constituens
1515 2370 1591 2393 cum
1618 2359 1684 2392 illis

291 2423 455 2456 vivificam
476 2423 646 2466 Diapente
666 2421 895 2461 harmoniam,
929 2421 976 2453 ita
1015 2424 1053 2452 ut
1081 2419 1146 2452 lioc
1167 2419 1268 2452 modo
1289 2429 1331 2451 ex
1352 2418 1524 2460 Diapente
1544 2420 1579 2449 et
1598 2416 1683 2448 Dia-

291 2484 449 2513 tessaron
470 2480 698 2512 constituatur
722 2489 788 2512 una
815 2476 983 2520 quaedam
1017 2481 1052 2510 et
1083 2475 1330 2519 perfectissima
1364 2478 1399 2507 et
1432 2473 1683 2507 absolutissima

292 2535 497 2576 harmonia,
528 2547 646 2569 omnes
673 2537 756 2568 alias
785 2535 1037 2577 complectens,
1077 2543 1200 2575 nempe
1229 2532 1463 2565 suavissimum
1494 2530 1683 2572 Diapason,

293 2593 403 2627 omnis
425 2592 658 2625 dissonantiae
680 2603 814 2634 expers.
872 2591 1035 2633 Superior
1065 2590 1146 2622 vero
1165 2599 1323 2622 numerus
1346 2588 1514 2621 invenitur
1536 2595 1683 2628 quoque,

293 2651 322 2684 si
341 2659 501 2683 numerus
522 2646 590 2681 τοῦ
613 2645 805 2690 πυθμένος
829 2658 890 2681 seu
917 2647 1183 2689 diagrammatos
1205 2646 1265 2678 fiat
1286 2645 1435 2684 solidus,
1465 2642 1532 2676 hoc
1552 2645 1626 2683 est,
1654 2641 1683 2674 si

298 2706 342 2741 12
361 2716 449 2750 quae
476 2710 657 2739 numerant
683 2716 798 2740 aream
828 2704 949 2748 prioris
978 2702 1226 2749 quadranguli,
1267 2702 1385 2736 cubice
1406 2699 1682 2743 multiplicentur.
