1764 3176
97 97 151 137 62

730 97 876 135 Volum.
905 96 971 138 ΙΙῘ,

683 285 906 319 Volum.
941 284 1024 318 111.

156 377 279 414 Praef.
312 376 354 416 P.
386 373 544 412 ΧΧΧΙΙ.
576 386 610 413 ν.
642 373 668 412 4
691 387 712 410 a
743 374 768 410 s.
802 375 944 412 scribas
974 372 1215 414 ἰσοσκελὲσιν
1244 387 1313 424 pro
1348 374 1598 415 ι’σοσκέλεσιν-

104 2554 184 2603 Pag

321 433 412 481 Pag.
444 430 634 468 LXXXX.
664 431 711 469 11
743 437 830 480 post
861 432 964 468 dicit.
1006 432 1145 468 addas:
1173 432 1227 467 Ac
1257 431 1601 481 multiplicationem

377 500 527 537 quoque
558 487 689 522 eodem
719 487 833 522 verbo
864 488 1065 535 significari
1097 487 1268 536 potuisse
1297 500 1379 523 cum
1416 501 1476 524 res
1504 489 1601 537 ipsa,

377 549 454 580 tum
483 546 642 578 duorum
671 541 854 579 Macrobii
890 543 1056 579 locorum
1083 543 1312 592 comparatio
1343 544 1468 583 docet,
1527 544 1601 586 Qui

377 612 459 636 cum
487 599 529 635 In
559 610 678 638 somn.
708 598 809 648 Scip.
833 597 878 634 L.
902 598 929 634 1.
952 611 1033 648 cap,
1061 600 1098 637 6.
1129 612 1153 648 p
1187 600 1251 638 28.
1283 600 1342 638 ed.
1371 598 1494 648 Lugd.
1515 599 1600 636 Bat.

376 655 614 704 scripsisset:
654 653 828 690 coeant
860 656 950 690 enim
983 656 1142 701 numeri,
1172 668 1248 691 mas
1279 656 1357 702 ille,
1388 658 1451 704 qui
1474 668 1602 691 memo-

378 715 502 758 ratur,
533 713 565 745 et
586 709 743 758 femina,
775 714 852 746 octo
873 710 1009 746 scilicet
1041 714 1074 745 et
1098 711 1237 758 viginti
1263 715 1417 760 septem:
1443 713 1601 760 pariunt

379 779 424 802 ex
452 779 487 802 se
519 767 672 816 quinque
703 770 735 801 et
769 767 943 815 triginta.
986 779 1061 802 non
1090 766 1142 801 ita
1170 766 1285 803 multo
1317 771 1405 816 post
1435 779 1466 803 c.
1496 769 1535 807 7.
1564 780 1601 816 p.

378 824 443 862 41,
471 822 596 871 posuit
625 822 735 858 haec:
765 834 843 858 cum
871 834 954 858 vero
986 821 1107 869 decas,
1140 823 1201 871 qui
1225 826 1256 857 et
1282 824 1356 872 ipse
1376 822 1603 871 perfectissi-

376 891 453 915 mus
481 890 649 913 numeras
685 881 752 924 est,
775 876 936 926 perfecto
967 890 1127 925 numero,
1156 877 1196 912 id
1222 881 1274 913 est
1304 878 1468 927 heptadi,
1496 880 1603 914 iun-

379 936 540 983 gitur,
566 937 605 969 ut
636 936 704 969 αιιΐ
733 933 848 969 decies
877 935 1016 983 septeni
1040 937 1106 969 aut
1127 935 1255 982 septies
1286 933 1371 969 deni
1398 938 1604 983 computen-

377 995 441 1026 tur
473 990 578 1035 anni,
609 989 696 1025 haec
727 1002 750 1025 a
779 988 939 1039 physicis
970 989 1136 1025 creditur
1165 993 1260 1025 meta
1289 989 1445 1036 vivendi,
1475 994 1508 1025 et
1538 989 1602 1026 leoc

375 1048 474 1081 vitae
505 1045 687 1081 humanae
718 1044 917 1094 peffectmn
945 1047 1104 1094 spatium
1134 1047 1366 1081 terminatur.

325 1101 415 1151 Pag.
445 1099 709 1137 LXXXXHII.
741 1102 788 1136 ad
819 1113 884 1147 ea,
914 1113 1010 1149 quae
1037 1113 1069 1138 v,
1093 1102 1231 1140 8—17
1255 1101 1301 1137 de
1328 1100 1401 1137 diei
1426 1101 1463 1136 in
1491 1099 1603 1137 horas

378 1163 415 1194 et
446 1156 619 1193 horarum
655 1157 690 1192 in
728 1156 930 1206 particulas
966 1157 1149 1192 divisione
1181 1157 1279 1193 dicta
1318 1161 1426 1204 sunt,
1466 1157 1602 1193 addas:

379 1213 464 1250 Diei
495 1213 529 1248 in
561 1212 761 1248 duodecim
787 1218 916 1260 partes
949 1213 1168 1249 divisionem
1198 1225 1271 1248 non
1309 1212 1427 1249 solum
1456 1212 1603 1248 Platoni

376 1274 513 1312 notam,
544 1269 609 1304 sed
644 1269 754 1304 etiam
785 1268 862 1304 eius
887 1273 1011 1305 aetate
1042 1269 1142 1317 apud
1164 1268 1331 1305 Graecos
1363 1269 1536 1304 usitatam
1568 1272 1605 1304 et

380 1325 502 1361 notari
534 1323 681 1360 solitam
710 1324 825 1360 fuisse
858 1323 994 1373 colligo
1020 1336 1064 1361 ex
1084 1323 1167 1361 loco
1190 1322 1286 1372 Leg.
1305 1323 1351 1361 L.
1374 1323 1436 1362 VI.
1454 1338 1490 1373 p.
1508 1323 1604 1364 784.

377 1382 423 1416 A.
450 1380 509 1416 ubi
539 1379 711 1416 mulieres
743 1380 925 1428 quaedam
956 1381 1128 1416 dicuntur
1156 1377 1255 1429 πρός
1283 1378 1326 1419 vd
1361 1382 1433 1430 τῆς
1468 1380 1604 1418 Elta-
1633 1412 1637 1416 .

378 1436 503 1482 θυίας
534 1434 644 1485 ἱερὸν
673 1432 840 1485 ἑκάστης
867 1434 1016 1486 ’ἡμέρας
1041 1433 1314 1487 ξυλλεγόμεναι
1341 1435 1451 1486 μέχρι
1471 1437 1604 1487 τρίτου

381 1491 525 1543 μέρους
553 1489 671 1543 ὥρας.
731 1492 838 1535 Quae
869 1493 983 1528 verba
1013 1492 1059 1528 ab
1090 1492 1171 1528 aliis
1202 1492 1309 1529 aliter
1338 1492 1525 1529 intellecta
1549 1493 1605 1529 sic

378 1552 629 1598 interpretor⁷
666 1552 705 1584 ut
743 1547 899 1596 singulis
930 1549 1084 1590 diebus,
1122 1548 1258 1597 quibus
1295 1561 1502 1585 convocare
1540 1561 1604 1585 eas

380 1605 562 1655 placuerit
586 1605 892 1652 magistratibus,
933 1606 1012 1641 eius
1045 1604 1118 1640 diei
1151 1605 1352 1654 temporis„
1389 1605 1492 1653 quod
1522 1598 1605 1655 ὥρα

378 1665 560 1707 vocatur‚
599 1673 717 1710 usque
752 1661 799 1696 ad
840 1661 988 1697 tertiam
1020 1664 1163 1710 partem
1194 1662 1394 1697 convenire
1421 1661 1499 1697 sive
1528 1674 1604 1697 non

380 1717 475 1752 ultra
514 1717 661 1753 tertiam
702 1716 778 1752 eius
815 1721 959 1767 partem
995 1717 1031 1752 in
1071 1720 1258 1753 conventu
1296 1729 1379 1753 esse
1416 1717 1603 1754 dicantur.

379 1773 489 1821 Apud
518 1772 806 1820 Xenophontem
835 1772 991 1809 Memor.
1020 1771 1064 1810 L.
1092 1772 1170 1809 1111.
1202 1785 1235 1811 c.
1267 1773 1308 1819 3,
1339 1771 1364 1811 4
1393 1773 1447 1808 sol
1478 1772 1605 1822 perhi-

380 1828 490 1864 betur
518 1825 586 1873 τὰς
617 1824 723 1878 ὥρας
752 1830 822 1877 τῆς
848 1826 998 1878 ἡμέρας
1026 1826 1124 1878 ’ἡμῖν
1160 1829 1404 1878 σαφηνίζειν,
1433 1829 1535 1877 quod
1555 1829 1604 1866 ad

380 1888 556 1932 quattuor
588 1888 761 1933 tempora
794 1885 866 1920 diei
905 1885 1141 1921 referendum
1171 1896 1253 1921 esse
1289 1886 1326 1921 in
1358 1883 1605 1921 Animadver-

377 1940 542 1976 sionibus
582 1953 618 1988 p.
662 1940 754 1978 175.
791 1940 918 1976 docuit
954 1939 1260 1988 Hindenburgius
1304 1940 1604 1989 approbavitque

377 1995 525 2031 Idelero
552 1994 783 2042 (Handbuch
808 1996 877 2032 der
897 1996 1228 2032 mathematischen
1259 1997 1335 2032 und
1361 1996 1601 2033 technischen

380 2051 634 2100 Chronologie
666 2051 715 2090 T.
740 2051 769 2088 l.
799 2065 834 2101 p.
854 2050 1052 2101 238.sq.),
1085 2051 1189 2088 Talis
1219 2052 1332 2100 igitur
1361 2048 1467 2100 ὥρας
1495 2053 1604 2090 tertia

381 2120 466 2158 pars
498 2107 719 2144 duodecima
749 2112 831 2144 erat
858 2109 944 2144 diei.
987 2108 1064 2144 Sed
1091 2107 1138 2143 ad
1168 2109 1286 2157 ipsam
1318 2108 1602 2156 significandam

382 2177 454 2200 non
488 2163 699 2199 sufficiebat
737 2158 843 2212 ὥρας
873 2176 1021 2204 nomen,
1080 2163 1213 2211 Itaque
1250 2159 1416 2215 ἑκάστης
1452 2162 1602 2215 ἡμέρας

378 2219 486 2255 simul
517 2220 563 2255 ad
591 2215 695 2269 ὥρας
720 2220 961 2256 referendum
991 2220 1149 2255 videtur.

188 2302 196 2311 .
232 2276 273 2322 l,
304 2275 347 2323 b,
379 2276 433 2315 20
460 2280 547 2324 post
578 2288 694 2312 onmes
724 2276 859 2313 addas:
890 2280 927 2313 et
955 2276 1040 2312 Par.
1072 2276 1115 2312 A.
1146 2274 1220 2311 Dii.

190 2365 196 2370 ,
228 2332 274 2378 2,
302 2331 344 2377 b,
376 2331 473 2367 inter
504 2344 536 2368 v.
566 2333 615 2370 11
649 2336 685 2367 et
718 2333 770 2371 10
800 2345 820 2367 a
850 2332 876 2372 f,
905 2332 1070 2369 inseras:
1103 2331 1134 2367 C
1161 2329 1415 2382 δεχομένους)
1446 2353 1498 2359 —
1527 2346 1601 2370 νου

381 2399 403 2423 a
430 2400 478 2422 m.
504 2399 561 2435 pr.
588 2386 674 2427 Par,
705 2388 747 2424 A.
780 2387 854 2427 Dii,

379 2456 463 2492 pen,
504 2447 591 2491 post
632 2439 717 2482 αὐτ.
754 2445 918 2480 inseras:
948 2442 1034 2479 Par.
1065 2443 1109 2480 A.
1140 2442 1214 2481 Dii.
1247 2443 1335 2479 item
1366 2456 1404 2494 p.
1433 2443 1472 2489 5,
1503 2444 1543 2491 6,
1573 2443 1599 2482 3

408 2502 494 2546 post
517 2495 626 2548 δεῦρ’
661 2504 696 2536 et
728 2501 752 2539 8
783 2512 804 2535 a
833 2499 857 2535 f.
886 2503 974 2548 post
1004 2494 1179 2537 οἷκούσει.

189 2582 195 2589 .
227 2556 274 2601 6,
305 2565 345 2600 a,
378 2554 440 2592 ult.
473 2558 561 2602 post
591 2556 781 2605 confirmat
810 2556 948 2592 addas:
979 2567 1164 2604 quamque
1190 2554 1344 2591 Procius
1365 2555 1535 2603 agnoscit
1563 2554 1599 2591 in

379 2610 470 2649 Tim.
502 2622 540 2658 p.
569 2610 666 2657 325,
695 2611 761 2650 49.

106 2665 197 2715 Pag.
230 2668 275 2712 9,
303 2678 345 2713 a,
381 2667 404 2704 6
433 2678 465 2704 a.
491 2665 516 2703 f.
541 2671 628 2714 post
648 2680 670 2701 α
688 2679 731 2704 m,
747 2680 805 2716 pr.
824 2666 987 2703 inseras:
1017 2668 1084 2703 sed
1101 2672 1295 2703 correctus
1312 2665 1357 2703 ab
1375 2666 1508 2702 eadem
1525 2664 1599 2703 Dii.

301 2721 346 2769 b,
374 2727 463 2771 post
493 2721 561 2760 ult.
590 2722 727 2758 addas:
755 2722 987 2772 πολιτείαις)
1010 2743 1056 2749 -
1085 2738 1120 2768 ις
1141 2723 1176 2758 in
1203 2723 1313 2759 litura
1345 2721 1431 2758 Par·
1461 2722 1504 2758 Α.
1528 2720 1599 2760 Dii.

105 2777 197 2826 Pag.
217 2778 281 2825 10,
309 2790 344 2826 a,
374 2778 470 2815 inter
499 2790 532 2813 v.
566 2777 587 2815 1
623 2781 661 2814 et
687 2779 708 2818 2
740 2779 903 2815 inseras:
936 2778 1036 2826 τοῖς)
1063 2780 1147 2825 ταῖς
1176 2790 1197 2814 a
1223 2791 1342 2828 1n‚pr.
1360 2777 1445 2817 Par.
1463 2776 1507 2813 A.
1525 2775 1599 2813 Dii.
