1764 3176
629 141 723 193 Pag.
755 139 1003 184 216—-241.
1515 139 1570 184 79

351 257 375 296 5
416 268 437 293 3
479 257 502 293 f.
539 259 628 305 post
662 252 989 306 ξυλλεγομὲνοις.)
1031 254 1193 291 inseras:
1235 253 1316 291 Par.
1357 252 1399 294 A.
1436 253 1507 292 Dii.
1548 270 1569 295 0

345 313 451 364 prius
479 313 576 349 inter
606 323 736 349 versus
765 311 889 351 habet.

291 369 326 418 b,
349 371 372 409 5
398 369 562 406 inseras:
595 367 804 405 particulae
829 367 953 405 littera
978 366 1082 416 prior
1112 366 1147 403 in
1177 364 1262 403 Par.
1282 364 1327 404 A.
1355 365 1427 403 Dii.
1458 366 1493 403 in
1526 367 1570 403 li-

349 429 431 463 tura
459 425 583 474 posita
609 428 647 461 et
677 437 791 475 super
816 436 859 461 ea
886 439 906 462 τ
934 435 956 460 3
979 436 1026 464 m.
1052 426 1125 461 vet.
1152 423 1290 474 scripta
1317 427 1384 461 est.

73 482 162 532 Pag.
178 480 271 531 234,
289 481 323 532 3,
346 483 371 521 7
400 495 422 519 a
450 481 474 521 f.
515 484 602 531 post
639 478 776 531 πόλιν)
814 481 975 518 inseras:
1015 501 1070 508 —
1097 482 1134 520 λι
1158 500 1213 508 »—
1247 480 1284 516 in
1323 479 1451 528 litura,
1482 483 1568 518 ante

345 538 491 574 lituram
521 558 566 564 —
598 539 654 576 λλ.
690 559 736 565 —-
772 537 855 577 Par.
880 537 923 573 A.
943 535 1016 573 Dii.

348 595 373 634 6
405 606 426 631 3
447 594 473 633 f.
500 598 588 643 post
615 595 732 633 τοῦτο
761 594 926 630 inseras:
947 592 1032 630 Par.
1061 592 1105 629 A.
1134 591 1208 631 Dii.

286 649 322 698 b,
346 652 371 690 8
402 650 539 687 addas:
567 650 781 687 Secundum
813 649 1028 686 Diibnerum
1064 649 1100 685 in
1131 648 1215 689 Par.
1251 647 1293 686 A.
1319 650 1447 687 ποιῶν
1476 662 1496 685 a
1522 663 1569 690 m.

345 719 403 757 pr.
431 711 468 744 et
494 719 607 756 super
628 721 686 745 ων
711 706 849 755 aliquid
875 718 1045 754 erasum,
1079 708 1154 745 οὖν
1179 717 1311 743 recens
1337 705 1475 742 factum
1500 711 1568 744 est.

349 764 401 804 22
427 768 514 814 post
544 761 703 831 φθείρει
732 763 873 800 addas:
903 761 988 799 Par.
1019 761 1064 802 A
1090 761 1162 798 Dii.
1188 774 1209 798 a
1235 773 1285 798 m.
1316 775 1372 812 pr.

70 817 160 867 Pag
175 819 268 866 235,
290 818 325 864 b,
350 818 400 859 14
430 823 516 869 post
547 814 667 865 av'w'3
693 815 891 868 Ἀκούων)
920 819 1082 856 inseras:
1121 814 1219 858 αὐτο
1257 813 1440 858 ἄκου’ωνῑ
1484 818 1569 854 Pau.

348 876 391 914 A.
412 875 486 913 Dii.

346 934 395 974 12
424 945 445 969 a
473 932 496 974 f,
527 937 618 983 post
646 946 708 974 om.
731 936 768 970 et
788 933 813 972 8
834 944 855 969 3
881 931 905 970 f.
929 935 1016 983 post
1038 930 1413 985 τραγῳδιοποιων)
1405 944 1569 970 inseras:

349 988 432 1028 Par.
462 990 506 1026 A.
537 989 611 1027 Dii.

72 1045 271 1096 Pag.237‚
292 1058 326 1094 a,
349 1046 374 1085 8
404 1058 426 1082 a
455 1046 481 1083 f.
513 1044 597 1082 Non
631 1047 759 1082 miram
790 1047 826 1082 et
856 1057 938 1093 sqq.
966 1057 1083 1094 usque
1114 1045 1158 1081 ad
1191 1045 1361 1084 ostendii.
1392 1043 1546 1083 dele-as(

291 1102 328 1150 b,
352 1099 404 1141 14
431 1114 453 1138 a
483 1101 506 1138 f.
534 1106 623 1152 post
652 1097 847 1153 δακρύσαι
871 1101 1032 1138 inseras:
1063 1100 1150 1141 Par.
1186 1102 1229 1142 A.
1262 1100 1335 1142 Dii.

347 1158 372 1198 5
406 1170 427 1194 a
467 1158 492 1197 f.
529 1163 626 1208 post*
648 1158 714 1198 καὶ
756 1158 918 1211 χαῖρον)
952 1158 1114 1195 inseras:
1153 1180 1205 1185 —
1239 1173 1259 1198 ο
1296 1181 1349 1186 -
1389 1159 1424 1195 in
1464 1158 1571 1195 litura

350 1214 435 1252 Par.
463 1214 509 1254 A.
542 1214 617 1256 Dii,

74 1283 274 1333 Pag.238‚
295 1295 330 1332 a,
350 1282 445 1320 inter
476 1295 509 1318 v.
553 1283 603 1323 18
648 1286 683 1319 et
723 1284 775 1322 17
814 1295 834 1319 3
873 1282 899 1322 f.
937 1282 1098 1320 inseras:
1135 1280 1327 1333 μέτεστιν)
1359 1282 1474 1320 Iterat
1504 1282 1574 1319 hoc

346 1339 382 1376 in
409 1339 575 1388 margine
598 1339 684 1379 Par.
717 1338 762 1379 A.
791 1337 864 1376 Dii.
897 1339 964 1376 sed
1001 1351 1080 1376 cum
1111 1340 1259 1390 punctis
1290 1353 1402 1390 super
1432 1356 1459 1391 μ
1491 1352 1513 1378 σ
1536 1345 1572 1375 et

837 1411 843 1418 .
879 1392 888 1424 f
923 1411 928 1417 .
987 1411 993 1417 .

350 1446 373 1471 ν
401 1436 438 1468 et
468 1443 562 1468 unco
593 1442 706 1480 super
736 1443 795 1468 ve:
827 1440 1002 1480 μετεστιν

351 1500 404 1538 17
435 1511 455 1535 3
485 1497 510 1537 f.
538 1501 627 1549 post
657 1491 896 1544 οἷπολαύειν)
928 1497 1093 1534 inseras:
1123 1495 1163 1533 In
1192 1495 1277 1534 Par.
1303 1497 1349 1534 A.
1381 1495 1453 1535 Dii.
1481 1497 1571 1534 alte-

349 1567 430 1592 rum
461 1557 481 1593 λ
506 1567 528 1591 3
553 1567 600 1591 m.
626 1558 699 1591 vet.
729 1565 842 1603 super
871 1569 895 1592 α
917 1557 954 1589 et
975 1554 1121 1602 signum
1150 1553 1322 1602 delendi>
1351 1558 1391 1590 ut
1416 1554 1574 1599 videtur,

350 1623 463 1661 super
494 1626 514 1649 v
544 1611 704 1661 positum
735 1614 814 1659 est,
843 1615 882 1646 ut
913 1609 979 1646 fiat
1009 1604 1214 1649 οἷπολλιίει.

291 1668 327 1715 b,
349 1670 371 1709 2
399 1667 516 1704 addas
555 1669 823 1733 Argumentum
855 1666 1018 1704 Nubium
1050 1665 1422 1717 Aristoph.ll.11bi
1464 1667 1573 1703 Stre-

350 1724 502 1774 psiades
544 1724 677 1760 dicitur
715 1717 945 1789 ἀχθόμενος
980 1721 1095 1762 παιδὶ
1125 1719 1289 1762 οἷστικοῢ
1319 1720 1574 1774 φρονήματος

352 1779 507 1832 γέμοντι
544 1778 612 1819 καὶ
647 1795 718 1829 της
759 1774 958 1831 εὐγενείας
992 1780 1047 1827 εἰς
1076 1779 1328 1819 πολυτέλειαν
1357 1776 1574 1819 απολελαυ

349 1833 456 1885 κότι,
493 1838 556 1887 qui
584 1837 784 1873 nobilz'ffatis
815 1836 912 1874 hunc
942 1838 1051 1887 quasi
1066 1836 1239 1887 fructum
1265 1841 1504 1887 perceperat
1535 1841 1575 1873 ut

348 1898 575 1943 sumptuosus
595 1894 722 1942 fieret.

76 1950 370 2001 Pag.239‚a‚4
401 1950 535 1986 addas:
574 1950 682 2000 Apud
721 1947 925 1986 Lucianum
965 1948 1064 1990 Tox.
1097 1962 1130 1989 c.
1163 1949 1226 1991 15,
1268 1947 1447 1997 ἐλεεινῶς
1494 1951 1573 1987 sino

351 2006 528 2043 librorum
559 2006 811 2056 discrepantia
840 2006 990 2056 legitur.

349 2062 375 2101 3
407 2077 428 2100 3
466 2063 491 2099 f.
531 2063 669 2101 addas:
706 2061 761 2099 De
796 2063 894 2099 crasi
934 2062 969 2098 in
1001 2058 1051 2100 ἂν
1082 2062 1182 2098 facta
1213 2062 1262 2102 cf.
1294 2062 1506 2100 Voemelius
1537 2064 1572 2101 in

352 2118 588 2167 Zez'tschr.f.
621 2119 654 2155 cl.
686 2118 848 2158 Alterth,
880 2116 1187 2156 MDCCCXLII.
1223 2119 1285 2159 12.
1317 2132 1352 2169 p.
1389 2121 1495 2160 1226
1517 2134 1573 2169 sq.

295 2175 332 2225 b,
350 2174 446 2212 inter
474 2188 508 2212 v.
539 2173 566 2214 4
597 2179 635 2212 et
667 2176 690 2214 5
720 2175 886 2212 inseras:
923 2174 1215 2226 γελωτοποιῶν)
1241 2196 1295 2204 —
1327 2190 1357 2214 ω
1384 2198 1439 2203 —-
1466 2178 1499 2213 in
1531 2177 1574 2213 li-

352 2237 453 2276 tura,
480 2236 566 2269 ante
595 2232 742 2268 lituram
776 2252 825 2258 —
856 2246 877 2270 ο
911 2252 957 2257 —·
987 2230 1072 2270 Par.
1098 2231 1144 2270 A.
1173 2230 1247 2271 Du.

352 2286 404 2327 14
427 2299 449 2324 a
475 2288 501 2328 f.
525 2291 614 2337 post
633 2287 722 2337 Par.
743 2288 789 2326 A.
807 2288 977 2324 inseras:
1008 2286 1095 2335 (sed
1119 2310 1164 2316 —
1191 2302 1205 2326 1.
1223 2309 1278 2315 —-
1299 2288 1333 2326 in
1356 2288 1464 2327 litura
1484 2289 1573 2336 Dii.)

79 2345 169 2394 pag.
182 2343 277 2394 240,
294 2356 329 2393 a,
350 2344 448 2380 inter
475 2356 509 2380 v.
541 2345 590 2386 12
621 2347 658 2382 et
690 2346 738 2384 11
770 2357 791 2380 3
821 2344 846 2382 f.
877 2345 1039 2381 inseras:
1070 2344 1336 2396 βωμολοχίας)
1366 2368 1422 2374 —
1453 2349 1497 2386 λο
1519 2368 1573 2373 ——-

351 2413 483 2438 recens
510 2401 688 2437 insertum
714 2399 828 2437 habet
857 2400 942 2440 Par.
974 2400 1019 2436 A.
1051 2398 1124 2441 Dii,

629 2450 700 2508 αὖ)
733 2451 805 2496 adv
833 2469 855 2494 a
884 2469 932 2497 m.
963 2460 1038 2496 vet.
1066 2456 1150 2495 Par.
1175 2456 1219 2495 A.
1242 2455 1315 2495 Dii.
1341 2471 1420 2496 cum
1442 2459 1574 2496 litteris

735 2513 956 2564 quibusdam
985 2513 1159 2562 incertis,
1185 2514 1346 2552 fortasse
1372 2531 1431 2562 ιν,
1462 2528 1576 2566 snper

734 2583 755 2608 τ
811 2570 930 2609 ositis.

293 2624 329 2672 b,
353 2625 378 2663 7
407 2622 546 2660 addas:
578 2623 617 2661 In
647 2623 731 2662 Par.
764 2583 809 2665 Ap.
839 2625 909 2666 Dii.
946 2640 959 2664 ι
985 2638 1006 2662 a
1036 2638 1084 2662 m.
1118 2629 1192 2666 vet.
1222 2627 1318 2665 inter
1343 2628 1367 2668 ὃ
1393 2632 1431 2666 et
1463 2644 1483 2667 ο
1512 2641 1575 2666 su·

355 2680 602 2730 perscriptum
630 2686 699 2718 est.

81 2735 337 2786 Pag.241‚a‚
355 2736 451 2774 133
480 2736 506 2772 f.
537 2737 674 2774 addas·
706 2737 762 2787 (p.
794 2738 887 2780 268.
916 2751 973 2787 sq.
1005 2738 1067 2775 ed.
1094 2739 1187 2785 sec.)

300 2793 338 2838 b,
328 2793 513 2888 ,KiterDv
548 2795 594 2832 11
636 2798 671 2830 et
713 2793 796 2834 10
798 2807 819 2830 3
852 2794 878 2830 f.
917 2795 1080 2832 inseras:
1119 2793 1205 2843 και)
1247 2809 1282 2833 κ.
1317 2807 1354 2832 ..ε-
1409 2799 1449 2836 -·.“-
1490 2796 1573 2838 Par.

473 2861 492 2883 U
