1764 3176
222 1767 257 1810 C

298 115 354 156 78

740 114 1213 157 PLATONIS

288 217 389 278 Ἆρ’
419 218 501 266 οὖν
541 225 615 267 καὶ
655 222 682 268 ὃ
717 226 990 281 δημοκρατία
1026 224 1437 282 ὁρίζεται“ἆγαθὸν,
1466 224 1679 283 ἡτούτου

296 290 512 347 ἀπληστία
532 293 605 336 καὶ
626 292 788 349 ταύτην
815 294 1041 345 καταλύεις
1073 294 1223 349 Λέγεις
1249 293 1291 338 δ’
1318 293 1456 350 αὐτὴν
1478 296 1519 338 τί
1544 292 1678 348 ὁρίζε-

295 365 428 411 σθαι;
465 359 555 415 Τὴν
584 360 859 416 ἐλευθερίαν,
892 360 1025 406 εἶπον.
1066 366 1196 406 τοῦτο
1226 363 1310 419 γάρ
1341 379 1428 406 που
1459 362 1506 405 έν
1537 364 1676 418 δημο-

298 427 576 484 κρατουμένη
616 427 739 473 πόλει
779 428 989 482 οἷκούσαις
1028 430 1083 474 ἂν
1124 429 1182 482 ὥς
1215 431 1296 487 ἔχει
1334 447 1377 474 τε
1418 428 1660 481 κάλλιστον,
1675 437 1743 473 499

293 496 367 537 καὶ
398 495 471 539 δια
499 500 637 540 ταῦτα
667 497 714 540 έν
744 496 859 555 μόνῃ
888 499 1024 556 ταύτῃ
1065 498 1189 550 ἄξιον
1230 502 1368 543 οἰκεῖν
1399 498 1515 548 ὅστις
1545 499 1678 552 φύσει

295 563 537 617 ἐλεύθερος.

295 630 425 686 ῥῆμα·

596 564 777 619 Λέγεται
806 565 890 620 γάρ
922 566 999 622 δή,
1043 567 1148 622 ἔφη,
1188 568 1262 610 καὶ
1301 565 1412 610 πολι)
1453 572 1586 608 τοῦτο
1625 564 1675 608 to*

478 626 566 686 Ἆρ’
597 628 701 682 οὖν,
739 635 796 689 ἡν
827 633 873 677 δ’
905 634 1008 689 ἐγώ,
1050 634 1156 688 ὅπερ
1189 633 1249 691 ἦα
1277 639 1363 678 νῦν
1392 633 1485 690 δή’
1469 637 1606 688 ερῶν,
1646 632 1675 689 ἦ

292 702 376 741 τοῦ
405 698 610 742 τοιούτου
651 700 864 757 ἀπληστία
901 703 974 744 καὶ
1012 700 1039 758 ἡ
1077 717 1165 745 των
1202 701 1346 745 ἄλλων
1390 700 1562 757 ἀμέλεια
1602 701 1677 744 καὶ

292 766 458 823 ταύτην
496 767 578 825 τὴν
616 771 840 812 πολιτείαν
880 771 1108 825 μεθίστησι
1155 786 1199 813 τε
1246 771 1321 813 καὶ
1359 768 1676 829 παρασκευᾴζει

291 837 558 887 τυραννίδος
589 838 825 894 δεηθῆναιρ
860 841 984 888 Πῶςς
1017 837 1115 893 ἔφη.

1163 836 1329 889 ”Ὀταν,
1361 835 1507 893 οἶμαι,
1540 839 1675 892 δημο-

294 903 572 958 κρατουμένη
600 904 724 956 πόλις
751 904 1000 959 ἐλευθερίας
1029 903 1251 958 διψήσασα
1280 909 1429 949 κακῶν
1460 904 1674 960 οἰνοχόων

333 1111 438 1164 Ἆρ’]
483 1117 551 1166 ἄρ’
588 1121 687 1157 Vind.
719 1122 762 1156 F.
796 1126 832 1155 et
875 1126 954 1156 ante

290 1176 376 1199 corr.
420 1167 513 1202 Mon.
547 1168 585 1202 B.
632 1168 724 1201 Flor.
765 1168 843 1202 TU.
881 1165 952 1212 ’Ἆρ’

289 1212 410 1291 {tepn
440 1214 514 1249 Ast.
556 1225 608 1259 pr.
649 1215 738 1257 Quin
769 1216 952 1249 etiam—.

322 1269 355 1291 ιο

335 1297 384 1346 ὃ]
413 1299 432 1336 ὁ
458 1304 532 1339 Ald.
557 1305 638 1338 Bas.
674 1317 704 1340 a.

334 1347 531 1404 καταλύει]
592 1350 720 1386 καλύει

286 1393 483 1429 καταλύσει
512 1397 610 1432 Vind.
638 1399 677 1432 F
704 1403 739 1432 et
767 1398 864 1434 Flor.

285 1440 381 1484 (RQ)
406 1443 547 1486 Signum
578 1443 833 1488 interrogandi,
863 1445 951 1489 quod

283 1486 388 1521 etiam
428 1488 520 1523 Mon.
544 1490 582 1523 B.
609 1491 730 1532 habet,
764 1491 797 1524 in
830 1491 952 1524 editio-

283 1531 384 1567 nibus
421 1538 501 1568 ante
548 1517 743 1570 Bekkexmii
795 1537 951 1571 omissum

281 1583 348 1612 est.

284 1621 450 1702 Βαυτὴν
482 1626 520 1660 τί
545 1625 760 1672 ὁρίζεσθαι]
786 1621 837 1662 αὖ
865 1629 952 1673 Ang.

334 1713 542 1763 α’κούσαις]
575 1716 746 1759 οἷκούσεις
771 1719 864 1754 Μοιι.
888 1720 927 1753 Β.

333 1775 397 1818 τε]
451 1773 494 1809 τὸ
541 1776 632 1810 Mon.
670 1778 709 1812 B.
756 1777 833 1810 Par.
874 1777 950 1812 DK.

287 1819 384 1856 Flor.
401 1821 444 1854 U.
470 1822 507 1854 In
532 1823 632 1857 Vind.
657 1824 697 1858 Β.
722 1835 761 1857 τε
781 1823 840 1857 int.
860 1835 949 1857 vers.

285 1868 348 1898 est.

332 1911 474 1957 ταῦτα]
502 1914 614 1947 τοῦτο
635 1914 735 1947 Vind.
760 1914 800 1947 B.
830 1912 949 1959 ταύτη

285 1957 363 1990 Vat.
375 1958 418 1991 H.
438 1956 579 2004 ταύτην
603 1961 701 1994 Vind.
727 1961 768 1994 Ε.
791 1961 895 2003 (Ven.
909 1962 947 1995 B.

284 2002 380 2037 Flor.
401 2005 575 2039 ACRTU.
601 2009 694 2040 certe
726 2018 829 2040 unum
851 2007 946 2040 Flor.

284 2049 326 2083 V.
352 2050 629 2085 Stallbaumius'
620 2065 655 2086 ιιι
674 2064 723 2098 pr.
745 2053 867 2087 ταῦτα
888 2065 947 2086 ex-

283 2094 454 2130 hibentem
478 2098 557 2132 fert.
580 2098 615 2132 in
640 2111 708 2133 sec.
730 2111 811 2133 vero
832 2099 947 2144 ‚opti-

282 2152 354 2174 mos
374 2141 480 2176 libros
505 2145 577 2177 fere
606 2148 740 2179 omnes‘
744 2146 801 2179 ‘id
820 2125 945 2179 h'abere

279 2197 419 2221 monens
443 2189 602 2224 diffidere
633 2192 680 2225 illi
703 2191 825 2224 indicio
849 2191 946 2225 vide-

281 2236 358 2274 tur,
384 2246 493 2280 neque
518 2237 681 2271 cred1bi1e
705 2244 758 2271 est
789 2237 822 2271 in
846 2238 941 2271 Flor-

280 2279 358 2314 RU.
387 2292 452 2314 non
481 2293 556 2316 esse
597 2284 754 2327 ταῦτα.)
793 2287 828 2317 et
861 2283 943 2318 editi

278 2328 359 2359 ante
384 2327 586 2363 Bekkerum.
615 2331 756 2374 ideoque
778 2330 851 2366 Fic.

323 2375 401 2427 ,ἄρ’
410 2384 424 2427 ]
457 2379 523 2429 ἄρ’
559 2387 660 2422 Vind.
686 2387 759 2421 EF.

322 2433 370 2484 ἦν
401 2438 441 2475 δ’
470 2440 569 2488 ἐγώ]
595 2457 659 2481 om.
684 2445 781 2479 Flor.
806 2447 849 2481 T.

763 1352 864 1387 Vind.
909 1353 952 1388 E.

279 2542 307 2577 A
323 2491 458 2576 inq..
471 2500 599 2535 Vind.
621 2503 664 2537 F.
685 2503 737 2547 ηά
761 2503 842 2537 editi
864 2506 944 2537 ante

310 2554 470 2634 s‘uvsgg]
497 2588 521 2635 ἡ
545 2605 609 2627 om.
638 2594 730 2629 Mon.
766 2596 805 2628 B.

325 2636 467 2692 αλλων]
494 2639 618 2672 καλῶν
640 2640 724 2674 Lob.
746 2642 824 2675 vat.
848 2640 895 2674 M.

278 2678 516 2764 λιὲλιῐιὶῖἐξιίαὲ.
526 2681 718 2776 ἶμξιλιῖίξῑν
722 2683 940 2778 {gglllsspgffio

277 2777 356 2818 post
379 2772 518 2819 τούτην
542 2780 577 2811 et
601 2779 822 2821 τιραννίδος.

219 969 263 1010 D
295 969 663 1025 προστατούντων
691 972 800 1030 τύχῃ
831 973 903 1016 καὶ
932 973 1192 1028 ποῤῥωτέρω
1222 977 1306 1017 τοῦ
1338 973 1516 1025 δέοντος
1541 971 1675 1028 ἀκρά-

1047 1116 1186 1163 ’,Οταν
1213 1118 1316 1164 οἶμαι
1334 1121 1519 1166 -μηδεὶς
1541 1118 1673 1161 αὐτοῖς

1009 1167 1032 1212 ᾖ
1066 1165 1257 1210 δεσπότης.
1299 1169 1376 1203 563.
1411 1169 1482 1212 Ε.)
1534 1167 1673 1201 liberius

1009 1214 1179 1247 convertit
1219 1213 1339 1247 Cicero
1385 1215 1427 1247 de
1457 1226 1530 1258 rep.
1567 1213 1609 1247 L.
1644 1213 1672 1246 Ι.

1032 1260 1121 1293 .43.
1156 1260 1269 1293 Prima
1293 1260 1446 1304 respexit
1468 1259 1672 1293 Plutarchus

1009 1305 1053 1338 ab
1072 1305 1166 1338 Astio
1183 1306 1307 1339 citatus
1328 1310 1459 1360 quaest.
1473 1308 1537 1340 Gr.
1529 1317 1580 1361 .Ρ.
1592 1307 1673 1340 295.

1011 1350 1062 1384 C:
1099 1352 1285 1407 Μεγαρεῖς
1321 1349 1485 1407 Θεαγένη
1515 1363 1584 1386 τον
1609 1347 1671 1384 τύ-

1010 1408 1148 1453 ραννον
1182 1394 1400 1451 ἐκβαλόντες
1437 1395 1561 1453 ὀλίγον
1586 1393 1671 1440 χρό-

1009 1454 1076 1476 νον
1094 1440 1360 1500 ἐσωφρόνησαν
1387 1441 1482 1477 κατὰ
1507 1441 1576 1499 τὴν
1604 1453 1670 1476 πο-

1009 1489 1159 1532 λιτείαν,
1185 1492 1264 1522 εἷτα
1287 1487 1429 1534 πολλὴν
1453 1487 1548 1523 κατὰ
1571 1485 1671 1522 Πλά-

1009 1547 1112 1568 τωνα
1140 1534 1203 1569 καὶ
1227 1531 1391 1579 ἄκρατον
1423 1532 1554 1575 αὐτοῖς
1574 1531 1669 1568 ἐλευ-

1009 1581 1144 1624 θερίαν
1179 1582 1256 1615 τῶν
1295 1581 1524 1636 δημαγωγῶν
1571 1579 1669 1614 οἰνο-

1009 1625 1200 1670 χοούντων
1227 1625 1502 1683 διαφθαρέντες
1526 1623 1668 1660 παντά-

1008 1683 1100 1707 πασι
1129 1680 1194 1707 etc.
1243 1674 1357 1706 Verba
1380 1674 1456 1718 ipsa
1479 1669 1590 1715 όταν,
1617 1669 1669 1706 οἷ-

1008 1730 1076 1761 μαι
1102 1739 1149 1745 --
1166 1720 1342 1764 μεθυσθῇ
1366 1720 1557 1754 Athenaeus
1587 1719 1668 1752 item

1009 1765 1053 1798 ab
1062 1766 1185 1844 XAstio
1218 1755 1375 1799 lauda¹tus
1416 1765 1468 1799 bis
1503 1764 1668 1806 adhibuit,

1128 1810 1255 1855 Ρ4.33
1281 1811 1321 1844 F.
1346 1816 1380 1844 et
1402 1811 1444 1845 L.
1457 1812 1516 1845 XI.
1543 1823 1578 1864 p.
1588 1812 1668 1846 505.

1008 1856 1050 1889 D.
1079 1861 1118 1889 ut.
1128 1823 1183 1890 Ρὲν
1213 1858 1257 1901 τῇ
1278 1857 1452 1904 Πολιτείᾳ
1478 1857 1603 1901 posita,
1635 1860 1669 1890 et

1006 1903 1208 1935 teratinml.
1235 1902 1278 1937 X.
1311 1914 1344 1947 p.
1368 1905 1448 1938 443.
1474 1904 1515 1938 Ε.
1545 1903 1623 1936 inde
1647 1914 1668 1935 a

1007 1947 1333 1992 δημοκρατουμένη
1362 1946 1468 1988 πόλις
1490 1960 1596 2004 usque
1623 1948 1666 1981 ad

1004 1995 1267 2083 λῖετιέίτοῗςλῗκέὶῗ
1282 1994 1338 2074 iili)
1343 1991 1667 2085 Effissossssdssoffl‘c'e

1002 2085 1110 2120 Paris.
1151 2086 1205 2120 hic
1235 2086 1357 2120 tertius
1397 2086 1492 2120 locus
1524 2086 1666 2120 omissus

1003 2135 1065 2165 est.

1048 2176 1386 2233 δημοκρατουμένη
1419 2175 1549 2222 πόλις]
1602 2177 1663 2221 δη-

1000 2224 1304 2268 μοκρατουμένην
1334 2221 1443 2258 πόλιν
1465 2226 1550 2259 Ven.
1575 2224 1616 2258 C.

1047 2289 1283 2337 ἐλευθερίας]
1319 2290 1533 2337 ἐλευθερίαν
1564 2291 1661 2325 Vind.

1046 2385 1197 2429 κακῶν]
1222 2385 1260 2418 In
1278 2385 1480 2419 editionibus
1497 2383 1661 2418 Athenaei

1001 2444 1041 2465 eo
1075 2433 1171 2473 loco,
1221 2443 1286 2476 quo
1315 2432 1398 2464 haec
1428 2443 1448 2465 a
1477 2431 1660 2473 δημοκρα-

1001 2475 1161 2521 τουμένη
1216 2478 1293 2511 inde
1360 2482 1522 2521 excerpta
1584 2478 1661 2509 sunt

1000 2525 1051 2568 (p
1076 2525 1187 2567 443),
1211 2519 1258 2567 ἢν
1279 2535 1320 2556 ex
1342 2523 1487 2564 Musuri,
1511 2526 1550 2555 ut
1574 2521 1659 2554 Din-

1000 2570 1129 2603 dorfius
1173 2575 1292 2613 putat,
1337 2569 1531 2602 coniectura
1580 2573 1658 2601 ante

999 2628 1122 2649 κακων
1144 2614 1305 2648 insertum
1330 2619 1392 2650 est.

1047 2670 1249 2717 οἰνοχόων]
1286 2685 1350 2706 om.
1385 2670 1551 2706 Athenaei
1583 2669 1656 2704 cod.

997 2720 1101 2754 Laur.
1139 2731 1172 2764 p.
1198 2719 1276 2754 443.

1044 2774 1378 2822 προστατούντων]
1422 2786 1486 2809 om.
1532 2774 1656 2808 Athen.
