1764 3176
697 112 787 162 pag
827 113 1073 153 129—155.
1588 113 1641 153 13

134 226 377 279 Pag‚145,a,
409 227 461 266 26
492 236 561 275 pro
587 223 704 261 ΒρΙι-Ι.ι
733 224 875 261 scribas
905 224 1056 262 Ruhnk.

413 279 465 320 31
497 280 635 317 addas:
673 280 758 317 Hoc
789 277 1002 330 (κελεύοις)
1031 281 1067 317 in
1095 278 1180 317 Par.
1210 279 1255 319 A.
1286 279 1357 318 Dii.
1387 280 1438 317 ita
1463 282 1643 331 scriptum

440 337 606 384 videtur,
639 340 677 372 nt
704 348 726 372 a
756 348 805 372 m.
836 349 894 385 pr.
923 333 1094 381 κελεύεις
1123 336 1238 372 fnisse
1266 335 1370 373 credi
1401 337 1536 386 possit.

133 394 227 443 Pag.
242 392 335 439 146
347 406 382 440 a,
409 394 434 432 6
463 393 603 429 addas:
633 396 670 428 et
696 391 782 427 Par.
813 392 861 427 A
890 390 963 427 Du.
994 393 1166 429 additos
1150 404 1314 441 superne
1341 406 1367 430 ι.

132 449 221 498 Pag.
240 449 380 495 1471)
418 450 467 487 16
496 449 638 484 addas:
676 447 791 494 (729.
822 447 882 483 ed.
912 448 1017 496 tert.)
1055 448 1133 484 Sed
1170 448 1230 484 alii
1272 447 1343 483 loci
1385 448 1496 484 talem
1525 448 1643 485 inter-

376 505 528 554 pretati
521 516 629 538 onem
657 506 853 550 respuunt.
884 503 944 542 Cf
966 502 1015 539 L.
1036 503 1100 543 ΙΙΙ.
1132 516 1170 552 p.
1194 503 1288 542 415-
1315 503 1371 539 D:
1405 503 1446 542 οἵ
1471 498 1502 541 τ’
1532 501 1642 542 ἄλλοι

380 557 594 609 ανθρωποι
624 557 666 596 οἵ
692 553 872 609 ὕστερον.
904 558 1052 607 Theag.
1083 561 1174 598 122.
1210 559 1261 594 E:
1293 555 1393 609 ἅπερ
1422 555 1574 598 ἐνθαδε
1605 559 1646 598 οἷ

375 612 487 653 α’λλοι
525 614 811 652 πεπαίδευνται
849 613 890 652 οἱ
929 630 1008 652 των
1052 615 1186 652 καλῶν
1223 608 1421 665 κᾶγαθῶν
1461 614 1643 667 πατέρων

378 671 490 716 υἱεῖς.
537 669 635 706 sim.
667 669 780 707 Locr.
810 671 876 708 99.
908 671 958 706 Ε;
1000 666 1078 709 απὸ
1110 685 1189 708 των
1230 667 1361 709 ἄλλων
1385 686 1465 709 των
1503 674 1641 718 πλαζο-

380 725 524 777 μένων.
554 726 777 775 ΗίΡΡοει·.(
769 726 816 761 de
846 728 924 765 aar.
954 725 1002 762 T.
1035 728 1071 765 1.
1103 739 1139 774 Ρ.
1169 726 1264 766 333.
1294 725 1404 765 Lind.
1436 726 1543 779 εἰπερ
1575 743 1642 766 και

379 780 427 821 τὰ
457 779 555 820 α’λλα
582 779 628 819 τοὶ
660 776 893 830 ἐμφυόμενα
919 777 1066 831 αμείνω
1097 781 1213 820 ἐστίν.
1244 782 1382 817 Strabo
1404 782 1450 819 L.
1479 783 1525 822 X.
1559 783 1642 820 loco

376 838 460 876 V0.1
491 837 632 886 111.p
665 838 743 884 92,
775 836 797 872 b
828 837 955 876 citato.
995 850 1153 886 quorum
1182 839 1229 874 ad
1260 838 1468 887 exemplum
1500 839 1644 889 simpli—

379 895 457 931 cius
489 893 729 942 interpretari
761 893 851 929 baec
879 893 966 930 licet
997 906 1042 928 ex
1073 894 1219 942 relzqm's
1245 894 1405 930 moribus
1435 897 1579 933 vestris.

408 951 461 989 10
488 962 510 985 a
536 949 558 984 f.
589 953 678 997 post
706 945 903 999 χρήσομαι
932 949 1095 985 inseras:
1146 948 1233 986 Par.
1262 949 1307 986 A.
1338 948 1408 988 Dii.
1438 962 1460 987 a
1487 963 1536 990 m.
1569 963 1644 989 sec.

129 1004 377 1055 Pag,l48,b‚
414 1008 437 1046 5
464 1005 603 1041 addas:
634 1003 722 1042 Par.
750 1006 795 1041 A.
827 1004 899 1041 Dii.
929 1005 1016 1041 item
1047 1005 1085 1043 6.

406 1062 502 1098 inter
530 1072 565 1096 v.
596 1061 621 1098 8
654 1064 691 1096 et
721 1061 745 1099 9
774 1060 940 1097 inseras:
997 1056 1208 1109 ω’φελείας)
1241 1055 1416 1110 ω’ςοελίας
1454 1074 1475 1098 a
1505 1074 1554 1101 m.
1586 1075 1643 1111 pr.

438 1116 526 1155 Par.
557 1113 603 1151 A.
630 1115 705 1152 Dii.

128 1172 383 1223 Pag.149‚b‚
412 1174 465 1212 10
496 1175 533 1207 et
561 1168 614 1210 14
645 1172 692 1207 de
720 1170 807 1211 Par
838 1169 883 1206 A.
921 1170 1040 1207 relata
1068 1170 1272 1208 Diibnerus
1300 1172 1351 1208 ita
1382 1172 1562 1217 correxit,
1602 1176 1643 1208 ut

377 1241 460 1265 eum
472 1223 690 1275 utrobique
721 1239 742 1263 a
773 1239 821 1266 m.
851 1239 908 1276 pr.
940 1228 1095 1277 μεῖζον,
1125 1241 1147 1264 a
1179 1240 1255 1265 sec.
1289 1227 1433 1277 μείζων
1463 1227 1642 1265 exhibere

374 1283 563 1321 docuerit.

130 1339 221 1388 Pag-
238 1341 328 1385 151,
340 1340 379 1388 b,
410 1341 435 1379 9
465 1338 608 1376 addas:
642 1335 741 1386 Leg.
765 1335 813 1376 L.
841 1336 903 1377 VI
931 1350 970 1386 p.
1000 1337 1095 1376 751.
1129 1338 1171 1374 Α.
1203 1351 1272 1387 pro
1304 1333 1378 1377 δύο
1405 1337 1491 1388 εἴδη
1519 1341 1641 1377 ταῦτα

369 1393 459 1445 περὶ
490 1393 690 1439 πολιτείας
710 1390 861 1443 κόσμον
882 1390 1096 1444 γιγνόμενα
1116 1389 1300 1445 τυγχάνει
1330 1395 1479 1432 codices
1510 1396 1639 1444 optimi

377 1472 432 1477 -—
456 1445 696 1501 γιγνόμενον
726 1465 758 1488 τ.
789 1448 900 1485 scribi
933 1449 1074 1485 iubent.

404 1507 454 1547 22
491 1505 629 1542 addas:
660 1516 782 1553 neque
812 1505 847 1540 in
880 1505 990 1541 tertia
1021 1505 1079 1541 ed.
1109 1518 1148 1554 p.
1176 1504 1296 1544 1260.
1321 1505 1491 1554 quamvis
1522 1517 1640 1542 meam

433 1561 595 1598 conferri
635 1559 766 1596 iubens
800 1560 1082 1596 adnotationem
1113 1561 1336 1596 sententiam
1366 1561 1541 1608 mutavit,
1572 1561 1641 1597 sed

434 1616 598 1663 οἰκίζειν
632 1616 787 1664 genitivi
818 1615 934 1652 instar
965 1614 1102 1652 habere
1136 1617 1405 1665 perseveravit.
1453 1617 1522 1653 Cui
1557 1617 1641 1665 opi—

434 1673 537 1709 nioni
577 1672 645 1708 hoc
682 1676 889 1720 repugnat,
932 1672 1034 1719 quod
1076 1684 1150 1707 non
1180 1676 1360 1721 apparet,
1400 1672 1489 1720 quid
1516 1672 1640 1708 infini-

435 1728 500 1764 tivi
534 1727 742 1764 subiectum
780 1728 849 1774 sit,
888 1727 961 1762 nisi
1001 1727 1119 1777 ipsam
1151 1722 1280 1777 ἀρχήν
1311 1727 1540 1773 οἰκίζουσαν
1566 1728 1639 1763 dici

432 1787 620 1833 putamus.
657 1783 720 1818 Sic
748 1783 879 1818 eadem
912 1779 1116 1833 ἄρξασθαι
1145 1783 1281 1819 dicitnr
1306 1782 1407 1821 Tim.
1437 1797 1476 1832 p.
1506 1784 1558 1823 29
1583 1782 1639 1819 B:

436 1837 619 1890 μέγιστον
650 1835 700 1887 δη
734 1835 884 1883 παντός
914 1836 1117 1887 ἄρξασθαι
1143 1853 1242 1876 κατα
1273 1834 1402 1888 φύσιν
1430 1836 1570 1889 αρχήν.
1603 1844 1640 1875 et

434 1891 577 1961 σώζειν
612 1892 710 1942 Leg.
743 1893 806 1930 VI.
843 1907 881 1942 p.
914 1894 1009 1958 775
1036 1895 1090 1930 Ε;
1118 1889 1230 1960 οἷρχη
1262 1891 1338 1946 γάρ
1370 1894 1436 1934 καὶ
1467 1892 1565 1940 θεός
1595 1893 1638 1934 ἐν

435 1946 685 2001 ἀνθρώποις
706 1947 900 1999 ἱδρυμένη
931 1945 1045 1996 σώζει
1073 1945 1217 1988 πάντα.

128 2004 375 2054 Pflg.152‚3‚
407 2008 429 2044 1
458 2019 514 2055 sq.
543 2018 613 2055 pro
648 2018 716 2054 pro
749 2004 966 2051 ἕκαστος
1000 2001 1181 2051 α’λλους
1210 2020 1357 2052 τινας
1388 2005 1464 2041 dzcz
1489 2018 1637 2055 ponas.

375 2073 420 2097 eo
441 2075 567 2109 sensu,
597 2074 672 2109 quo
695 2073 716 2096 a
738 2060 848 2097 nobis
878 2061 1012 2097 einer
1041 2062 1130 2098 den
1161 2061 1347 2097 andern
1379 2061 1517 2098 dictum
1540 2074 1638 2108 esse,

376 2121 417 2154 ut
454 2117 566 2167 paulo
605 2123 695 2165 post
736 2116 973 2167 μεταδίδωσι
1007 2114 1056 2166 δη
1092 2113 1212 2162 ἄλλος
1250 2114 1354 2170 ἄλλῳ
1394 2122 1431 2153 et
1460 2118 1638 2166 Sympos.

379 2174 472 2214 220.
507 2173 538 2210 C
581 2169 699 2218 ἄλλος
745 2169 850 2224 αλλῳ
896 2171 999 2223 ε’λεγε
1038 2177 1075 2209 et
1103 2173 1203 2222 apud
1235 2171 1432 2209 Ararotem
1461 2171 1637 2209 Adonide

374 2225 493 2274 ἄλλος
523 2225 645 2267 α’λλον
673 2226 911 2278 παρεκάλει,
942 2228 1000 2264 cui
1027 2228 1299 2265 Antiatticistes
1330 2242 1368 2278 p.
1395 2229 1474 2277 81,
1502 2229 1538 2268 8-
1568 2229 1637 2265 ad—

374 2284 527 2333 scripsit
557 2279 643 2322 α’ντι
669 2284 742 2322 τοῦ
775 2279 983 2333 α’λλήλους.
1016 2283 1077 2320 Cf.
1107 2284 1157 2320 ib.
1185 2298 1222 2334 p.
1252 2285 1358 2331 379,
1388 2286 1425 2324 9.

348 2338 385 2386 b,
417 2342 469 2380 16
497 2344 587 2389 post
617 2336 660 2378 δὲ
689 2339 855 2376 inseras:
884 2338 971 2376 Par.
1005 2339 1047 2378 A.
1075 2338 1152 2377 Dii.

129 2392 374 2442 Pag.153,a‚
404 2396 456 2434 13
485 2408 506 2432 a
535 2396 560 2435 f.
584 2396 723 2431 addas:
756 2394 912 2432 Antiatt.
939 2408 976 2444 p.
998 2396 1064 2439 96,
1100 2396 1170 2435 10:
1201 2390 1256 2441 εἷς
1283 2394 1467 2442 ἕκαστος·
1486 2391 1638 2442 ’Ἄλεξις

372 2448 530 2500 Ἑλένης
562 2452 819 2501 μνηστῆρσιν.

352 2505 390 2552 b,
426 2507 476 2545 19
507 2519 529 2542 a
560 2506 584 2545 f.
615 2510 704 2556 post
734 2502 861 2556 μόνον
888 2505 1055 2542 inseras:
1084 2504 1170 2544 Par.
1201 2505 1247 2541 A.
1280 2505 1351 2544 Dii.

414 2562 466 2600 16
497 2574 518 2598 a
549 2561 575 2600 f.
606 2562 745 2598 addas:
776 2560 862 2598 Par.
898 2560 941 2596 A.
973 2559 1044 2597 Dii.
1071 2573 1093 2597 a
1122 2573 1169 2600 m.
1200 2573 1258 2610 pr.

130 2612 221 2662 Pag-
238 2612 331 2662 154,
345 2615 381 2660 b,
410 2617 436 2655 9
464 2621 555 2666 post
578 2630 658 2653 cum
680 2617 847 2654 inseras:
876 2613 962 2654 Par.
992 2615 1037 2655 A.
1068 2615 1143 2654 Dii.

410 2672 462 2711 15
491 2685 511 2708 a
533 2672 560 2709 f.
578 2673 742 2710 inseras:
772 2672 898 2721 Epist.
917 2670 998 2711 VII.
1020 2671 1115 2711 330.
1138 2672 1182 2709 Α.
1204 2676 1240 2710 et
1261 2673 1313 2713 13
1331 2685 1352 2710 a
1380 2674 1405 2709 f.
1424 2668 1452 2722 ἦ
1478 2668 1636 2712 ’κεῖνον.

132 2723 378 2775 Pag.155,a‚
406 2728 455 2766 11
488 2732 576 2777 post
601 2727 667 2765 Ita
692 2729 857 2765 inseras:
884 2725 986 2777 (Par.
1016 2728 1062 2764 A.
1089 2726 1181 2779 Dii.)

407 2783 458 2822 16
485 2795 506 2820 a
536 2783 562 2823 f.
588 2784 726 2822 addas:
754 2782 841 2822 Par.
876 2783 920 2819 A.
952 2782 1026 2820 Dii.
