1764 3176
221 104 277 144 52
669 96 1142 139 PLATONIS

223 210 326 261 τούς
362 209 441 265 μὲν
473 208 526 265 δή
557 207 825 264 ἀρχομένους
864 207 981 252 οὕτω
1012 207 1282 251 διατιθέασιν
1317 204 1364 249 ἐν
1398 210 1451 264 τῆ
1477 205 1601 250 πόλει

225 280 268 342 οἱ
303 276 529 333 α’ρχοντες
572 281 688 333 σφᾶς
718 277 763 320 δὲ
800 275 963 327 αὐτους
1003 277 1077 320 καὶ
1112 273 1216 324 τούς
1258 271 1406 317 αὐτῶν
1437 273 1516 328 ἀρ’
1546 273 1602 318 οὐ

224 340 484 425 τρυφῶντας
532 344 610 400 μὲν
663 344 767 396 τούς
818 344 946 395 νέους
1007 344 1081 387 καὶ
1129 340 1326 393 ἀπόνους
1368 343 1442 385 καὶ
1492 342 1603 396 πρὸς

227 413 278 455 τὰ
321 417 402 456 τοῦ
446 411 645 467 σώματος
689 414 762 455 καὶ
801 412 912 466 πρὸς
959 412 1012 455 τὰ
1057 414 1133 467 τῆς
1170 413 1331 466 ψυχῆς,
1377 409 1603 463 μαλακοὺς

165 485 196 526 C
226 481 272 524 δὲ
320 484 547 534 καρτερεῖν
589 479 700 535 πρὸς
757 477 920 536 ἡδονάς
966 496 1010 522 τε
1063 481 1136 522 καὶ
1193 476 1334 528 λύπας
1396 479 1469 522 καὶ
1517 476 1602 532 ἀρ,-

224 545 353 604 γούς;
403 548 453 590 Τί
489 545 595 603 μήν,·
646 546 822 598 Αὑτούς
853 548 899 590 δὲ
928 548 1042 604 πλὴν
1078 548 1377 602 χρηματισμοῦ
1410 549 1499 588 τῶν
1529 544 1602 589 ἄλ-

224 620 314 658 λων
349 612 612 670 ἠμεληκότας
658 615 731 657 καὶ
764 612 895 657 οὐδὲν
935 615 1065 657 πλείω
1097 614 1344 669 ἐπιμέλειαν
1371 613 1604 670 πεποιημέ-

224 699 332 734 νους
361 681 537 737 ἀρετῆς,
576 679 604 736 ἢ
635 680 738 731 τούς
768 683 972 737 πένητας;
1022 680 1085 725 Οὐ
1114 681 1198 737 γάρ
1231 677 1326 725 οὖν.

1387 681 1512 725 Οὕτω
1548 681 1602 737 ’δή

225 747 627 805 παρεσκευασμένοι
677 747 783 791 ὅταν
831 749 1175 806 παραβάλλωσιν
1222 748 1423 806 ἀλλήλοις
1470 751 1516 793 οἳ
1559 765 1604 793 τε

224 901 266 935 Β.
300 900 386 933 Ven.
419 899 460 933 C.
496 898 575 932 Par.
607 897 683 931 DK.
722 898 816 932 Flor.
841 899 888 933 U.

224 958 290 981 om.
314 945 392 978 Fic.

269 987 337 1034 δή]
363 1002 429 1024 orn.
453 990 539 1023 ven.
552 989 590 1023 B.
615 988 714 1023 Vind.
733 990 774 1022 F.
793 990 886 1024 Flor.

223 1038 268 1071 T.
303 1041 337 1070 et
372 1036 453 1070 editi
483 1042 562 1069 ante
586 1035 790 1069 Bekkerum.
838 1037 887 1069 Ac

223 1083 311 1117 solet
340 1083 414 1116 fere
445 1081 634 1126 particulae
657 1078 722 1123 μὲν
748 1081 887 1115 subiun-

223 1134 315 1162 ctum
358 1127 403 1171 δὴ
445 1127 543 1161 simul
575 1127 715 1171 copulae
747 1127 820 1160 loco
853 1132 888 1161 et

223 1185 328 1227 prope
364 1173 498 1207 initium
540 1173 671 1217 periodi
714 1184 808 1213 esse3
850 1176 887 1206 at

222 1219 357 1254 minime
413 1219 622 1252 incommode
677 1218 732 1251 hic
777 1218 886 1263 priori

222 1267 373 1299 membro
397 1265 567 1298 dilatando
590 1264 733 1297 inservit
757 1270 792 1297 et
813 1264 886 1297 vin-

224 1311 291 1345 culi
313 1322 376 1356 per
408 1322 473 1354 μεν
504 1310 619 1343 iniecti
654 1322 773 1343 nexum
797 1310 887 1343 rela—

223 1368 308 1391 xans
340 1357 483 1390 alterum
518 1357 702 1390 membrum
736 1360 775 1389 ut
799 1367 886 1389 nova

222 1403 490 1446 interrogatione
534 1402 733 1435 instructum
779 1402 886 1434 minus

223 1449 383 1482 miremur
415 1447 544 1482 efficit:
586 1459 705 1481 verum
734 1454 772 1482 ut
797 1460 886 1482 nunc

223 1507 279 1528 rcs
308 1495 433 1536 habet,
458 1495 510 1527 his
536 1495 690 1527 omnibus
717 1495 759 1527 de
788 1505 887 1527 caus—

224 1542 270 1574 sis
293 1542 445 1574 subditos
472 1541 628 1585 quidem,
662 1541 763 1573 sicuti
792 1541 886 1573 vidi-

223 1598 321 1627 πηιε,
370 1588 459 1620 tales
505 1587 666 1620 reddunt.
734 1586 888 1631 Copulae

225 1632 362 1678 quidem
386 1633 420 1666 vi
445 1643 510 1665 non
534 1632 663 1674 minus,
698 1644 798 1677 quam
823 1632 887 1673 hic,

224 1679 310 1722 Leg.
334 1678 375 1711 L.
403 1678 460 1711 VI.
487 1690 520 1722 p.
543 1679 622 1713 751.
652 1684 739 1711 extr.
774 1681 888 1712 caret:

224 1723 287 1758 καὶ
310 1723 369 1758 σοὶ
387 1724 500 1757 τοῦτο
519 1724 589 1757 νῦν
612 1723 675 1757 καὶ
701 1721 781 1766 ἐμοὶ
806 1735 887 1757 ποι·

224 1768 355 1824 ητέον,
369 1766 535 1824 ἐπείπερ
568 1767 611 1803 σύ
647 1780 712 1812 μεν
737 1767 782 1812 δὴ
816 1767 887 1813 τὴν

224 1813 332 1850 πόλιν
346 1811 518 1868 ’ὑπέστης
536 1815 588 1861 τῷ
608 1815 767 1859 Κρητῶν
787 1813 888 1849 ἐθνει

225 1858 433 1917 προθύμως
476 1864 674 1894 κατοικιεῖν
733 1859 889 1900 δέκατος

226 1919 364 1950 αυτος,
398 1918 450 1946 ως
475 1905 572 1952 φῂς,
605 1904 652 1940 τὰ
680 1907 771 1949 νῦν,
816 1904 884 1961 ἐγώ

226 1950 264 1987 δ’
302 1951 351 1986 αὐ
391 1963 450 1987 σοι
499 1951 753 2009 ξυλλήψεσθαι
790 1950 885 1986 κατὰ

225 1997 294 2042 τὴν
312 1998 509 2042 παροῦσαν
537 1996 627 2044 ἡμῖν
653 1996 701 2032 τὰ
721 1999 790 2033 νῦν
815 2011 888 2042 μυ-

224 2046 342 2088 θολογ
345 2045 416 2078 ίαν.

272 2057 536 2135 διατιθέασιν]
589 2087 757 2126 τιθέασιν
803 2091 889 2126 Lob.

225 2138 305 2173 V-at
327 2138 376 2172 M.

272 2183 391 2226 σφᾶς]
419 2180 519 2226 σφὰς
543 2181 643 2215 Vind.
669 2183 745 2217 EF.

272 2227 334 2262 καὶ
357 2226 469 2273 τοὺς]
496 2228 547 2262 bis
570 2228 672 2263 Vind.
697 2229 740 2263 F.

274 2272 422 2319 αὐτῶν]
456 2270 889 2309 0113.L0b.Vind.BEF.

227 2321 303 2376 Ald:
328 2321 410 2355 Bas.
435 2321 489 2354 ab.

274 2371 341 2421 ἆρ’
374 2374 422 2411 ου’
450 2378 695 2421 τρυφῶντας]
730 2372 804 2421 ἄρα
843 2388 889 2411 ου

227 2437 259 2458 τ.
281 2423 365 2457 Lob.
399 2420 551 2467 ἄρουτρ.
586 2423 687 2458 vind.
706 2423 749 2457 F.

273 2477 363 2520 τούς
387 2477 516 2524 νέους]
543 2492 609 2515 om.
634 2480 734 2515 vind.
759 2481 798 2516 Β,
828 2479 890 2514 καὶ

228 2538 259 2562 τ.
284 2538 316 2560 ν.
351 2527 436 2561 Ven.
463 2527 503 2559 B.
539 2526 637 2561 Vind.
662 2527 706 2562 E.
740 2528 819 2561 Vat.
843 2527 888 2561 Η.

228 2578 262 2607 et
285 2573 433 2606 iuniores
456 2572 528 2605 Fic.

276 2615 465 2662 απόνονς]
493 2614 659 2660 απόρονς
683 2620 763 2653 Vat.
783 2619 832 2654 M.
852 2622 887 2652 et

229 2670 402 2698 correctus
425 2664 458 2696 in
483 2675 503 2707 ρ
524 2663 609 2696 Lob.

275 2708 321 2743 τὰ
354 2710 447 2753 τοῦ]
487 2706 556 2748 τὰς
593 2709 661 2743 τοῦ
693 2710 768 2744 Ald.
804 2711 885 2744 Bas.

944 899 1095 953 Euthyd.
1129 911 1171 951 p.
1186 899 1263 934 307.
1290 899 1340 932 B·
1380 898 1424 932 Τι’
1449 891 1540 939 οῧνς
1565 895 1604 932 ἐν

945 942 1078 989 ἑκάστῃ
1102 941 1246 978 τούτων
1278 945 1340 989 (sc.
1365 944 1604 1000 γυμναστικῇ,

943 991 1202 1046 χρηματιστικῇ
1227 991 1311 1033 etc.)
1331 988 1422 1030 τοὺς
1445 990 1606 1029 πολλοὺς

944 1049 1038 1080 προς
1071 1046 1225 1070 εκαστον
1261 1035 1304 1071 τὸ
1339 1034 1462 1080 ἔργον
1471 1033 1518 1070 ου’
1540 1048 1604 1081 κα-

943 1081 1194 1137 ταγελοίστους
1225 1079 1334 1138 ὁρᾷς;
1378 1076 1553 1117 Similiter
1572 1081 1607 1116 hi

946 1125 1084 1162 ἄπονοι
1121 1125 1217 1171 πρὸς
1250 1127 1296 1161 τὰ
1332 1129 1401 1162 τοῦ
1437 1126 1605 1171 σώματος

943 1187 1006 1208 και
1033 1172 1129 1218 πρὸς
1164 1173 1210 1208 τὰ
1246 1175 1313 1219 τῆς
1342 1174 1465 1218 ’ψυχῆς
1489 1174 1607 1207 dicun-

943 1225 1018 1261 tur,
1076 1221 1212 1254 minime
1264 1232 1346 1254 velo
1392 1220 1607 1264 τρυφῶντες

943 1264 1038 1309 πρὸς
1061 1263 1180 1307 αὐτὰ,
1204 1269 1243 1299 ut
1267 1267 1411 1310 putabat
1433 1266 1607 1299 Bernhar-

944 1313 988 1356 dy
1033 1317 1122 1356 synt.
1168 1324 1209 1364 p.
1234 1313 1312 1347 265.
1363 1312 1418 1345 Cf.
1450 1312 1491 1346 L.
1525 1311 1604 1346 VII.

943 1370 977 1402 p.
1002 1360 1080 1393 535.
1106 1359 1158 1391 D.
1187 1353 1279 1391 ὅταν
1303 1370 1358 1397 τις
1383 1359 1606 1413 φιλογυμνα-

945 1402 1032 1447 στὴς
1059 1401 1125 1446 μὲν
1156 1403 1219 1437 καὶ
1250 1402 1460 1458 φιλόθηρος
1491 1403 1514 1448 ᾑ
1543 1401 1607 1436 καὶ

944 1448 1068 1483 πάντα
1092 1448 1139 1484 τὰ
1167 1448 1231 1483 δια
1256 1450 1323 1483 τοῦ
1351 1447 1522 1493 σώματος
1546 1461 1606 1492 φι-

944 1497 1098 1541 λοπονῇ.

989 1550 1156 1594 Αὐτοὺς]
1183 1565 1244 1586 αν.
1270 1552 1356 1587 Lob.
1381 1552 1483 1588 vind.
1502 1552 1608 1587 BEF.

943 1596 1009 1632 Αὕ.
1034 1598 1108 1632 Ald.
1134 1600 1229 1636 Bas.
1240 1599 1294 1633 ab.

990 1653 1292 1700 πεποιημένους]
1358 1653 1606 1700 πεπεποιημέ·

945 1713 1034 1741 νους
1057 1702 1132 1735 Ald.
1157 1704 1237 1737 Bas.
1262 1714 1292 1736 a.

991 1756 1176 1802 πένηταςς
1189 1758 1401 1805 ]πένητας.
1425 1759 1500 1794 Ald.
1524 1732 1604 1793 bas.

945 1806 998 1839 ab.
1025 1806 1146 1850 Steph.

995 1859 1053 1896 Ov'
1076 1861 1148 1906 γὰρ
1174 1863 1268 1918 ουν]
1305 1859 1494 1906 ου’γαροῦν
1519 1862 1605 1897 Lob.

989 1907 1350 1962 παρεσκευασμένοι]
1374 1918 1605 1952 παρασκευα-

945 1951 1070 1996 σμένοι
1094 1955 1193 1988 Vind.
1217 1956 1260 1988 E.

991 2009 1278 2067 παραβάλλωσιν
1311 2009 1502 2056 ἀλλήλοις]
1534 2023 1604 2045 πα-

946 2054 1156 2101 ραλάβωσιν
1203 2054 1373 2101 ἀλλήλοις
1422 2070 1498 2092 cum
1540 2070 1606 2098 ους

945 2114 1048 2147 super
1072 2114 1127 2142 οις
1150 2104 1228 2137 Par.
1254 2104 1297 2137 K.
1323 2104 1413 2159 quod
1437 2104 1580 2137 Astius'
1571 2115 1606 2137 m

945 2159 998 2192 pr.
1029 2154 1165 2182 secutus
1198 2148 1474 2203 παραλαβωσιν
1497 2147 1606 2194 ἀλλή-

945 2196 1032 2234 λους
1063 2195 1178 2228 edidit.
1225 2196 1293 2229 Pro
1321 2193 1606 2241 παραβάλλωσιν

945 2240 1096 2285 reliquae
1136 2245 1215 2274 ante
1251 2242 1445 2275 Bekkerum
1482 2242 1605 2276 editio-

946 2297 1006 2319 nes
1039 2290 1075 2319 et
1107 2288 1255 2320 fortasse
1287 2288 1366 2321 Par.
1391 2288 1432 2321 D.
1465 2288 1507 2321 de
1538 2299 1605 2332 quo

946 2332 1125 2366 Bekkerus
1173 2337 1286 2375 tacet,
1339 2331 1606 2378 παραβάλωσιν

945 2378 1072 2411 habent
1130 2379 1223 2412 Idem
1252 2379 1412 2413 librarius
1442 2380 1540 2415 Vind.
1564 2380 1604 2413 B.

947 2430 1071 2467 puncto
1097 2425 1194 2458 alteri
1219 2427 1238 2458 λ
1261 2426 1413 2459 subiecto
1431 2426 1498 2460 sibi
1525 2436 1604 2470 pro-

947 2470 1022 2503 bari
1047 2471 1206 2504 ostendit.

992 2511 1016 2559 ἢ
1043 2513 1081 2550 ἐν
1105 2513 1227 2560 ὁδῶν]
1263 2517 1299 2552 οὶ
1323 2515 1361 2551 ἐν
1387 2512 1419 2551 ὁ.
1438 2516 1538 2551 vind.
1563 2516 1603 2550 F.

943 2561 1086 2640 lComma
1103 2565 1203 2608 vulgo
1225 2563 1275 2597 his
1300 2562 1527 2608 antepositum
1544 2562 1602 2596 de-

956 2619 1007 2641 ενι

987 2655 1174 2699 θεωρίας]
1200 2656 1356 2700 νεωρίοις
1376 2655 1457 2688 Bas.
1479 2655 1510 2688 b.

988 2712 1202 2756 στρατειας]
1238 2711 1412 2756 στρατίας
1442 2711 1534 2744 Mon.
1560 2711 1600 2743 Β.

229 2755 358 2791 111).δί
389 2755 462 2797 vis,
502 2755 646 2789 subaudi
681 2753 777 2799 ἔργα.
825 2757 884 2791 Sic
940 2768 960 2790 a
983 2769 1025 2790 m
1051 2769 1102 2803 pr.
1127 2759 1202 2793 Ald.
1228 2759 1306 2793 Bas
1339 2759 1392 2792 ab.
1428 2754 1601 2800 στρατιὰς
