<?xml version="1.0" encoding="UTF-8"?>
<!DOCTYPE html PUBLIC "-//W3C//DTD XHTML 1.0 Transitional//EN"
    "http://www.w3.org/TR/xhtml1/DTD/xhtml1-transitional.dtd">
<html xmlns="http://www.w3.org/1999/xhtml" xml:lang="en" lang="en">
 <head>
  <title>
</title>
<meta http-equiv="Content-Type" content="text/html;charset=utf-8" />
  <meta name='ocr-system' content='tesseract 3.04.00' />
  <meta name='ocr-capabilities' content='ocr_page ocr_carea ocr_par ocr_line ocrx_word'/>
</head>
<body>
  <div class='ocr_page' id='page_1' title='image "./operagraecerecen01platuoft_0364.png"; bbox 0 0 1764 3176; ppageno 0'>
   <div class='ocr_carea' id='block_1_1' title="bbox 250 179 336 220">
    <p class='ocr_par' dir='ltr' id='par_1_1' title="bbox 250 179 336 220">
     <span class='ocr_line' id='line_1_1' title="bbox 250 179 336 220; baseline 0 0"><span class='ocrx_word' id='word_1_1' title='bbox 250 179 336 220; x_wconf 81' lang='lat'>214</span> 
     </span>
    </p>
   </div>
   <div class='ocr_carea' id='block_1_2' title="bbox 695 173 1173 218">
    <p class='ocr_par' dir='ltr' id='par_1_2' title="bbox 695 173 1173 218">
     <span class='ocr_line' id='line_1_2' title="bbox 695 173 1173 218; baseline -0.002 -1"><span class='ocrx_word' id='word_1_2' title='bbox 695 173 1173 218; x_wconf 90' lang='lat' dir='ltr'><strong>PLATONIS</strong></span> 
     </span>
    </p>
   </div>
   <div class='ocr_carea' id='block_1_3' title="bbox 251 281 1632 409">
    <p class='ocr_par' dir='ltr' id='par_1_3' title="bbox 251 281 1632 409">
     <span class='ocr_line' id='line_1_3' title="bbox 251 281 1632 342; baseline -0.003 -12"><span class='ocrx_word' id='word_1_3' title='bbox 251 284 358 336; x_wconf 81' lang='grc' dir='ltr'>κοῦς</span> <span class='ocrx_word' id='word_1_4' title='bbox 388 283 575 339; x_wconf 76' lang='grc' dir='ltr'><em>μιμητάς</em></span> <span class='ocrx_word' id='word_1_5' title='bbox 601 282 793 328; x_wconf 77' lang='grc' dir='ltr'><strong><em>εἰδώλων</em></strong></span> <span class='ocrx_word' id='word_1_6' title='bbox 821 284 976 342; x_wconf 73' lang='grc' dir='ltr'><em>ἀρετῆς</em></span> <span class='ocrx_word' id='word_1_7' title='bbox 1003 283 1114 328; x_wconf 84' lang='grc' dir='ltr'><em>εἶναι</em></span> <span class='ocrx_word' id='word_1_8' title='bbox 1143 284 1218 328; x_wconf 84' lang='grc' dir='ltr'>καὶ</span> <span class='ocrx_word' id='word_1_9' title='bbox 1244 286 1330 327; x_wconf 79' lang='grc' dir='ltr'>τῶν</span> <span class='ocrx_word' id='word_1_10' title='bbox 1362 281 1516 335; x_wconf 73' lang='grc' dir='ltr'><em>ἄλλων,</em></span> <span class='ocrx_word' id='word_1_11' title='bbox 1536 283 1632 337; x_wconf 83' lang='grc' dir='ltr'><em>περὶ</em></span> 
     </span>
     <span class='ocr_line' id='line_1_4' title="bbox 254 350 1632 409; baseline -0.001 -13"><span class='ocrx_word' id='word_1_12' title='bbox 254 350 318 396; x_wconf 73' lang='grc' dir='ltr'>ὧν</span> <span class='ocrx_word' id='word_1_13' title='bbox 346 354 546 401; x_wconf 68' lang='grc' dir='ltr'><em>ποιοῦσι.</em></span> <span class='ocrx_word' id='word_1_14' title='bbox 573 356 650 408; x_wconf 85' lang='grc' dir='ltr'>τῆς</span> <span class='ocrx_word' id='word_1_15' title='bbox 680 353 727 397; x_wconf 82' lang='grc' dir='ltr'>δὲ</span> <span class='ocrx_word' id='word_1_16' title='bbox 757 352 964 409; x_wconf 80' lang='grc' dir='ltr'><em>ἀληθείας</em></span> <span class='ocrx_word' id='word_1_17' title='bbox 993 352 1072 409; x_wconf 85' lang='grc' dir='ltr'>οὐχ</span> <span class='ocrx_word' id='word_1_18' title='bbox 1106 351 1332 401; x_wconf 81' lang='grc' dir='ltr'><em>ἅπτεσθαι,</em></span> <span class='ocrx_word' id='word_1_19' title='bbox 1359 350 1456 395; x_wconf 79' lang='grc' dir='ltr'><strong><em>ἀλλ’</em></strong></span> <span class='ocrx_word' id='word_1_20' title='bbox 1487 350 1632 404; x_wconf 78' lang='grc' dir='ltr'><em>ὥσπερ</em></span> 
     </span>
    </p>
   </div>
   <div class='ocr_carea' id='block_1_4' title="bbox 252 418 692 476">
    <p class='ocr_par' dir='ltr' id='par_1_4' title="bbox 252 418 692 476">
     <span class='ocr_line' id='line_1_5' title="bbox 252 418 692 476; baseline 0.002 -13"><span class='ocrx_word' id='word_1_21' title='bbox 252 423 339 463; x_wconf 87' lang='grc' dir='ltr'>νῦν</span> <span class='ocrx_word' id='word_1_22' title='bbox 379 418 431 475; x_wconf 79' lang='grc' dir='ltr'>δή</span> <span class='ocrx_word' id='word_1_23' title='bbox 472 419 692 476; x_wconf 78' lang='grc' dir='ltr'><em>ἐλέγομεν,</em></span> 
     </span>
    </p>
   </div>
   <div class='ocr_carea' id='block_1_5' title="bbox 163 418 1635 547">
    <p class='ocr_par' dir='ltr' id='par_1_5' title="bbox 163 418 1635 547">
     <span class='ocr_line' id='line_1_6' title="bbox 733 418 1634 478; baseline -0.003 -13"><span class='ocrx_word' id='word_1_24' title='bbox 733 419 756 466; x_wconf 88' lang='grc' dir='ltr'>ὁ</span> <span class='ocrx_word' id='word_1_25' title='bbox 789 420 1021 478; x_wconf 77' lang='grc' dir='ltr'><em>ζωγράφος</em></span> <span class='ocrx_word' id='word_1_26' title='bbox 1060 419 1330 475; x_wconf 84' lang='grc' dir='ltr'><em>σκυτοτόμον</em></span> <span class='ocrx_word' id='word_1_27' title='bbox 1359 418 1531 475; x_wconf 85' lang='grc' dir='ltr'><em>ποιήσει</em></span> <span class='ocrx_word' id='word_1_28' title='bbox 1561 422 1634 462; x_wconf 85' lang='grc' dir='ltr'>δο-</span> 
     </span>
     <span class='ocr_line' id='line_1_7' title="bbox 163 485 1635 547; baseline -0.001 -15"><span class='ocrx_word' id='word_1_29' title='bbox 163 499 229 533; x_wconf 88' lang='grc'>601</span> <span class='ocrx_word' id='word_1_30' title='bbox 255 491 421 532; x_wconf 78' lang='grc' dir='ltr'><em>κοῦντα</em></span> <span class='ocrx_word' id='word_1_31' title='bbox 451 485 583 539; x_wconf 79' lang='grc' dir='ltr'><em>εἶναι,</em></span> <span class='ocrx_word' id='word_1_32' title='bbox 622 488 754 540; x_wconf 79' lang='grc' dir='ltr'><em>αὐτός</em></span> <span class='ocrx_word' id='word_1_33' title='bbox 795 506 839 532; x_wconf 84' lang='grc' dir='ltr'>τε</span> <span class='ocrx_word' id='word_1_34' title='bbox 880 488 963 533; x_wconf 81' lang='grc' dir='ltr'>οὐκ</span> <span class='ocrx_word' id='word_1_35' title='bbox 1001 490 1165 533; x_wconf 79' lang='grc' dir='ltr'><em>ἐπαΐων</em></span> <span class='ocrx_word' id='word_1_36' title='bbox 1195 488 1294 542; x_wconf 85' lang='grc' dir='ltr'><em>περὶ</em></span> <span class='ocrx_word' id='word_1_37' title='bbox 1323 491 1399 543; x_wconf 87' lang='grc' dir='ltr'>τῆς</span> <span class='ocrx_word' id='word_1_38' title='bbox 1430 500 1635 547; x_wconf 80' lang='grc' dir='ltr'><em>σκυτοτο-</em></span> 
     </span>
    </p>
   </div>
   <div class='ocr_carea' id='block_1_6' title="bbox 253 554 1636 612">
    <p class='ocr_par' dir='ltr' id='par_1_6' title="bbox 253 554 1636 612">
     <span class='ocr_line' id='line_1_8' title="bbox 253 554 1636 612; baseline 0 -14"><span class='ocrx_word' id='word_1_39' title='bbox 253 557 354 611; x_wconf 84' lang='grc' dir='ltr'><em>μίας</em></span> <span class='ocrx_word' id='word_1_40' title='bbox 382 555 455 598; x_wconf 84' lang='grc' dir='ltr'>καὶ</span> <span class='ocrx_word' id='word_1_41' title='bbox 488 560 579 606; x_wconf 85' lang='grc' dir='ltr'><em>τοῖς</em></span> <span class='ocrx_word' id='word_1_42' title='bbox 613 555 670 612; x_wconf 81' lang='grc' dir='ltr'><em>μή</em></span> <span class='ocrx_word' id='word_1_43' title='bbox 712 556 969 609; x_wconf 81' lang='grc' dir='ltr'><strong><em>ἐπαΐουσιν,</em></strong></span> <span class='ocrx_word' id='word_1_44' title='bbox 1012 556 1058 599; x_wconf 80' lang='grc' dir='ltr'>ἐκ</span> <span class='ocrx_word' id='word_1_45' title='bbox 1088 560 1176 598; x_wconf 74' lang='grc' dir='ltr'>τῶν</span> <span class='ocrx_word' id='word_1_46' title='bbox 1214 554 1458 610; x_wconf 79' lang='grc' dir='ltr'><em>χρωμάτων</em></span> <span class='ocrx_word' id='word_1_47' title='bbox 1487 555 1532 598; x_wconf 79' lang='grc' dir='ltr'>δὲ</span> <span class='ocrx_word' id='word_1_48' title='bbox 1562 554 1636 598; x_wconf 83' lang='grc' dir='ltr'>καὶ</span> 
     </span>
    </p>
   </div>
   <div class='ocr_carea' id='block_1_7' title="bbox 254 620 1163 680">
    <p class='ocr_par' dir='ltr' id='par_1_7' title="bbox 254 620 1163 680">
     <span class='ocr_line' id='line_1_9' title="bbox 254 620 1163 680; baseline -0.001 -14"><span class='ocrx_word' id='word_1_49' title='bbox 254 621 486 678; x_wconf 73' lang='grc' dir='ltr'><em>σχημάτων</em></span> <span class='ocrx_word' id='word_1_50' title='bbox 525 628 769 678; x_wconf 82' lang='grc' dir='ltr'><em>θεωροῦσι;</em></span> <span class='ocrx_word' id='word_1_51' title='bbox 803 624 932 668; x_wconf 89' lang='grc' dir='ltr'><em>Πάνυ</em></span> <span class='ocrx_word' id='word_1_52' title='bbox 961 624 1039 680; x_wconf 66' lang='grc' dir='ltr'><em>μὲν</em></span> <span class='ocrx_word' id='word_1_53' title='bbox 1070 620 1163 668; x_wconf 84' lang='grc' dir='ltr'><em>οὖν.</em></span> 
     </span>
    </p>
   </div>
   <div class='ocr_carea' id='block_1_8' title="bbox 1229 621 1634 679">
    <p class='ocr_par' dir='ltr' id='par_1_8' title="bbox 1229 621 1634 679">
     <span class='ocr_line' id='line_1_10' title="bbox 1229 621 1634 679; baseline 0 -13"><span class='ocrx_word' id='word_1_54' title='bbox 1229 622 1353 666; x_wconf 78' lang='grc' dir='ltr'><em>Οὕτω</em></span> <span class='ocrx_word' id='word_1_55' title='bbox 1394 624 1467 679; x_wconf 86' lang='grc' dir='ltr'>δὴ,</span> <span class='ocrx_word' id='word_1_56' title='bbox 1501 621 1634 679; x_wconf 81' lang='grc' dir='ltr'><em>οἶμαι,</em></span> 
     </span>
    </p>
   </div>
   <div class='ocr_carea' id='block_1_9' title="bbox 252 688 1639 816">
    <p class='ocr_par' dir='ltr' id='par_1_9' title="bbox 252 688 1639 816">
     <span class='ocr_line' id='line_1_11' title="bbox 253 688 1637 749; baseline -0.001 -15"><span class='ocrx_word' id='word_1_57' title='bbox 253 689 328 734; x_wconf 82' lang='grc' dir='ltr'>καὶ</span> <span class='ocrx_word' id='word_1_58' title='bbox 357 688 434 732; x_wconf 85' lang='grc' dir='ltr'>τὸν</span> <span class='ocrx_word' id='word_1_59' title='bbox 464 690 692 747; x_wconf 86' lang='grc' dir='ltr'><em>ποιητικὸν</em></span> <span class='ocrx_word' id='word_1_60' title='bbox 724 690 926 748; x_wconf 81' lang='grc' dir='ltr'><em>φήσομεν</em></span> <span class='ocrx_word' id='word_1_61' title='bbox 954 692 1158 749; x_wconf 80' lang='grc' dir='ltr'><em>χρώματα</em></span> <span class='ocrx_word' id='word_1_62' title='bbox 1189 690 1294 734; x_wconf 76' lang='grc' dir='ltr'><em>ἅττα</em></span> <span class='ocrx_word' id='word_1_63' title='bbox 1324 690 1518 734; x_wconf 77' lang='grc' dir='ltr'><em>ἑκάστων</em></span> <span class='ocrx_word' id='word_1_64' title='bbox 1546 694 1637 733; x_wconf 77' lang='grc' dir='ltr'>τῶν</span> 
     </span>
     <span class='ocr_line' id='line_1_12' title="bbox 252 756 1639 816; baseline 0 -14"><span class='ocrx_word' id='word_1_65' title='bbox 252 762 416 815; x_wconf 75' lang='grc' dir='ltr'><em>τεχνῶν</em></span> <span class='ocrx_word' id='word_1_66' title='bbox 442 764 534 810; x_wconf 85' lang='grc' dir='ltr'><em>τοῖς</em></span> <span class='ocrx_word' id='word_1_67' title='bbox 566 758 754 815; x_wconf 83' lang='grc' dir='ltr'><em>ὀνόμασι</em></span> <span class='ocrx_word' id='word_1_68' title='bbox 783 761 857 804; x_wconf 82' lang='grc' dir='ltr'>καὶ</span> <span class='ocrx_word' id='word_1_69' title='bbox 888 758 1075 816; x_wconf 78' lang='grc' dir='ltr'><em>ῥήμασιν</em></span> <span class='ocrx_word' id='word_1_70' title='bbox 1105 760 1469 815; x_wconf 80' lang='grc' dir='ltr'><em>ἐπιχρωματίζειν,</em></span> <span class='ocrx_word' id='word_1_71' title='bbox 1499 756 1639 809; x_wconf 71' lang='grc' dir='ltr'><em>αὐτὸν</em></span> 
     </span>
    </p>
   </div>
   <div class='ocr_carea' id='block_1_10' title="bbox 255 860 921 1320">
    <p class='ocr_par' dir='ltr' id='par_1_10' title="bbox 255 860 921 1320">
     <span class='ocr_line' id='line_1_13' title="bbox 255 860 918 907; baseline 0 -12"><span class='ocrx_word' id='word_1_72' title='bbox 255 862 334 895; x_wconf 87' lang='lat' dir='ltr'>item</span> <span class='ocrx_word' id='word_1_73' title='bbox 359 860 400 896; x_wconf 90' lang='lat' dir='ltr'>L.</span> <span class='ocrx_word' id='word_1_74' title='bbox 422 862 481 894; x_wconf 81' lang='lat' dir='ltr'>VL</span> <span class='ocrx_word' id='word_1_75' title='bbox 508 862 638 905; x_wconf 83' lang='lat' dir='ltr'><strong>p..498</strong></span> <span class='ocrx_word' id='word_1_76' title='bbox 658 862 699 897; x_wconf 88' lang='lat' dir='ltr'>C.</span> <span class='ocrx_word' id='word_1_77' title='bbox 725 867 759 896; x_wconf 84' lang='lat' dir='ltr'>et</span> <span class='ocrx_word' id='word_1_78' title='bbox 782 862 918 907; x_wconf 76' lang='lat' dir='ltr'>reliqui,</span> 
     </span>
     <span class='ocr_line' id='line_1_14' title="bbox 256 907 916 953; baseline 0.003 -13"><span class='ocrx_word' id='word_1_79' title='bbox 256 919 342 952; x_wconf 89' lang='lat' dir='ltr'>quos</span> <span class='ocrx_word' id='word_1_80' title='bbox 368 907 536 941; x_wconf 84' lang='lat' dir='ltr'>Heusdius</span> <span class='ocrx_word' id='word_1_81' title='bbox 570 919 662 953; x_wconf 87' lang='lat' dir='ltr'>spec.</span> <span class='ocrx_word' id='word_1_82' title='bbox 695 909 771 942; x_wconf 88' lang='lat' dir='ltr'>crit.</span> <span class='ocrx_word' id='word_1_83' title='bbox 805 920 838 953; x_wconf 89' lang='lat' dir='ltr'>p.</span> <span class='ocrx_word' id='word_1_84' title='bbox 859 910 916 942; x_wconf 79' lang='lat'>39.</span> 
     </span>
     <span class='ocr_line' id='line_1_15' title="bbox 256 952 919 999; baseline -0.002 -13"><span class='ocrx_word' id='word_1_85' title='bbox 256 965 323 986; x_wconf 85' lang='lat' dir='ltr'>una</span> <span class='ocrx_word' id='word_1_86' title='bbox 347 964 422 986; x_wconf 88' lang='lat' dir='ltr'>cum</span> <span class='ocrx_word' id='word_1_87' title='bbox 452 952 507 986; x_wconf 90' lang='lat' dir='ltr'>illo</span> <span class='ocrx_word' id='word_1_88' title='bbox 533 965 574 986; x_wconf 86' lang='lat' dir='ltr'>ex</span> <span class='ocrx_word' id='word_1_89' title='bbox 599 954 799 999; x_wconf 85' lang='lat' dir='ltr'><strong>Symposio,</strong></span> <span class='ocrx_word' id='word_1_90' title='bbox 823 954 919 986; x_wconf 87' lang='lat' dir='ltr'>cuius</span> 
     </span>
     <span class='ocr_line' id='line_1_16' title="bbox 255 998 916 1040; baseline 0.002 -9"><span class='ocrx_word' id='word_1_91' title='bbox 255 1005 372 1032; x_wconf 89' lang='lat' dir='ltr'>tamen</span> <span class='ocrx_word' id='word_1_92' title='bbox 395 998 484 1032; x_wconf 82' lang='lat' dir='ltr'>ratio</span> <span class='ocrx_word' id='word_1_93' title='bbox 513 999 647 1033; x_wconf 83' lang='lat' dir='ltr'>diversa</span> <span class='ocrx_word' id='word_1_94' title='bbox 672 1005 744 1040; x_wconf 89' lang='lat' dir='ltr'>est,</span> <span class='ocrx_word' id='word_1_95' title='bbox 771 999 916 1033; x_wconf 79' lang='lat' dir='ltr'>exhibet.</span> 
     </span>
     <span class='ocr_line' id='line_1_17' title="bbox 256 1044 915 1079; baseline -0.002 -1"><span class='ocrx_word' id='word_1_96' title='bbox 256 1044 350 1078; x_wconf 88' lang='lat' dir='ltr'>Alios</span> <span class='ocrx_word' id='word_1_97' title='bbox 401 1044 555 1078; x_wconf 83' lang='lat' dir='ltr'>exhibuit</span> <span class='ocrx_word' id='word_1_98' title='bbox 601 1045 821 1079; x_wconf 78' lang='lat' dir='ltr'>Heindorfius</span> <span class='ocrx_word' id='word_1_99' title='bbox 872 1044 915 1078; x_wconf 87' lang='lat' dir='ltr'>ad</span> 
     </span>
     <span class='ocr_line' id='line_1_18' title="bbox 257 1091 919 1135; baseline 0.002 -12"><span class='ocrx_word' id='word_1_100' title='bbox 257 1091 362 1135; x_wconf 83' lang='lat' dir='ltr'><strong>Soph.</strong></span> <span class='ocrx_word' id='word_1_101' title='bbox 388 1091 487 1133; x_wconf 47' lang='lat'><strong>§.552</strong></span> <span class='ocrx_word' id='word_1_102' title='bbox 513 1091 573 1125; x_wconf 88' lang='lat' dir='ltr'>sed</span> <span class='ocrx_word' id='word_1_103' title='bbox 597 1091 805 1125; x_wconf 77' lang='lat' dir='ltr'>diversitatis</span> <span class='ocrx_word' id='word_1_104' title='bbox 826 1102 919 1124; x_wconf 89' lang='lat' dir='ltr'>men-</span> 
     </span>
     <span class='ocr_line' id='line_1_19' title="bbox 257 1137 920 1182; baseline 0 -12"><span class='ocrx_word' id='word_1_105' title='bbox 257 1137 381 1170; x_wconf 82' lang='lat' dir='ltr'>tionem</span> <span class='ocrx_word' id='word_1_106' title='bbox 414 1148 457 1170; x_wconf 91' lang='lat' dir='ltr'>ne</span> <span class='ocrx_word' id='word_1_107' title='bbox 491 1137 520 1170; x_wconf 87' lang='lat' dir='ltr'>is</span> <span class='ocrx_word' id='word_1_108' title='bbox 544 1137 678 1182; x_wconf 89' lang='lat' dir='ltr'>quidem</span> <span class='ocrx_word' id='word_1_109' title='bbox 706 1138 798 1171; x_wconf 82' lang='lat' dir='ltr'>feeit.</span> <span class='ocrx_word' id='word_1_110' title='bbox 847 1137 920 1170; x_wconf 88' lang='lat' dir='ltr'>Iam</span> 
     </span>
     <span class='ocr_line' id='line_1_20' title="bbox 258 1183 920 1217; baseline 0 -2"><span class='ocrx_word' id='word_1_111' title='bbox 258 1188 410 1216; x_wconf 80' lang='lat' dir='ltr'>nostrum</span> <span class='ocrx_word' id='word_1_112' title='bbox 444 1183 563 1216; x_wconf 82' lang='lat' dir='ltr'>eodem</span> <span class='ocrx_word' id='word_1_113' title='bbox 598 1184 811 1217; x_wconf 85' lang='lat' dir='ltr'>referendum</span> <span class='ocrx_word' id='word_1_114' title='bbox 844 1194 920 1216; x_wconf 85' lang='lat' dir='ltr'>esse</span> 
     </span>
     <span class='ocr_line' id='line_1_21' title="bbox 259 1228 921 1282; baseline -0.003 -20"><span class='ocrx_word' id='word_1_115' title='bbox 259 1228 410 1262; x_wconf 90' lang='lat' dir='ltr'>codicum</span> <span class='ocrx_word' id='word_1_116' title='bbox 445 1229 631 1263; x_wconf 84' lang='lat' dir='ltr'>auctoritas</span> <span class='ocrx_word' id='word_1_117' title='bbox 667 1229 745 1262; x_wconf 86' lang='lat' dir='ltr'>mihi</span> <span class='ocrx_word' id='word_1_118' title='bbox 778 1239 921 1282; x_wconf 85' lang='lat' dir='ltr'>persua-</span> 
     </span>
     <span class='ocr_line' id='line_1_22' title="bbox 257 1272 920 1320; baseline 0 -14"><span class='ocrx_word' id='word_1_119' title='bbox 257 1274 337 1315; x_wconf 86' lang='lat' dir='ltr'>det,</span> <span class='ocrx_word' id='word_1_120' title='bbox 362 1286 563 1318; x_wconf 86' lang='lat' dir='ltr'>quamquam</span> <span class='ocrx_word' id='word_1_121' title='bbox 588 1272 727 1320; x_wconf 80' lang='grc' dir='ltr'><em>αρξάμε</em></span> <span class='ocrx_word' id='word_1_122' title='bbox 730 1286 809 1317; x_wconf 88' lang='grc' dir='ltr'><em>νοι,</em></span> <span class='ocrx_word' id='word_1_123' title='bbox 835 1274 864 1307; x_wconf 87' lang='lat' dir='ltr'>si</span> <span class='ocrx_word' id='word_1_124' title='bbox 885 1274 920 1306; x_wconf 88' lang='lat' dir='ltr'>in</span> 
     </span>
    </p>
   </div>
   <div class='ocr_carea' id='block_1_11' title="bbox 257 1300 1007 1374">
    <p class='ocr_par' dir='ltr' id='par_1_11' title="bbox 257 1300 1007 1374">
     <span class='ocr_line' id='line_1_23' title="bbox 257 1300 1007 1374; baseline 0.003 -22"><span class='ocrx_word' id='word_1_125' title='bbox 257 1320 336 1353; x_wconf 88' lang='lat' dir='ltr'><strong>Par.</strong></span> <span class='ocrx_word' id='word_1_126' title='bbox 362 1321 402 1352; x_wconf 91' lang='lat' dir='ltr'>A.</span> <span class='ocrx_word' id='word_1_127' title='bbox 436 1323 570 1361; x_wconf 85' lang='lat' dir='ltr'>exstat,</span> <span class='ocrx_word' id='word_1_128' title='bbox 603 1333 665 1374; x_wconf 87' lang='lat' dir='ltr'>pro</span> <span class='ocrx_word' id='word_1_129' title='bbox 696 1332 779 1354; x_wconf 85' lang='lat' dir='ltr'>vero</span> <span class='ocrx_word' id='word_1_130' title='bbox 800 1300 922 1353; x_wconf 65' lang='lat' dir='ltr'>’haberi</span> <span class='ocrx_word' id='word_1_131' title='bbox 979 1321 1007 1354; x_wconf 88' lang='lat' dir='ltr'>C</span> 
     </span>
    </p>
   </div>
   <div class='ocr_carea' id='block_1_12' title="bbox 258 1362 929 2372">
    <p class='ocr_par' dir='ltr' id='par_1_12' title="bbox 258 1362 929 2366">
     <span class='ocr_line' id='line_1_24' title="bbox 259 1362 919 1420; baseline -0.002 -21"><span class='ocrx_word' id='word_1_132' title='bbox 259 1370 294 1399; x_wconf 89' lang='lat' dir='ltr'>et</span> <span class='ocrx_word' id='word_1_133' title='bbox 328 1369 367 1398; x_wconf 89' lang='lat' dir='ltr'>ut</span> <span class='ocrx_word' id='word_1_134' title='bbox 405 1362 611 1410; x_wconf 66' lang='grc' dir='ltr'><em>ἀρξάμενος</em></span> <span class='ocrx_word' id='word_1_135' title='bbox 650 1366 685 1400; x_wconf 93' lang='lat' dir='ltr'>in</span> <span class='ocrx_word' id='word_1_136' title='bbox 724 1365 919 1420; x_wconf 85' lang='lat' dir='ltr'>Symposio,</span> 
     </span>
     <span class='ocr_line' id='line_1_25' title="bbox 259 1409 920 1456; baseline 0 -12"><span class='ocrx_word' id='word_1_137' title='bbox 259 1410 316 1444; x_wconf 88' lang='lat' dir='ltr'>ubi</span> <span class='ocrx_word' id='word_1_138' title='bbox 348 1411 439 1445; x_wconf 91' lang='lat' dir='ltr'>nullo</span> <span class='ocrx_word' id='word_1_139' title='bbox 470 1413 504 1445; x_wconf 91' lang='lat' dir='ltr'>in</span> <span class='ocrx_word' id='word_1_140' title='bbox 541 1413 657 1446; x_wconf 85' lang='lat' dir='ltr'>codice</span> <span class='ocrx_word' id='word_1_141' title='bbox 689 1409 920 1456; x_wconf 71' lang='grc' dir='ltr'><em>ἀρξαμένους</em></span> 
     </span>
     <span class='ocr_line' id='line_1_26' title="bbox 258 1457 921 1503; baseline 0.002 -14"><span class='ocrx_word' id='word_1_142' title='bbox 258 1457 430 1490; x_wconf 82' lang='lat' dir='ltr'>inventum</span> <span class='ocrx_word' id='word_1_143' title='bbox 454 1463 518 1499; x_wconf 79' lang='lat' dir='ltr'>est,</span> <span class='ocrx_word' id='word_1_144' title='bbox 538 1458 703 1503; x_wconf 86' lang='lat' dir='ltr'>explicari</span> <span class='ocrx_word' id='word_1_145' title='bbox 722 1469 822 1503; x_wconf 85' lang='lat' dir='ltr'>posse</span> <span class='ocrx_word' id='word_1_146' title='bbox 841 1468 921 1490; x_wconf 84' lang='lat' dir='ltr'>con-</span> 
     </span>
     <span class='ocr_line' id='line_1_27' title="bbox 261 1502 922 1549; baseline 0.002 -14"><span class='ocrx_word' id='word_1_147' title='bbox 261 1502 355 1536; x_wconf 86' lang='lat' dir='ltr'>cedo.</span> <span class='ocrx_word' id='word_1_148' title='bbox 422 1503 529 1538; x_wconf 85' lang='lat' dir='ltr'>Simili</span> <span class='ocrx_word' id='word_1_149' title='bbox 569 1505 666 1538; x_wconf 91' lang='lat' dir='ltr'>modo</span> <span class='ocrx_word' id='word_1_150' title='bbox 703 1503 922 1549; x_wconf 87' lang='lat' dir='ltr'>explicandus</span> 
     </span>
     <span class='ocr_line' id='line_1_28' title="bbox 260 1549 920 1584; baseline -0.003 -1"><span class='ocrx_word' id='word_1_151' title='bbox 260 1549 397 1583; x_wconf 84' lang='lat' dir='ltr'>videtur</span> <span class='ocrx_word' id='word_1_152' title='bbox 428 1550 596 1583; x_wconf 83' lang='lat' dir='ltr'>Herodoti</span> <span class='ocrx_word' id='word_1_153' title='bbox 629 1552 722 1584; x_wconf 77' lang='lat' dir='ltr'>locus</span> <span class='ocrx_word' id='word_1_154' title='bbox 758 1550 798 1583; x_wconf 88' lang='lat' dir='ltr'>L.</span> <span class='ocrx_word' id='word_1_155' title='bbox 824 1549 866 1582; x_wconf 92' lang='lat' dir='ltr'>V.</span> <span class='ocrx_word' id='word_1_156' title='bbox 891 1560 920 1581; x_wconf 89' lang='lat' dir='ltr'>c.</span> 
     </span>
     <span class='ocr_line' id='line_1_29' title="bbox 261 1592 923 1651; baseline -0.002 -23"><span class='ocrx_word' id='word_1_157' title='bbox 261 1593 327 1629; x_wconf 74' lang='lat'>49:</span> <span class='ocrx_word' id='word_1_158' title='bbox 354 1592 429 1628; x_wconf 76' lang='grc' dir='ltr'><em>ἔστι</em></span> <span class='ocrx_word' id='word_1_159' title='bbox 449 1592 488 1629; x_wconf 75' lang='grc' dir='ltr'>δὲ</span> <span class='ocrx_word' id='word_1_160' title='bbox 508 1595 571 1629; x_wconf 82' lang='grc' dir='ltr'>καὶ</span> <span class='ocrx_word' id='word_1_161' title='bbox 591 1592 732 1651; x_wconf 66' lang='grc' dir='ltr'><em>ἀγαθὰ</em></span> <span class='ocrx_word' id='word_1_162' title='bbox 737 1598 833 1629; x_wconf 85' lang='grc' dir='ltr'><em>τοῖσι</em></span> <span class='ocrx_word' id='word_1_163' title='bbox 853 1592 923 1649; x_wconf 82' lang='grc' dir='ltr'>τὴν</span> 
     </span>
     <span class='ocr_line' id='line_1_30' title="bbox 261 1636 924 1697; baseline 0 -24"><span class='ocrx_word' id='word_1_164' title='bbox 261 1636 418 1696; x_wconf 82' lang='grc' dir='ltr'><em>ἤπειρον</em></span> <span class='ocrx_word' id='word_1_165' title='bbox 439 1638 579 1686; x_wconf 77' lang='grc' dir='ltr'><em>ἐκείνην</em></span> <span class='ocrx_word' id='word_1_166' title='bbox 598 1640 830 1697; x_wconf 80' lang='grc' dir='ltr'><em>νεμομένοισι</em></span> <span class='ocrx_word' id='word_1_167' title='bbox 854 1637 924 1675; x_wconf 81' lang='grc' dir='ltr'><em>ὅσα</em></span> 
     </span>
     <span class='ocr_line' id='line_1_31' title="bbox 263 1683 921 1722; baseline 0.002 -3"><span class='ocrx_word' id='word_1_168' title='bbox 263 1683 351 1720; x_wconf 84' lang='grc' dir='ltr'><em>ουδε</em></span> <span class='ocrx_word' id='word_1_169' title='bbox 391 1689 488 1721; x_wconf 87' lang='grc' dir='ltr'><em>τοῖσι</em></span> <span class='ocrx_word' id='word_1_170' title='bbox 532 1686 718 1722; x_wconf 73' lang='grc' dir='ltr'><em>συνάπασι</em></span> <span class='ocrx_word' id='word_1_171' title='bbox 760 1683 921 1721; x_wconf 76' lang='grc' dir='ltr'><em>ἄλλοισι·</em></span> 
     </span>
     <span class='ocr_line' id='line_1_32' title="bbox 263 1729 924 1791; baseline 0.002 -26"><span class='ocrx_word' id='word_1_172' title='bbox 263 1729 339 1766; x_wconf 67' lang='lat' dir='ltr'>vind</span> <span class='ocrx_word' id='word_1_173' title='bbox 369 1734 507 1790; x_wconf 81' lang='grc' dir='ltr'><em>χρυσοῦ</em></span> <span class='ocrx_word' id='word_1_174' title='bbox 545 1732 783 1791; x_wconf 72' lang='grc' dir='ltr'><em>ἀρξαμένοισι</em></span> <span class='ocrx_word' id='word_1_175' title='bbox 813 1729 924 1776; x_wconf 69' lang='grc' dir='ltr'><em>ἄργυ-</em></span> 
     </span>
     <span class='ocr_line' id='line_1_33' title="bbox 262 1778 924 1833; baseline 0 -22"><span class='ocrx_word' id='word_1_176' title='bbox 262 1789 328 1822; x_wconf 91' lang='grc' dir='ltr'><em>ρος</em></span> <span class='ocrx_word' id='word_1_177' title='bbox 345 1778 407 1812; x_wconf 79' lang='grc' dir='ltr'>καὶ</span> <span class='ocrx_word' id='word_1_178' title='bbox 425 1778 559 1833; x_wconf 74' lang='grc' dir='ltr'><em>χαλκὸς</em></span> <span class='ocrx_word' id='word_1_179' title='bbox 585 1780 648 1814; x_wconf 72' lang='grc' dir='ltr'>καὶ</span> <span class='ocrx_word' id='word_1_180' title='bbox 669 1778 785 1824; x_wconf 77' lang='grc' dir='ltr'><em>ἐσθὴς</em></span> <span class='ocrx_word' id='word_1_181' title='bbox 805 1778 924 1812; x_wconf 82' lang='grc' dir='ltr'><em>ποικί-</em></span> 
     </span>
     <span class='ocr_line' id='line_1_34' title="bbox 262 1821 923 1880; baseline 0 -23"><span class='ocrx_word' id='word_1_182' title='bbox 262 1825 305 1868; x_wconf 80' lang='grc' dir='ltr'>λη</span> <span class='ocrx_word' id='word_1_183' title='bbox 328 1823 390 1858; x_wconf 80' lang='grc' dir='ltr'>καὶ</span> <span class='ocrx_word' id='word_1_184' title='bbox 417 1822 603 1869; x_wconf 77' lang='grc' dir='ltr'><em>ὑποζύγιά</em></span> <span class='ocrx_word' id='word_1_185' title='bbox 632 1838 671 1860; x_wconf 87' lang='grc' dir='ltr'>τε</span> <span class='ocrx_word' id='word_1_186' title='bbox 698 1826 762 1860; x_wconf 77' lang='grc' dir='ltr'>καὶ</span> <span class='ocrx_word' id='word_1_187' title='bbox 786 1821 923 1880; x_wconf 71' lang='grc' dir='ltr'><em>ἄνδρά-</em></span> 
     </span>
     <span class='ocr_line' id='line_1_35' title="bbox 261 1870 924 1916; baseline -0.002 -13"><span class='ocrx_word' id='word_1_188' title='bbox 261 1870 373 1903; x_wconf 82' lang='grc' dir='ltr'><em>ποδοι.</em></span> <span class='ocrx_word' id='word_1_189' title='bbox 402 1871 530 1905; x_wconf 73' lang='lat' dir='ltr'>habent</span> <span class='ocrx_word' id='word_1_190' title='bbox 549 1873 637 1906; x_wconf 84' lang='lat' dir='ltr'>bona</span> <span class='ocrx_word' id='word_1_191' title='bbox 662 1873 832 1916; x_wconf 78' lang='lat' dir='ltr'>plurima:</span> <span class='ocrx_word' id='word_1_192' title='bbox 856 1871 924 1904; x_wconf 84' lang='lat' dir='ltr'>ini-</span> 
     </span>
     <span class='ocr_line' id='line_1_36' title="bbox 262 1917 926 1961; baseline -0.003 -11"><span class='ocrx_word' id='word_1_193' title='bbox 262 1917 311 1951; x_wconf 81' lang='lat' dir='ltr'>tio</span> <span class='ocrx_word' id='word_1_194' title='bbox 340 1918 528 1961; x_wconf 79' lang='lat' dir='ltr'>(habendi)</span> <span class='ocrx_word' id='word_1_195' title='bbox 561 1919 604 1951; x_wconf 87' lang='lat' dir='ltr'>ab</span> <span class='ocrx_word' id='word_1_196' title='bbox 628 1930 713 1951; x_wconf 80' lang='lat' dir='ltr'>auro</span> <span class='ocrx_word' id='word_1_197' title='bbox 739 1921 839 1961; x_wconf 82' lang='lat' dir='ltr'>facto</span> <span class='ocrx_word' id='word_1_198' title='bbox 863 1929 926 1948; x_wconf 82' lang='grc' dir='ltr'><em>αι·-</em></span> 
     </span>
     <span class='ocr_line' id='line_1_37' title="bbox 264 1965 926 2018; baseline -0.003 -22"><span class='ocrx_word' id='word_1_199' title='bbox 264 1968 430 2018; x_wconf 83' lang='lat' dir='ltr'><strong><em>gentum,</em></strong></span> <span class='ocrx_word' id='word_1_200' title='bbox 463 1975 542 2004; x_wconf 73' lang='lat' dir='ltr'>aeS,</span> <span class='ocrx_word' id='word_1_201' title='bbox 576 1970 725 2005; x_wconf 71' lang='lat' dir='ltr'>vestem,</span> <span class='ocrx_word' id='word_1_202' title='bbox 761 1965 926 2002; x_wconf 78' lang='lat' dir='ltr'>iumenta,</span> 
     </span>
     <span class='ocr_line' id='line_1_38' title="bbox 265 1990 926 2053; baseline 0 -12"><span class='ocrx_word' id='word_1_203' title='bbox 265 2010 453 2052; x_wconf 80' lang='lat' dir='ltr'>mancipia.</span> <span class='ocrx_word' id='word_1_204' title='bbox 502 2010 571 2043; x_wconf 89' lang='lat' dir='ltr'>Sed</span> <span class='ocrx_word' id='word_1_205' title='bbox 605 2011 638 2044; x_wconf 89' lang='lat' dir='ltr'>in</span> <span class='ocrx_word' id='word_1_206' title='bbox 662 1990 796 2053; x_wconf 69' lang='lat' dir='ltr'>optimis</span> <span class='ocrx_word' id='word_1_207' title='bbox 822 2009 926 2049; x_wconf 84' lang='lat' dir='ltr'>libris,</span> 
     </span>
     <span class='ocr_line' id='line_1_39' title="bbox 264 2051 925 2097; baseline 0 -9"><span class='ocrx_word' id='word_1_208' title='bbox 264 2055 504 2089; x_wconf 83' lang='lat' dir='ltr'>Sancroftiano</span> <span class='ocrx_word' id='word_1_209' title='bbox 524 2061 559 2089; x_wconf 89' lang='lat' dir='ltr'>et</span> <span class='ocrx_word' id='word_1_210' title='bbox 579 2055 837 2089; x_wconf 85' lang='lat' dir='ltr'>Vindobonensi</span> <span class='ocrx_word' id='word_1_211' title='bbox 862 2051 925 2097; x_wconf 84' lang='grc' dir='ltr'><em>άρ-</em></span> 
     </span>
     <span class='ocr_line' id='line_1_40' title="bbox 264 2097 924 2147; baseline 0 -14"><span class='ocrx_word' id='word_1_212' title='bbox 264 2099 416 2144; x_wconf 80' lang='grc' dir='ltr'><em>ξάμενοι</em></span> <span class='ocrx_word' id='word_1_213' title='bbox 434 2102 570 2145; x_wconf 82' lang='lat' dir='ltr'>legitur,</span> <span class='ocrx_word' id='word_1_214' title='bbox 591 2102 682 2147; x_wconf 90' lang='lat' dir='ltr'>quod</span> <span class='ocrx_word' id='word_1_215' title='bbox 700 2102 729 2135; x_wconf 91' lang='lat' dir='ltr'>si</span> <span class='ocrx_word' id='word_1_216' title='bbox 751 2102 793 2135; x_wconf 86' lang='lat' dir='ltr'>ad</span> <span class='ocrx_word' id='word_1_217' title='bbox 814 2097 924 2144; x_wconf 74' lang='grc' dir='ltr'><em>ἄργυ-</em></span> 
     </span>
     <span class='ocr_line' id='line_1_41' title="bbox 267 2145 927 2190; baseline -0.002 -11"><span class='ocrx_word' id='word_1_218' title='bbox 267 2158 332 2190; x_wconf 91' lang='grc' dir='ltr'><em>ρος</em></span> <span class='ocrx_word' id='word_1_219' title='bbox 367 2152 403 2180; x_wconf 87' lang='lat' dir='ltr'>et</span> <span class='ocrx_word' id='word_1_220' title='bbox 436 2147 568 2190; x_wconf 78' lang='grc' dir='ltr'><em>χαλκὸς</em></span> <span class='ocrx_word' id='word_1_221' title='bbox 604 2149 734 2181; x_wconf 74' lang='lat' dir='ltr'>referas</span> <span class='ocrx_word' id='word_1_222' title='bbox 768 2147 821 2180; x_wconf 83' lang='lat' dir='ltr'>vel</span> <span class='ocrx_word' id='word_1_223' title='bbox 862 2145 927 2179; x_wconf 89' lang='lat' dir='ltr'>leni</span> 
     </span>
     <span class='ocr_line' id='line_1_42' title="bbox 266 2191 927 2237; baseline -0.002 -12"><span class='ocrx_word' id='word_1_224' title='bbox 266 2193 453 2227; x_wconf 83' lang='lat' dir='ltr'>mutatione</span> <span class='ocrx_word' id='word_1_225' title='bbox 485 2191 675 2237; x_wconf 65' lang='grc' dir='ltr'><em>ἀρξάμενοι</em></span> <span class='ocrx_word' id='word_1_226' title='bbox 700 2193 849 2233; x_wconf 77' lang='lat' dir='ltr'>scribas,</span> <span class='ocrx_word' id='word_1_227' title='bbox 873 2192 927 2225; x_wconf 90' lang='lat' dir='ltr'>di-</span> 
     </span>
     <span class='ocr_line' id='line_1_43' title="bbox 267 2218 929 2284; baseline -0.003 -12"><span class='ocrx_word' id='word_1_228' title='bbox 267 2238 412 2272; x_wconf 87' lang='lat' dir='ltr'>ctionem</span> <span class='ocrx_word' id='word_1_229' title='bbox 434 2240 477 2273; x_wconf 84' lang='lat' dir='ltr'>ad</span> <span class='ocrx_word' id='word_1_230' title='bbox 502 2241 644 2274; x_wconf 73' lang='lat' dir='ltr'>alterum</span> <span class='ocrx_word' id='word_1_231' title='bbox 677 2250 783 2284; x_wconf 79' lang='lat' dir='ltr'>genus</span> <span class='ocrx_word' id='word_1_232' title='bbox 810 2218 929 2272; x_wconf 52' lang='lat' dir='ltr'>tradu-</span> 
     </span>
     <span class='ocr_line' id='line_1_44' title="bbox 268 2285 928 2330; baseline 0 -13"><span class='ocrx_word' id='word_1_233' title='bbox 268 2296 325 2317; x_wconf 87' lang='lat' dir='ltr'>cas</span> <span class='ocrx_word' id='word_1_234' title='bbox 359 2290 394 2317; x_wconf 91' lang='lat' dir='ltr'>et</span> <span class='ocrx_word' id='word_1_235' title='bbox 429 2286 536 2319; x_wconf 87' lang='lat' dir='ltr'>locum</span> <span class='ocrx_word' id='word_1_236' title='bbox 561 2290 687 2326; x_wconf 79' lang='lat' dir='ltr'>nostro,</span> <span class='ocrx_word' id='word_1_237' title='bbox 712 2285 846 2330; x_wconf 81' lang='lat' dir='ltr'>qualem</span> <span class='ocrx_word' id='word_1_238' title='bbox 869 2295 928 2318; x_wconf 83' lang='lat' dir='ltr'>nos</span> 
     </span>
     <span class='ocr_line' id='line_1_45' title="bbox 267 2329 752 2372; baseline 0.002 -9"><span class='ocrx_word' id='word_1_239' title='bbox 267 2329 432 2372; x_wconf 84' lang='lat' dir='ltr'>dedimus,</span> <span class='ocrx_word' id='word_1_240' title='bbox 446 2332 594 2368; x_wconf 83' lang='lat' dir='ltr'>similem</span> <span class='ocrx_word' id='word_1_241' title='bbox 619 2332 752 2365; x_wconf 82' lang='lat' dir='ltr'>reddas.</span> 
     </span>
    </p>
   </div>
   <div class='ocr_carea' id='block_1_13' title="bbox 315 2385 927 2433">
    <p class='ocr_par' dir='ltr' id='par_1_13' title="bbox 315 2385 927 2433">
     <span class='ocr_line' id='line_1_46' title="bbox 315 2385 927 2433; baseline 0 -12"><span class='ocrx_word' id='word_1_242' title='bbox 315 2385 491 2433; x_wconf 78' lang='grc' dir='ltr'><em>εἰδώλων]</em></span> <span class='ocrx_word' id='word_1_243' title='bbox 517 2390 593 2423; x_wconf 75' lang='grc' dir='ltr'>τῶν</span> <span class='ocrx_word' id='word_1_244' title='bbox 619 2389 662 2423; x_wconf 86' lang='grc' dir='ltr'><strong>εἰ.</strong></span> <span class='ocrx_word' id='word_1_245' title='bbox 680 2389 764 2423; x_wconf 90' lang='lat' dir='ltr'><strong>Lob.</strong></span> <span class='ocrx_word' id='word_1_246' title='bbox 788 2388 865 2424; x_wconf 85' lang='lat' dir='ltr'>Vat.</span> <span class='ocrx_word' id='word_1_247' title='bbox 879 2387 927 2421; x_wconf 84' lang='lat' dir='ltr'>M.</span> 
     </span>
    </p>
   </div>
   <div class='ocr_carea' id='block_1_14' title="bbox 269 2444 931 2571">
    <p class='ocr_par' dir='ltr' id='par_1_14' title="bbox 269 2444 931 2571">
     <span class='ocr_line' id='line_1_47' title="bbox 314 2444 930 2489; baseline -0.002 -11"><span class='ocrx_word' id='word_1_248' title='bbox 314 2444 412 2489; x_wconf 84' lang='grc' dir='ltr'><em>περὶ]</em></span> <span class='ocrx_word' id='word_1_249' title='bbox 442 2444 528 2489; x_wconf 79' lang='grc' dir='ltr'><em>πέρι</em></span> <span class='ocrx_word' id='word_1_250' title='bbox 553 2447 642 2480; x_wconf 87' lang='lat' dir='ltr'><strong>Lob.</strong></span> <span class='ocrx_word' id='word_1_251' title='bbox 666 2447 759 2481; x_wconf 83' lang='lat' dir='ltr'><strong>Mon.</strong></span> <span class='ocrx_word' id='word_1_252' title='bbox 784 2447 825 2480; x_wconf 93' lang='lat' dir='ltr'>B.</span> <span class='ocrx_word' id='word_1_253' title='bbox 851 2446 930 2479; x_wconf 84' lang='lat' dir='ltr'><strong>Par.</strong></span> 
     </span>
     <span class='ocr_line' id='line_1_48' title="bbox 269 2490 931 2527; baseline 0.002 -3"><span class='ocrx_word' id='word_1_254' title='bbox 269 2490 313 2524; x_wconf 91' lang='lat' dir='ltr'>K.</span> <span class='ocrx_word' id='word_1_255' title='bbox 338 2502 406 2525; x_wconf 83' lang='lat' dir='ltr'>sec.</span> <span class='ocrx_word' id='word_1_256' title='bbox 431 2492 542 2527; x_wconf 89' lang='lat' dir='ltr'><strong>Bekk.</strong></span> <span class='ocrx_word' id='word_1_257' title='bbox 575 2493 651 2526; x_wconf 85' lang='lat' dir='ltr'><strong>Ald.</strong></span> <span class='ocrx_word' id='word_1_258' title='bbox 681 2494 762 2527; x_wconf 86' lang='lat' dir='ltr'><strong>Bas.</strong></span> <span class='ocrx_word' id='word_1_259' title='bbox 788 2494 842 2526; x_wconf 88' lang='lat' dir='ltr'>ab.</span> <span class='ocrx_word' id='word_1_260' title='bbox 868 2491 931 2526; x_wconf 88' lang='lat' dir='ltr'>mi-</span> 
     </span>
     <span class='ocr_line' id='line_1_49' title="bbox 269 2538 449 2571; baseline 0 -1"><span class='ocrx_word' id='word_1_261' title='bbox 269 2548 332 2570; x_wconf 91' lang='lat' dir='ltr'>nus</span> <span class='ocrx_word' id='word_1_262' title='bbox 353 2538 449 2571; x_wconf 86' lang='lat' dir='ltr'>bene.</span> 
     </span>
    </p>
   </div>
   <div class='ocr_carea' id='block_1_15' title="bbox 271 2595 932 2733">
    <p class='ocr_par' dir='ltr' id='par_1_15' title="bbox 271 2595 932 2733">
     <span class='ocr_line' id='line_1_50' title="bbox 316 2595 932 2638; baseline 0.005 -11"><span class='ocrx_word' id='word_1_263' title='bbox 316 2595 491 2638; x_wconf 87' lang='grc' dir='ltr'><em>ποιοῦσι]</em></span> <span class='ocrx_word' id='word_1_264' title='bbox 526 2596 684 2630; x_wconf 80' lang='grc' dir='ltr'><em>ποιῶσιν</em></span> <span class='ocrx_word' id='word_1_265' title='bbox 715 2595 819 2630; x_wconf 85' lang='lat' dir='ltr'>Arist.</span> <span class='ocrx_word' id='word_1_266' title='bbox 856 2595 932 2630; x_wconf 84' lang='lat' dir='ltr'>edd.</span> 
     </span>
     <span class='ocr_line' id='line_1_51' title="bbox 271 2640 932 2686; baseline 0.005 -12"><span class='ocrx_word' id='word_1_267' title='bbox 271 2644 351 2674; x_wconf 87' lang='lat' dir='ltr'>ante</span> <span class='ocrx_word' id='word_1_268' title='bbox 386 2641 487 2674; x_wconf 92' lang='lat' dir='ltr'>Dind.</span> <span class='ocrx_word' id='word_1_269' title='bbox 537 2642 594 2686; x_wconf 90' lang='lat' dir='ltr'>qui</span> <span class='ocrx_word' id='word_1_270' title='bbox 636 2642 818 2676; x_wconf 82' lang='lat' dir='ltr'>secundum</span> <span class='ocrx_word' id='word_1_271' title='bbox 859 2640 932 2677; x_wconf 90' lang='lat' dir='ltr'>cod.</span> 
     </span>
     <span class='ocr_line' id='line_1_52' title="bbox 272 2686 932 2733; baseline 0.005 -14"><span class='ocrx_word' id='word_1_272' title='bbox 272 2686 377 2722; x_wconf 84' lang='lat' dir='ltr'><strong>Laur.</strong></span> <span class='ocrx_word' id='word_1_273' title='bbox 402 2687 442 2720; x_wconf 87' lang='lat' dir='ltr'>C.</span> <span class='ocrx_word' id='word_1_274' title='bbox 468 2687 560 2721; x_wconf 89' lang='lat' dir='ltr'><strong>Mon.</strong></span> <span class='ocrx_word' id='word_1_275' title='bbox 585 2689 759 2722; x_wconf 85' lang='grc' dir='ltr'><em>ποιοῦσιν</em></span> <span class='ocrx_word' id='word_1_276' title='bbox 787 2688 932 2733; x_wconf 84' lang='lat' dir='ltr'>scripsit.</span> 
     </span>
    </p>
   </div>
   <div class='ocr_carea' id='block_1_16' title="bbox 275 2741 932 2881">
    <p class='ocr_par' dir='ltr' id='par_1_16' title="bbox 275 2741 932 2881">
     <span class='ocr_line' id='line_1_53' title="bbox 319 2741 932 2788; baseline 0.002 -11"><span class='ocrx_word' id='word_1_277' title='bbox 319 2744 385 2787; x_wconf 88' lang='grc' dir='ltr'>τῆς</span> <span class='ocrx_word' id='word_1_278' title='bbox 406 2741 467 2788; x_wconf 72' lang='grc' dir='ltr'>δὲ]</span> <span class='ocrx_word' id='word_1_279' title='bbox 492 2745 560 2788; x_wconf 86' lang='grc' dir='ltr'>τῆς</span> <span class='ocrx_word' id='word_1_280' title='bbox 584 2741 623 2778; x_wconf 85' lang='grc' dir='ltr'>δ’</span> <span class='ocrx_word' id='word_1_281' title='bbox 648 2745 748 2780; x_wconf 87' lang='lat' dir='ltr'>Vind.</span> <span class='ocrx_word' id='word_1_282' title='bbox 772 2746 812 2778; x_wconf 93' lang='lat' dir='ltr'>B.</span> <span class='ocrx_word' id='word_1_283' title='bbox 839 2745 932 2779; x_wconf 89' lang='lat' dir='ltr'><strong>Mon.</strong></span> 
     </span>
     <span class='ocr_line' id='line_1_54' title="bbox 275 2789 688 2825; baseline 0 -2"><span class='ocrx_word' id='word_1_284' title='bbox 275 2790 316 2824; x_wconf 90' lang='lat' dir='ltr'>C.</span> <span class='ocrx_word' id='word_1_285' title='bbox 339 2791 467 2825; x_wconf 87' lang='lat' dir='ltr'>Euseb.</span> <span class='ocrx_word' id='word_1_286' title='bbox 491 2803 555 2824; x_wconf 89' lang='lat' dir='ltr'><strong>om.</strong></span> <span class='ocrx_word' id='word_1_287' title='bbox 581 2789 688 2825; x_wconf 87' lang='lat' dir='ltr'>Arist.</span> 
     </span>
     <span class='ocr_line' id='line_1_55' title="bbox 321 2832 931 2881; baseline 0 -12"><span class='ocrx_word' id='word_1_288' title='bbox 321 2832 554 2881; x_wconf 78' lang='grc' dir='ltr'><em>ἅπτεσθαι,]</em></span> <span class='ocrx_word' id='word_1_289' title='bbox 608 2832 804 2871; x_wconf 77' lang='grc' dir='ltr'><em>ἅπτεσθαι.</em></span> <span class='ocrx_word' id='word_1_290' title='bbox 857 2836 931 2870; x_wconf 86' lang='lat' dir='ltr'><strong>Ald.</strong></span> 
     </span>
    </p>
   </div>
   <div class='ocr_carea' id='block_1_17' title="bbox 975 857 1638 1263">
    <p class='ocr_par' dir='ltr' id='par_1_17' title="bbox 975 857 1638 1263">
     <span class='ocr_line' id='line_1_56' title="bbox 975 857 1638 905; baseline -0.005 -8"><span class='ocrx_word' id='word_1_291' title='bbox 975 864 1053 897; x_wconf 80' lang='lat' dir='ltr'><strong>Bas.</strong></span> <span class='ocrx_word' id='word_1_292' title='bbox 1079 863 1133 896; x_wconf 87' lang='lat' dir='ltr'>ab.</span> <span class='ocrx_word' id='word_1_293' title='bbox 1155 857 1361 895; x_wconf 76' lang='grc' dir='ltr'><em>ἅπτεσθαι·</em></span> <span class='ocrx_word' id='word_1_294' title='bbox 1389 861 1508 905; x_wconf 82' lang='lat' dir='ltr'>Steph.</span> <span class='ocrx_word' id='word_1_295' title='bbox 1529 857 1638 894; x_wconf 72' lang='grc' dir='ltr'><em>ἅπτε-</em></span> 
     </span>
     <span class='ocr_line' id='line_1_57' title="bbox 975 906 1638 964; baseline -0.003 -21"><span class='ocrx_word' id='word_1_296' title='bbox 975 910 1088 948; x_wconf 76' lang='grc' dir='ltr'><em>σθαις</em></span> <span class='ocrx_word' id='word_1_297' title='bbox 1114 909 1188 941; x_wconf 84' lang='lat' dir='ltr'><strong>Ast.</strong></span> <span class='ocrx_word' id='word_1_298' title='bbox 1216 919 1268 964; x_wconf 86' lang='lat' dir='ltr'>pr.</span> <span class='ocrx_word' id='word_1_299' title='bbox 1291 919 1358 940; x_wconf 85' lang='lat' dir='ltr'>see.</span> <span class='ocrx_word' id='word_1_300' title='bbox 1385 906 1492 941; x_wconf 87' lang='lat' dir='ltr'><strong>Bekk.</strong></span> <span class='ocrx_word' id='word_1_301' title='bbox 1515 907 1638 941; x_wconf 87' lang='lat' dir='ltr'>Stallb.</span> 
     </span>
     <span class='ocr_line' id='line_1_58' title="bbox 1022 949 1526 997; baseline 0 -10"><span class='ocrx_word' id='word_1_302' title='bbox 1022 950 1104 987; x_wconf 79' lang='grc' dir='ltr'>άλλ</span> <span class='ocrx_word' id='word_1_303' title='bbox 1116 955 1127 997; x_wconf 89' lang='grc'><em>]</em></span> <span class='ocrx_word' id='word_1_304' title='bbox 1156 949 1241 986; x_wconf 73' lang='grc' dir='ltr'>ἄλλ’</span> <span class='ocrx_word' id='word_1_305' title='bbox 1268 953 1341 986; x_wconf 84' lang='lat' dir='ltr'><strong>Ald.</strong></span> <span class='ocrx_word' id='word_1_306' title='bbox 1368 953 1446 986; x_wconf 89' lang='lat' dir='ltr'><strong>Bas.</strong></span> <span class='ocrx_word' id='word_1_307' title='bbox 1472 954 1526 987; x_wconf 85' lang='lat' dir='ltr'><strong>ab.</strong></span> 
     </span>
     <span class='ocr_line' id='line_1_59' title="bbox 1022 996 1453 1054; baseline -0.005 -20.818"><span class='ocrx_word' id='word_1_308' title='bbox 1022 996 1159 1054; x_wconf 78' lang='grc' dir='ltr'><em>ω’σπερ]</em></span> <span class='ocrx_word' id='word_1_309' title='bbox 1189 999 1293 1054; x_wconf 78' lang='grc' dir='ltr'><em>εἴπερ</em></span> <span class='ocrx_word' id='word_1_310' title='bbox 1317 999 1396 1031; x_wconf 88' lang='lat' dir='ltr'><strong>Bas.</strong></span> <span class='ocrx_word' id='word_1_311' title='bbox 1421 1000 1453 1032; x_wconf 91' lang='lat' dir='ltr'>b.</span> 
     </span>
     <span class='ocr_line' id='line_1_60' title="bbox 1023 1042 1574 1089; baseline -0.004 -10"><span class='ocrx_word' id='word_1_312' title='bbox 1023 1043 1141 1084; x_wconf 84' lang='grc' dir='ltr'><em>αυτός</em></span> <span class='ocrx_word' id='word_1_313' title='bbox 1165 1046 1217 1089; x_wconf 82' lang='grc' dir='ltr'>τε]</span> <span class='ocrx_word' id='word_1_314' title='bbox 1244 1042 1361 1084; x_wconf 81' lang='grc' dir='ltr'><em>αυτὸς</em></span> <span class='ocrx_word' id='word_1_315' title='bbox 1379 1042 1418 1078; x_wconf 83' lang='grc' dir='ltr'>δε</span> <span class='ocrx_word' id='word_1_316' title='bbox 1446 1045 1574 1078; x_wconf 84' lang='lat' dir='ltr'>Euseb.</span> 
     </span>
     <span class='ocr_line' id='line_1_61' title="bbox 1021 1090 1637 1136; baseline -0.002 -11"><span class='ocrx_word' id='word_1_317' title='bbox 1021 1092 1110 1136; x_wconf 82' lang='grc' dir='ltr'><em>τῆς]</em></span> <span class='ocrx_word' id='word_1_318' title='bbox 1161 1103 1225 1125; x_wconf 91' lang='lat' dir='ltr'><strong>om.</strong></span> <span class='ocrx_word' id='word_1_319' title='bbox 1268 1091 1354 1125; x_wconf 84' lang='lat' dir='ltr'><strong>Lob.</strong></span> <span class='ocrx_word' id='word_1_320' title='bbox 1392 1090 1490 1124; x_wconf 89' lang='lat' dir='ltr'>Vind</span> <span class='ocrx_word' id='word_1_321' title='bbox 1534 1091 1637 1124; x_wconf 81' lang='lat' dir='ltr'><strong>BEF.</strong></span> 
     </span>
     <span class='ocr_line' id='line_1_62' title="bbox 979 1136 1638 1172; baseline -0.003 0"><span class='ocrx_word' id='word_1_322' title='bbox 979 1139 1070 1172; x_wconf 83' lang='lat' dir='ltr'><strong>Mon.</strong></span> <span class='ocrx_word' id='word_1_323' title='bbox 1112 1137 1152 1171; x_wconf 86' lang='lat' dir='ltr'>C.</span> <span class='ocrx_word' id='word_1_324' title='bbox 1194 1139 1273 1171; x_wconf 83' lang='lat' dir='ltr'><strong>Vat.</strong></span> <span class='ocrx_word' id='word_1_325' title='bbox 1314 1136 1428 1171; x_wconf 88' lang='lat' dir='ltr'><strong>BHM.</strong></span> <span class='ocrx_word' id='word_1_326' title='bbox 1473 1138 1559 1172; x_wconf 84' lang='lat' dir='ltr'><strong>Ven.</strong></span> <span class='ocrx_word' id='word_1_327' title='bbox 1597 1137 1638 1170; x_wconf 86' lang='lat' dir='ltr'>C.</span> 
     </span>
     <span class='ocr_line' id='line_1_63' title="bbox 975 1183 1638 1228; baseline -0.002 -11"><span class='ocrx_word' id='word_1_328' title='bbox 975 1184 1061 1228; x_wconf 83' lang='lat' dir='ltr'><strong>Aug.</strong></span> <span class='ocrx_word' id='word_1_329' title='bbox 1095 1184 1136 1218; x_wconf 93' lang='lat' dir='ltr'>B.</span> <span class='ocrx_word' id='word_1_330' title='bbox 1177 1183 1270 1217; x_wconf 86' lang='lat' dir='ltr'><strong>Flor.</strong></span> <span class='ocrx_word' id='word_1_331' title='bbox 1303 1183 1476 1218; x_wconf 81' lang='lat' dir='ltr'><strong>ACRTV.</strong></span> <span class='ocrx_word' id='word_1_332' title='bbox 1509 1184 1638 1217; x_wconf 87' lang='lat' dir='ltr'>Euseb.</span> 
     </span>
     <span class='ocr_line' id='line_1_64' title="bbox 977 1230 1102 1263; baseline -0.008 0"><span class='ocrx_word' id='word_1_333' title='bbox 977 1230 1102 1263; x_wconf 85' lang='lat' dir='ltr'>Stallb.</span> 
     </span>
    </p>
   </div>
   <div class='ocr_carea' id='block_1_18' title="bbox 1023 1273 1639 1319">
    <p class='ocr_par' dir='ltr' id='par_1_18' title="bbox 1023 1273 1639 1319">
     <span class='ocr_line' id='line_1_65' title="bbox 1023 1273 1639 1319; baseline -0.002 -10"><span class='ocrx_word' id='word_1_334' title='bbox 1023 1273 1287 1319; x_wconf 75' lang='grc' dir='ltr'><em>σκυτοτομίας]</em></span> <span class='ocrx_word' id='word_1_335' title='bbox 1322 1273 1522 1317; x_wconf 79' lang='grc' dir='ltr'><em>σκυτομίοις</em></span> <span class='ocrx_word' id='word_1_336' title='bbox 1546 1274 1639 1309; x_wconf 85' lang='grc' dir='ltr'><strong>Μοη.</strong></span> 
     </span>
    </p>
   </div>
   <div class='ocr_carea' id='block_1_19' title="bbox 978 1364 1645 2282">
    <p class='ocr_par' dir='ltr' id='par_1_19' title="bbox 978 1364 1642 1449">
     <span class='ocr_line' id='line_1_66' title="bbox 1023 1364 1642 1410; baseline -0.002 -9"><span class='ocrx_word' id='word_1_337' title='bbox 1023 1364 1063 1401; x_wconf 79' lang='grc' dir='ltr'>δὲ</span> <span class='ocrx_word' id='word_1_338' title='bbox 1093 1364 1180 1410; x_wconf 80' lang='grc' dir='ltr'><em>καὶ]</em></span> <span class='ocrx_word' id='word_1_339' title='bbox 1216 1376 1254 1400; x_wconf 83' lang='grc' dir='ltr'>τε</span> <span class='ocrx_word' id='word_1_340' title='bbox 1293 1364 1357 1400; x_wconf 80' lang='grc' dir='ltr'>καὶ</span> <span class='ocrx_word' id='word_1_341' title='bbox 1392 1366 1470 1401; x_wconf 87' lang='lat' dir='ltr'>Vat.</span> <span class='ocrx_word' id='word_1_342' title='bbox 1502 1366 1542 1399; x_wconf 89' lang='lat' dir='ltr'>B.</span> <span class='ocrx_word' id='word_1_343' title='bbox 1579 1364 1642 1400; x_wconf 81' lang='grc' dir='ltr'>καὶ</span> 
     </span>
     <span class='ocr_line' id='line_1_67' title="bbox 978 1412 1132 1449; baseline -0.019 0"><span class='ocrx_word' id='word_1_344' title='bbox 978 1414 1061 1449; x_wconf 78' lang='lat' dir='ltr'><strong>Vat.</strong></span> <span class='ocrx_word' id='word_1_345' title='bbox 1083 1412 1132 1446; x_wconf 91' lang='lat' dir='ltr'>M.</span> 
     </span>
    </p>

    <p class='ocr_par' dir='ltr' id='par_1_20' title="bbox 1024 1452 1586 1502">
     <span class='ocr_line' id='line_1_68' title="bbox 1024 1452 1586 1502; baseline 0 -10"><span class='ocrx_word' id='word_1_346' title='bbox 1024 1455 1231 1502; x_wconf 75' lang='grc' dir='ltr'><em>σχημάτων]</em></span> <span class='ocrx_word' id='word_1_347' title='bbox 1261 1467 1312 1501; x_wconf 87' lang='grc' dir='ltr'><strong>σχ.</strong></span> <span class='ocrx_word' id='word_1_348' title='bbox 1336 1452 1431 1490; x_wconf 71' lang='grc' dir='ltr'><em>ἅττα</em></span> <span class='ocrx_word' id='word_1_349' title='bbox 1455 1457 1586 1492; x_wconf 90' lang='lat' dir='ltr'>Euseb.</span> 
     </span>
    </p>

    <p class='ocr_par' dir='ltr' id='par_1_21' title="bbox 979 1503 1642 1593">
     <span class='ocr_line' id='line_1_69' title="bbox 1024 1503 1642 1548; baseline -0.002 -10"><span class='ocrx_word' id='word_1_350' title='bbox 1024 1504 1233 1548; x_wconf 82' lang='grc' dir='ltr'><em>θεωροῦσι·</em></span> <span class='ocrx_word' id='word_1_351' title='bbox 1244 1503 1256 1547; x_wconf 91' lang='lat'><em>]</em></span> <span class='ocrx_word' id='word_1_352' title='bbox 1294 1503 1527 1546; x_wconf 78' lang='grc' dir='ltr'><em>θεωροῦσιν,</em></span> <span class='ocrx_word' id='word_1_353' title='bbox 1552 1504 1642 1537; x_wconf 81' lang='lat' dir='ltr'>Bek-</span> 
     </span>
     <span class='ocr_line' id='line_1_70' title="bbox 979 1549 1488 1604; baseline -0.006 -20"><span class='ocrx_word' id='word_1_354' title='bbox 979 1550 1095 1584; x_wconf 82' lang='lat' dir='ltr'>kerus.</span> <span class='ocrx_word' id='word_1_355' title='bbox 1119 1549 1319 1604; x_wconf 81' lang='grc' dir='ltr'><em>θεωροῦσι.</em></span> <span class='ocrx_word' id='word_1_356' title='bbox 1346 1550 1488 1602; x_wconf 85' lang='lat' dir='ltr'>priores.</span> 
     </span>
    </p>

    <p class='ocr_par' dir='ltr' id='par_1_22' title="bbox 980 1585 1644 1814">
     <span class='ocr_line' id='line_1_71' title="bbox 1026 1585 1643 1650; baseline -0.002 -21"><span class='ocrx_word' id='word_1_357' title='bbox 1026 1585 1201 1650; x_wconf 61' lang='lat' dir='ltr'>xortspoczoc</span> <span class='ocrx_word' id='word_1_358' title='bbox 1224 1591 1330 1648; x_wconf 79' lang='grc' dir='ltr'><em>ἅττα]</em></span> <span class='ocrx_word' id='word_1_359' title='bbox 1352 1592 1528 1638; x_wconf 74' lang='grc' dir='ltr'><em>χρώματα</em></span> <span class='ocrx_word' id='word_1_360' title='bbox 1546 1590 1643 1628; x_wconf 73' lang='lat' dir='ltr'>olna</span> 
     </span>
     <span class='ocr_line' id='line_1_72' title="bbox 981 1638 1642 1696; baseline -0.002 -21"><span class='ocrx_word' id='word_1_361' title='bbox 981 1642 1067 1676; x_wconf 91' lang='lat' dir='ltr'><strong>Lob.</strong></span> <span class='ocrx_word' id='word_1_362' title='bbox 1072 1653 1267 1696; x_wconf 78' lang='grc' dir='ltr'><em>χρωματα</em></span> <span class='ocrx_word' id='word_1_363' title='bbox 1288 1638 1362 1674; x_wconf 68' lang='grc' dir='ltr'>ἄτα</span> <span class='ocrx_word' id='word_1_364' title='bbox 1388 1641 1478 1675; x_wconf 86' lang='lat' dir='ltr'><strong>Mon.</strong></span> <span class='ocrx_word' id='word_1_365' title='bbox 1491 1642 1530 1674; x_wconf 87' lang='lat' dir='ltr'>C.</span> <span class='ocrx_word' id='word_1_366' title='bbox 1550 1653 1642 1684; x_wconf 85' lang='grc' dir='ltr'><em>χρω-</em></span> 
     </span>
     <span class='ocr_line' id='line_1_73' title="bbox 980 1684 1644 1732; baseline -0.003 -10"><span class='ocrx_word' id='word_1_367' title='bbox 980 1685 1151 1732; x_wconf 80' lang='grc' dir='ltr'><em>ματάττα</em></span> <span class='ocrx_word' id='word_1_368' title='bbox 1177 1688 1273 1722; x_wconf 91' lang='lat' dir='ltr'>Vind.</span> <span class='ocrx_word' id='word_1_369' title='bbox 1290 1688 1333 1720; x_wconf 87' lang='lat' dir='ltr'>F.</span> <span class='ocrx_word' id='word_1_370' title='bbox 1357 1684 1522 1730; x_wconf 79' lang='grc' dir='ltr'><em>χρώματ’</em></span> <span class='ocrx_word' id='word_1_371' title='bbox 1547 1685 1644 1721; x_wconf 79' lang='grc' dir='ltr'><em>ἄττα</em></span> 
     </span>
     <span class='ocr_line' id='line_1_74' title="bbox 981 1733 1643 1779; baseline -0.002 -12"><span class='ocrx_word' id='word_1_372' title='bbox 981 1735 1066 1779; x_wconf 83' lang='lat' dir='ltr'><strong>Ang.</strong></span> <span class='ocrx_word' id='word_1_373' title='bbox 1091 1736 1132 1767; x_wconf 92' lang='lat' dir='ltr'>B.</span> <span class='ocrx_word' id='word_1_374' title='bbox 1158 1734 1345 1776; x_wconf 83' lang='lat' dir='ltr'>Bekkerus,</span> <span class='ocrx_word' id='word_1_375' title='bbox 1368 1734 1487 1767; x_wconf 87' lang='lat' dir='ltr'>Astius</span> <span class='ocrx_word' id='word_1_376' title='bbox 1510 1733 1544 1766; x_wconf 91' lang='lat' dir='ltr'>in</span> <span class='ocrx_word' id='word_1_377' title='bbox 1564 1737 1643 1768; x_wconf 88' lang='lat' dir='ltr'>tert.</span> 
     </span>
     <span class='ocr_line' id='line_1_75' title="bbox 982 1779 1296 1814; baseline -0.007 0"><span class='ocrx_word' id='word_1_378' title='bbox 982 1786 1018 1814; x_wconf 84' lang='lat' dir='ltr'>et</span> <span class='ocrx_word' id='word_1_379' title='bbox 1042 1779 1296 1814; x_wconf 78' lang='lat' dir='ltr'>Stallbaumius.</span> 
     </span>
    </p>

    <p class='ocr_par' dir='ltr' id='par_1_23' title="bbox 1030 1822 1529 1883">
     <span class='ocr_line' id='line_1_76' title="bbox 1030 1822 1529 1883; baseline -0.004 -24"><span class='ocrx_word' id='word_1_380' title='bbox 1030 1823 1204 1869; x_wconf 76' lang='grc' dir='ltr'><em>ἑκάστων]</em></span> <span class='ocrx_word' id='word_1_381' title='bbox 1237 1822 1377 1883; x_wconf 82' lang='grc' dir='ltr'><em>εκάστῳ</em></span> <span class='ocrx_word' id='word_1_382' title='bbox 1401 1825 1529 1860; x_wconf 80' lang='lat' dir='ltr'>Euseb.</span> 
     </span>
    </p>

    <p class='ocr_par' dir='ltr' id='par_1_24' title="bbox 982 1870 1645 2144">
     <span class='ocr_line' id='line_1_77' title="bbox 1030 1870 1644 1915; baseline 0 -10"><span class='ocrx_word' id='word_1_383' title='bbox 1030 1870 1213 1915; x_wconf 80' lang='grc' dir='ltr'><em>ῥήμασιν]</em></span> <span class='ocrx_word' id='word_1_384' title='bbox 1249 1874 1328 1910; x_wconf 87' lang='grc' dir='ltr'><em>τοῖς</em></span> <span class='ocrx_word' id='word_1_385' title='bbox 1361 1884 1393 1914; x_wconf 93' lang='grc' dir='ltr'>ρ.</span> <span class='ocrx_word' id='word_1_386' title='bbox 1437 1872 1535 1906; x_wconf 84' lang='lat' dir='ltr'>Vind.</span> <span class='ocrx_word' id='word_1_387' title='bbox 1571 1871 1644 1905; x_wconf 76' lang='lat' dir='ltr'>BE.</span> 
     </span>
     <span class='ocr_line' id='line_1_78' title="bbox 982 1917 1644 1953; baseline 0 -2"><span class='ocrx_word' id='word_1_388' title='bbox 982 1918 1075 1952; x_wconf 85' lang='lat' dir='ltr'><strong>Mon.</strong></span> <span class='ocrx_word' id='word_1_389' title='bbox 1101 1919 1139 1950; x_wconf 88' lang='lat' dir='ltr'>C.</span> <span class='ocrx_word' id='word_1_390' title='bbox 1177 1918 1272 1951; x_wconf 83' lang='lat' dir='ltr'><strong>Ven.</strong></span> <span class='ocrx_word' id='word_1_391' title='bbox 1276 1918 1324 1953; x_wconf 86' lang='grc' dir='ltr'>Β.</span> <span class='ocrx_word' id='word_1_392' title='bbox 1362 1918 1437 1950; x_wconf 84' lang='lat' dir='ltr'><strong>vat.</strong></span> <span class='ocrx_word' id='word_1_393' title='bbox 1467 1917 1515 1951; x_wconf 87' lang='lat' dir='ltr'>M.</span> <span class='ocrx_word' id='word_1_394' title='bbox 1550 1918 1644 1951; x_wconf 83' lang='lat' dir='ltr'><strong>Flor.</strong></span> 
     </span>
     <span class='ocr_line' id='line_1_79' title="bbox 984 1964 1623 2019; baseline 0.002 -23"><span class='ocrx_word' id='word_1_395' title='bbox 984 1964 1024 1997; x_wconf 91' lang='lat' dir='ltr'>C.</span> <span class='ocrx_word' id='word_1_396' title='bbox 1052 1965 1132 2019; x_wconf 55' lang='lat' dir='ltr'><strong>B,as.</strong></span> <span class='ocrx_word' id='word_1_397' title='bbox 1155 1964 1189 1998; x_wconf 87' lang='lat' dir='ltr'>b.</span> <span class='ocrx_word' id='word_1_398' title='bbox 1617 2009 1623 2015; x_wconf 38' lang='lat'>¹</span> 
     </span>
     <span class='ocr_line' id='line_1_80' title="bbox 982 2010 1645 2097; baseline 0 -9"><span class='ocrx_word' id='word_1_399' title='bbox 982 2021 1147 2089; x_wconf 53' lang='grc' dir='ltr'>ὺιιέυὲἕῖ</span> <span class='ocrx_word' id='word_1_400' title='bbox 1156 2010 1277 2087; x_wconf 59' lang='lat' dir='ltr'>]Acuii¹1l</span> <span class='ocrx_word' id='word_1_401' title='bbox 1296 2012 1449 2097; x_wconf 53' lang='lat' dir='ltr'>nsieaspgiile</span> <span class='ocrx_word' id='word_1_402' title='bbox 1470 2015 1645 2095; x_wconf 48' lang='grc' dir='ltr'>ῗιῖιῖἶῖῃῒιίὲ</span> 
     </span>
     <span class='ocr_line' id='line_1_81' title="bbox 983 2100 1399 2156; baseline -0.005 -22"><span class='ocrx_word' id='word_1_403' title='bbox 983 2113 1047 2145; x_wconf 84' lang='lat' dir='ltr'>ego</span> <span class='ocrx_word' id='word_1_404' title='bbox 1072 2100 1235 2156; x_wconf 79' lang='lat' dir='ltr'>suspicor,</span> <span class='ocrx_word' id='word_1_405' title='bbox 1261 2111 1281 2132; x_wconf 90' lang='lat' dir='ltr'>a</span> <span class='ocrx_word' id='word_1_406' title='bbox 1304 2111 1346 2132; x_wconf 90' lang='lat' dir='ltr'>m.</span> <span class='ocrx_word' id='word_1_407' title='bbox 1372 2112 1399 2133; x_wconf 95' lang='grc'>5.</span> 
     </span>
    </p>

    <p class='ocr_par' dir='ltr' id='par_1_25' title="bbox 984 2128 1643 2272">
     <span class='ocr_line' id='line_1_82' title="bbox 1004 2128 1643 2190; baseline -0.002 -9.959"><span class='ocrx_word' id='word_1_408' title='bbox 1004 2128 1113 2180; x_wconf 52' lang='lat' dir='ltr'>edm,</span> <span class='ocrx_word' id='word_1_409' title='bbox 1140 2143 1186 2190; x_wconf 85' lang='grc' dir='ltr'>η]</span> <span class='ocrx_word' id='word_1_410' title='bbox 1222 2142 1313 2179; x_wconf 69' lang='lat' dir='ltr'>a&#39;mdc</span> <span class='ocrx_word' id='word_1_411' title='bbox 1340 2141 1363 2189; x_wconf 78' lang='grc' dir='ltr'>ἢ</span> <span class='ocrx_word' id='word_1_412' title='bbox 1390 2146 1469 2179; x_wconf 82' lang='lat' dir='ltr'><strong>Bas.</strong></span> <span class='ocrx_word' id='word_1_413' title='bbox 1493 2146 1526 2180; x_wconf 90' lang='lat' dir='ltr'>b.</span> <span class='ocrx_word' id='word_1_414' title='bbox 1551 2143 1643 2179; x_wconf 79' lang='grc' dir='ltr'><strong><em>α’λλά</em></strong></span> 
     </span>
     <span class='ocr_line' id='line_1_83' title="bbox 985 2192 1643 2226; baseline 0 -1"><span class='ocrx_word' id='word_1_415' title='bbox 985 2193 1083 2226; x_wconf 80' lang='lat' dir='ltr'>Vind.</span> <span class='ocrx_word' id='word_1_416' title='bbox 1111 2193 1181 2226; x_wconf 69' lang='grc' dir='ltr'><strong>ΒΕ.</strong></span> <span class='ocrx_word' id='word_1_417' title='bbox 1208 2192 1299 2225; x_wconf 89' lang='lat' dir='ltr'><strong>Mon.</strong></span> <span class='ocrx_word' id='word_1_418' title='bbox 1331 2192 1371 2224; x_wconf 86' lang='lat' dir='ltr'>C.</span> <span class='ocrx_word' id='word_1_419' title='bbox 1398 2192 1474 2224; x_wconf 85' lang='lat' dir='ltr'><strong>Par.</strong></span> <span class='ocrx_word' id='word_1_420' title='bbox 1492 2193 1532 2225; x_wconf 91' lang='lat' dir='ltr'>A.</span> <span class='ocrx_word' id='word_1_421' title='bbox 1558 2193 1643 2226; x_wconf 74' lang='lat' dir='ltr'><strong>Ven.</strong></span> 
     </span>
     <span class='ocr_line' id='line_1_84' title="bbox 984 2238 1645 2282; baseline -0.002 -10"><span class='ocrx_word' id='word_1_422' title='bbox 984 2239 1024 2273; x_wconf 84' lang='lat' dir='ltr'>B.</span> <span class='ocrx_word' id='word_1_423' title='bbox 1048 2239 1132 2282; x_wconf 75' lang='lat' dir='ltr'><strong>Aug.</strong></span> <span class='ocrx_word' id='word_1_424' title='bbox 1155 2239 1192 2271; x_wconf 90' lang='lat' dir='ltr'>B.</span> <span class='ocrx_word' id='word_1_425' title='bbox 1219 2239 1298 2271; x_wconf 74' lang='lat' dir='ltr'>Vat.</span> <span class='ocrx_word' id='word_1_426' title='bbox 1324 2238 1368 2271; x_wconf 92' lang='lat' dir='ltr'>H.</span> <span class='ocrx_word' id='word_1_427' title='bbox 1393 2238 1486 2272; x_wconf 81' lang='lat' dir='ltr'><strong>Flor.</strong></span> <span class='ocrx_word' id='word_1_428' title='bbox 1504 2239 1645 2271; x_wconf 85' lang='lat' dir='ltr'><strong>ACRT.</strong></span> 
     </span>
    </p>
   </div>
   <div class='ocr_carea' id='block_1_20' title="bbox 985 2281 1644 2365">
    <p class='ocr_par' dir='ltr' id='par_1_26' title="bbox 985 2281 1644 2363">
     <span class='ocr_line' id='line_1_85' title="bbox 1029 2281 1644 2328; baseline 0 -11"><span class='ocrx_word' id='word_1_429' title='bbox 1029 2285 1235 2328; x_wconf 70' lang='grc' dir='ltr'><em>μιμεῖσθαι]</em></span> <span class='ocrx_word' id='word_1_430' title='bbox 1259 2281 1485 2327; x_wconf 81' lang='grc' dir='ltr'><em>μιμούμενον</em></span> <span class='ocrx_word' id='word_1_431' title='bbox 1508 2286 1593 2328; x_wconf 87' lang='lat' dir='ltr'><strong>Ang.</strong></span> <span class='ocrx_word' id='word_1_432' title='bbox 1604 2285 1644 2318; x_wconf 87' lang='lat' dir='ltr'>B.</span> 
     </span>
     <span class='ocr_line' id='line_1_86' title="bbox 985 2331 1180 2365; baseline 0 -2"><span class='ocrx_word' id='word_1_433' title='bbox 985 2331 1180 2365; x_wconf 85' lang='lat' dir='ltr'><strong>Flor.R&#39;1.</strong></span> 
     </span>
    </p>
   </div>
   <div class='ocr_carea' id='block_1_21' title="bbox 987 2371 1646 2871">
    <p class='ocr_par' dir='ltr' id='par_1_27' title="bbox 987 2371 1646 2732">
     <span class='ocr_line' id='line_1_87' title="bbox 1033 2371 1643 2417; baseline -0.003 -7"><span class='ocrx_word' id='word_1_434' title='bbox 1033 2373 1142 2417; x_wconf 66' lang='grc' dir='ltr'><em>ὥστε]</em></span> <span class='ocrx_word' id='word_1_435' title='bbox 1168 2371 1262 2409; x_wconf 67' lang='lat'><strong>(3⁹67.-</strong></span> <span class='ocrx_word' id='word_1_436' title='bbox 1287 2375 1643 2411; x_wconf 73' lang='lat' dir='ltr'><strong>Flor.ACV.Sta11b.</strong></span> 
     </span>
     <span class='ocr_line' id='line_1_88' title="bbox 987 2419 1404 2468; baseline -0.002 -13"><span class='ocrx_word' id='word_1_437' title='bbox 987 2434 1038 2468; x_wconf 89' lang='lat' dir='ltr'>pr.</span> <span class='ocrx_word' id='word_1_438' title='bbox 1064 2419 1165 2456; x_wconf 73' lang='grc' dir='ltr'><em>(ὅσθ’</em></span> <span class='ocrx_word' id='word_1_439' title='bbox 1191 2422 1311 2455; x_wconf 88' lang='lat' dir='ltr'>Stallb.</span> <span class='ocrx_word' id='word_1_440' title='bbox 1337 2433 1404 2456; x_wconf 85' lang='lat' dir='ltr'>sec.</span> 
     </span>
     <span class='ocr_line' id='line_1_89' title="bbox 989 2465 1644 2548; baseline -0.002 -1"><span class='ocrx_word' id='word_1_441' title='bbox 989 2465 1536 2548; x_wconf 37' lang='lat' dir='ltr'>31535&#39;935232JQ&#39;063339</span> <span class='ocrx_word' id='word_1_442' title='bbox 1550 2467 1644 2547; x_wconf 61' lang='grc' dir='ltr'>ἐῗὲἴ</span> 
     </span>
     <span class='ocr_line' id='line_1_90' title="bbox 990 2559 1646 2604; baseline -0.003 -10"><span class='ocrx_word' id='word_1_443' title='bbox 990 2561 1092 2594; x_wconf 87' lang='lat' dir='ltr'><strong>ACV.</strong></span> <span class='ocrx_word' id='word_1_444' title='bbox 1128 2566 1163 2593; x_wconf 88' lang='lat' dir='ltr'>et</span> <span class='ocrx_word' id='word_1_445' title='bbox 1186 2560 1456 2593; x_wconf 86' lang='lat' dir='ltr'>Stallbaumius</span> <span class='ocrx_word' id='word_1_446' title='bbox 1447 2572 1482 2594; x_wconf 91' lang='grc'>111</span> <span class='ocrx_word' id='word_1_447' title='bbox 1507 2571 1557 2604; x_wconf 88' lang='lat' dir='ltr'>pr.</span> <span class='ocrx_word' id='word_1_448' title='bbox 1607 2559 1646 2592; x_wconf 81' lang='lat' dir='ltr'>ln</span> 
     </span>
     <span class='ocr_line' id='line_1_91' title="bbox 989 2606 1645 2660; baseline -0.002 -20"><span class='ocrx_word' id='word_1_449' title='bbox 989 2618 1056 2640; x_wconf 86' lang='lat' dir='ltr'>sec.</span> <span class='ocrx_word' id='word_1_450' title='bbox 1081 2607 1269 2660; x_wconf 85' lang='lat' dir='ltr'>vulgatam</span> <span class='ocrx_word' id='word_1_451' title='bbox 1285 2606 1453 2648; x_wconf 84' lang='lat' dir='ltr'>restituit,</span> <span class='ocrx_word' id='word_1_452' title='bbox 1479 2617 1578 2650; x_wconf 89' lang='lat' dir='ltr'>quam</span> <span class='ocrx_word' id='word_1_453' title='bbox 1603 2606 1645 2639; x_wconf 94' lang='lat' dir='ltr'>ob</span> 
     </span>
     <span class='ocr_line' id='line_1_92' title="bbox 990 2649 1646 2691; baseline -0.002 -6"><span class='ocrx_word' id='word_1_454' title='bbox 990 2652 1139 2686; x_wconf 77' lang='lat' dir='ltr'>additum</span> <span class='ocrx_word' id='word_1_455' title='bbox 1164 2649 1349 2691; x_wconf 81' lang='grc' dir='ltr'><em>τοιούτοις</em></span> <span class='ocrx_word' id='word_1_456' title='bbox 1372 2664 1438 2686; x_wconf 91' lang='lat' dir='ltr'>non</span> <span class='ocrx_word' id='word_1_457' title='bbox 1455 2651 1646 2685; x_wconf 84' lang='lat' dir='ltr'>mutandam</span> 
     </span>
     <span class='ocr_line' id='line_1_93' title="bbox 988 2699 1291 2732; baseline -0.003 0"><span class='ocrx_word' id='word_1_458' title='bbox 988 2699 1093 2732; x_wconf 85' lang='lat' dir='ltr'>fuisse</span> <span class='ocrx_word' id='word_1_459' title='bbox 1116 2699 1291 2731; x_wconf 83' lang='lat' dir='ltr'>intellexit.</span> 
     </span>
    </p>

    <p class='ocr_par' dir='ltr' id='par_1_28' title="bbox 989 2743 1646 2871">
     <span class='ocr_line' id='line_1_94' title="bbox 1036 2743 1645 2788; baseline -0.005 -10"><span class='ocrx_word' id='word_1_460' title='bbox 1036 2744 1181 2788; x_wconf 81' lang='grc' dir='ltr'><em>δοκεῖν]</em></span> <span class='ocrx_word' id='word_1_461' title='bbox 1216 2745 1292 2777; x_wconf 83' lang='grc' dir='ltr'>Ηοο</span> <span class='ocrx_word' id='word_1_462' title='bbox 1315 2743 1431 2778; x_wconf 88' lang='lat' dir='ltr'>Astius</span> <span class='ocrx_word' id='word_1_463' title='bbox 1460 2743 1493 2776; x_wconf 90' lang='lat' dir='ltr'>in</span> <span class='ocrx_word' id='word_1_464' title='bbox 1517 2753 1584 2776; x_wconf 86' lang='lat' dir='ltr'>see.</span> <span class='ocrx_word' id='word_1_465' title='bbox 1610 2747 1645 2776; x_wconf 87' lang='lat' dir='ltr'>et</span> 
     </span>
     <span class='ocr_line' id='line_1_95' title="bbox 989 2790 1645 2834; baseline -0.005 -11"><span class='ocrx_word' id='word_1_466' title='bbox 989 2794 1068 2823; x_wconf 84' lang='lat' dir='ltr'>tert.</span> <span class='ocrx_word' id='word_1_467' title='bbox 1105 2790 1182 2834; x_wconf 81' lang='lat' dir='ltr'>quia</span> <span class='ocrx_word' id='word_1_468' title='bbox 1222 2790 1334 2834; x_wconf 88' lang='lat' dir='ltr'>paullo</span> <span class='ocrx_word' id='word_1_469' title='bbox 1372 2795 1450 2834; x_wconf 84' lang='lat' dir='ltr'>post</span> <span class='ocrx_word' id='word_1_470' title='bbox 1488 2790 1645 2829; x_wconf 82' lang='lat' dir='ltr'>iteratur,</span> 
     </span>
     <span class='ocr_line' id='line_1_96' title="bbox 990 2834 1646 2871; baseline -0.005 -1"><span class='ocrx_word' id='word_1_471' title='bbox 990 2837 1083 2870; x_wconf 85' lang='lat' dir='ltr'>uncis</span> <span class='ocrx_word' id='word_1_472' title='bbox 1106 2836 1253 2871; x_wconf 86' lang='lat' dir='ltr'>inclusit.</span> <span class='ocrx_word' id='word_1_473' title='bbox 1288 2836 1381 2871; x_wconf 90' lang='lat' dir='ltr'>Idem</span> <span class='ocrx_word' id='word_1_474' title='bbox 1404 2834 1646 2869; x_wconf 88' lang='lat' dir='ltr'>Stallbaumius</span> 
     </span>
    </p>
   </div>
   <div class='ocr_carea' id='block_1_22' title="bbox 1639 1047 1705 1083">
    <p class='ocr_par' dir='ltr' id='par_1_29' title="bbox 1639 1047 1705 1083">
     <span class='ocr_line' id='line_1_97' title="bbox 1639 1047 1705 1083; baseline 0.045 -3"><span class='ocrx_word' id='word_1_475' title='bbox 1639 1047 1705 1083; x_wconf 89' lang='grc'>601</span> 
     </span>
    </p>
   </div>
  </div>
 </body>
</html>
