1764 3176
475 216 809 259 CIVITAS
858 215 981 259 LIB.
1013 217 1069 258 X.
1102 222 1168 256 59,-
1430 218 1511 257 197

131 329 279 384 μέντοι
318 326 480 383 ἔλεγες,
530 324 701 371 ὅτιόύ
748 326 796 370 τὸ
851 325 966 377 εἶδος
1013 330 1149 377 π’·οιεῖ,
1201 326 1226 369 ὃ
1264 324 1317 383 δή
1367 342 1510 381 φαμεν
1534 336 1601 371 597
1653 316 1656 317 ⁷

131 393 241 440 εἶναι
278 394 306 438 ὃ
351 394 440 439 ἔστι
479 396 628 451 κλίνη,
668 393 775 438 ἀλλὰ
826 397 982 450 κλίνην
1031 392 1152 444 τινας
1185 393 1370 451 ’Έλεγον
1410 393 1510 450 γάρ.

135 461 313 510 Οὐκοῦν
352 465 390 507 εἰ
433 464 490 520 μὴ
537 462 566 506 ὃ
601 462 691 506 ἔστι
729 469 873 513 ποιεῖ,
925 460 1008 506 οὐκ
1059 460 1115 504 ἓν
1166 462 1214 505 τὸ
1264 462 1317 507 ὂν
1367 467 1511 515 ποιοῖ,

127 529 237 576 α’λλᾶ
277 547 336 575 τι
387 534 617 581 τοιοῦτον,
665 528 764 575 οἷον
814 530 862 575 τό
916 530 990 581 ὂν,
1042 528 1096 573 ὂν
1148 531 1194 573 δὲ
1245 531 1324 581 οὕς
1362 531 1514 581 τελέως

127 600 177 645 δὲ
215 597 330 644 εἶναι
367 598 421 644 ὂν
460 599 508 643 τὸ
547 602 629 642 τοῦ
671 601 939 653 κλινουργοῦ
980 597 1110 653 ἔργον
1144 597 1174 654 ἢ
1216 597 1352 643 ἄλλου
1394 598 1513 650 τινὸς

124 667 398 724 χειροτέχνου
452 669 493 712 εἴ
535 684 600 718 τις
649 667 785 722 φαίη,
847 666 1098 710 κινδυνεύει
1147 665 1231 710 οὐκ
1291 666 1347 710 ἂν
1405 665 1507 722 οἷλη-

124 739 186 793 θῆ
236 736 403 792 Mrem,-
475 734 679 794 Oz'ae‘noyv‚
728 734 834 790 ἔφη,
895 733 954 786 ὥς
1007 733 1053 790 γ’
1110 732 1167 777 ἂν
1226 734 1363 788 δόξειε
1418 739 1511 786 τοῖς

125 804 225 861 περὶ
295 803 400 857 τούς
479 802 683 848 τοιούσδε
738 801 898 859 λόγους
942 804 1254 858 διατρίβουσι.
1356 802 1511 860 Μηδὲν

128 871 215 929 ἄρα
273 872 592 929 θαυμάζωμεν,
663 872 700 915 εἰ
751 871 824 914 καὶ
885 874 1018 915 τοῦτο
1072 870 1273 927 ἀμυδρόν
1319 889 1359 914 τι
1411 888 1511 926 τυγ-

126 940 250 998 χάνει
277 939 330 985 ὂν
358 940 470 998 πρὸς
508 939 728 997 ἀλήθειαν.
786 938 863 996 Μὴ
895 939 994 995 γάρ.
1056 939 1217 983 Βούλει
1253 933 1348 991 οὖν,
1380 939 1506 995 ἔφην,
1537 946 1572 987 Β

127 1009 200 1054 ἐπ’
241 1007 391 1054 αὐτῶν
428 1008 599 1053 τούτων
639 1006 884 1064 ζητήσωμεν
924 1008 1003 1052 τόν
1035 1007 1225 1065 μιμητὴν
1255 1007 1416 1051 τούτου
1447 1008 1510 1057 τίς

127 1160 217 1204 Ang.
260 1160 302 1194 Β.
348 1170 422 1193 cum
460 1158 664 1201 ‚ditionibus
709 1162 788 1192 ante
890 1156 1172 1202 θαυμάζωμεν]
1267 1154 1510 1200 θανιιοίζομεν

127 1205 218 1240 Astii
240 1216 309 1240 sec.
327 1205 420 1251 guod
443 1205 638 1246 tenuissem,
653 1204 788 1249 siopti-
847 1203 946 1238 Vind.
972 1205 1018 1237 F.
1042 1205 1129 1248 Ang.
1156 1203 1196 1236 B.

127 1264 180 1286 mo
210 1251 320 1286 codici
342 1263 408 1286 non
431 1262 532 1284 unum
555 1252 644 1295 Ang.
658 1252 701 1284 B.
726 1250 787 1284 sed
891 1246 1060 1293 ἀμυδρόν
1093 1250 1152 1294 τι]
1188 1246 1223 1284 οἷ.
1261 1259 1298 1282 τε
1334 1247 1434 1281 vind.
1468 1247 1506 1280 B.

127 1301 236 1332 totam
260 1293 416 1331 familiam
437 1297 528 1331 illam
551 1302 611 1331 aut
635 1296 707 1330 eius
724 1296 786 1329 du-

58 1379 62 1383 ,
127 1355 202 1378 cem
224 1343 324 1378 Vind.
338 1343 379 1376 F.
405 1342 589 1386 suffragari
612 1341 784 1376 vidissem.

172 1386 268 1433 οἷον]
294 1386 376 1423 οἷον
399 1385 480 1422 οἷον
502 1388 604 1424 vind.
631 1389 671 1422 F.

170 1442 215 1482 ὂν
237 1443 332 1482 δὲ-
350 1443 446 1481 εἶναι
465 1442 525 1489 ον]
550 1458 616 1480 om.
642 1448 728 1490 Ang.
740 1446 783 1480 Β.

168 1493 387 1537 κλινουργοῦ
398 1494 411 1537 ]
437 1489 656 1537 κλινούργου
681 1494 711 1528 V
713 1492 782 1526 ind.

124 1539 169 1574 Ε.
201 1538 439 1583 κλεινονργοῦ
473 1539 566 1572 Μοιι.
602 1539 643 1573 C.
680 1538 782 1582 δημι-

125 1585 265 1629 ουργοῦ
300 1585 387 1619 Lob.
420 1584 520 1619 Vind.
545 1585 586 1619 F.
620 1579 714 1618 Mon.
740 1585 782 1617 B.

124 1632 204 1665 Vat.
221 1631 302 1665 ΒΜ
328 1631 413 1665 Ven.
428 1631 469 1664 C.
494 1631 573 1665 Par.
586 1631 663 1664 DK.
688 1630 783 1664 Flor.

125 1677 204 1711 RU.
229 1678 312 1712 Bas.
335 1677 370 1711 b.
404 1681 453 1720 et,
477 1687 552 1722 sup.
582 1679 672 1719 κλιν,
696 1677 783 1721 Ang.

172 1780 294 1861 ἕῖζον]
320 1779 436 1861 ἕιῖᾆων
460 1781 545 1861 Χῖἓι]
551 1781 629 1860 .BF.

171 1824 435 1920 {luequbfi'zffmvos
448 1838 699 1926 χειροτ.ε’ἶχὶτῗού1
709 1872 785 1907 Alu.

125 1921 323 2022 Βὸἓνῗῗιπι.
347 1965 434 1999 Lob.
456 1964 537 1999 Vae.
558 1966 600 2000 B.

171 2010 299 2057 λέγειν]
328 2009 437 2055 λόγον
460 2011 554 2045 Mon.
581 2013 622 2046 B.

171 2064 337 2112 Ουκουν]
365 2065 506 2102 ον’κονν
529 2068 628 2103 Vind.
653 2069 692 2102 Ε.
721 2066 785 2102 ου’-

124 2115 217 2149 κοῦν
257 2115 345 2148 Lob.
387 2114 488 2150 Vind.
536 2115 577 2148 F.
632 2111 785 2150 Ου’κοῦν

123 2161 225 2195 etiam
247 2161 362 2194 Astius
385 2172 452 2194 non
475 2161 613 2195 solum
604 2173 639 2194 m
661 2173 729 2194 sec.
751 2161 785 2194 in

125 2218 195 2252 qua
234 2212 430 2240 constanter
459 2207 652 2251 negativum
693 2207 783 2252 peri-

125 2263 321 2298 spomenon,
345 2252 571 2286 conclusivum
596 2257 783 2298 paroxyto-

125 2310 190 2332 non
214 2298 318 2341 fecit,
342 2299 402 2332 sed
425 2299 491 2332 iam
514 2298 549 2332 in
582 2311 632 2343 pr.
658 2299 693 2332 iu
714 2311 782 2344 qua

123 2345 298 2388 vulgarem
330 2344 373 2378 de
397 2348 543 2390 utroque
567 2345 782 2379 traditionem

126 2390 292 2433 sequitur,
300 2390 467 2447 scripsit.

170 2434 272 2493 ἕφη,]
297 2433 390 2492 ἔφη.-
412 2436 514 2471 Vind.
538 2437 582 2471 Ε.

171 2479 211 2527 γ’
236 2478 297 2527 αν]
320 2481 391 2527 γὰρ
417 2483 516 2516 vind.
542 2484 584 2517 F.
608 2484 693 2526 Ang.
716 2484 757 2517 Β.

171 2537 312 2585 δόξειε]
348 2541 408 2574 Sic
440 2541 506 2576 mei
533 2553 594 2575 sex
628 2541 782 2575 totidem-

124 2598 192 2631 que
214 2586 308 2620 Flor.
343 2585 487 2629 δόξειεν
509 2588 674 2622 editiones
703 2591 784 2621 ante

124 2633 330 2685 Bekkerum,
354 2633 412 2678 qui
436 2633 542 2667 tacite
567 2646 588 2667 ν
611 2634 759 2668 sustulit.

170 2675 363 2723 τοιούσδε]
388 2677 583 2720 τοιούτους
612 2680 711 2714 Viud.
738 2680 782 2713 Ε.

124 2728 170 2768 et,
193 2736 270 2770 sup.
300 2722 482 2768 τοιούσδε,
506 2727 546 2760 Β.

169 2782 411 2828 διατρίβουσι.
425 2785 438 2828 ]
530 2783 782 2828 διατρίβουσιν

123 2829 300 2911 ξέιξξῗζὲιε
325 2830 416 2874 (Ast.
441 2830 475 2864 in
499 2834 543 2864 tei
554 2832 598 2873 t.)
622 2837 658 2864 et
678 2828 782 2863 Stall-

843 1295 936 1329 Mon.
964 1295 1005 1329 C.
1032 1301 1134 1330 tenue
1154 1307 1195 1328 ac
1205 1296 1375 1348 frivolum
1395 1294 1474 1327 Fic.

841 1339 1085 1422 Mtvmgc‘va]
1123 1338 1296 1386 τυγχάνοι
1331 1340 1431 1377 vind.
1465 1340 1507 1373 B,

881 1399 937 1421 on.
998 1413 1006 1422 .

889 1430 946 1478 ὃν]
973 1446 1037 1468 om.
1063 1433 1165 1468 iidem
1189 1436 1225 1466 et
1248 1431 1350 1466 Vind.
1375 1432 1422 1466 E.

889 1477 1108 1524 ἄλήθειαν.]
1135 1477 1347 1524 ἄλήθειανς
1372 1477 1509 1512 Bekke-

842 1538 921 1568 rus,
945 1526 1062 1560 Astius
1096 1526 1131 1559 in
1162 1530 1244 1559 tert.
1272 1529 1308 1558 et
1331 1524 1508 1558 Stallbau-

842 1572 928 1606 mius
960 1572 997 1605 in
1027 1583 1078 1617 pr.
1119 1582 1312 1616 perperam.
1373 1570 1429 1605 Cf.
1467 1569 1506 1603 L.

843 1617 956 1654 vnn.
981 1630 1017 1664 p.
1042 1617 1122 1652 584.
1149 1618 1191 1651 B.
1218 1617 1258 1651 C.

888 1661 1043 1709 Βούλει]
1072 1661 1190 1709 βούλη
1223 1662 1324 1698 Vind.
1350 1662 1392 1696 Ε.
1428 1666 1507 1697 ante
1534 1665 1568 1706 Β

842 1721 931 1744 corr.

890 1753 1124 1800 ζητήσωμεν]
1169 1751 1370 1798 ζητήσομεν
1420 1753 1507 1788 Lol).

844 1802 925 1836 Vat.
950 1802 999 1836 Μ.
1033 1801 1276 1835 Stallbaumius
1288 1796 1508 1854 ζητήσωμεν

841 1853 922 1893 post
951 1846 1018 1881 τὸν
1051 1845 1212 1900 μιμητὴν
1235 1847 1373 1880 τοῦτον
1394 1845 1509 1889 posuit

843 1898 999 1935 secutus,
1031 1897 1069 1926 ut
1102 1894 1172 1934 ait,
1208 1893 1298 1939 qur.
1331 1892 1426 1925 ACT
1431 1892 1505 1925 UV.

843 1940 965 1984 quibus
989 1940 1108 1973 minum
1141 1944 1195 1973 est
1219 1951 1261 1972 ex
1286 1937 1425 1982 reliqu3s
1450 1949 1507 1971 co-

843 1986 975 2020 dicibus
1008 1985 1133 2019 nullum
1166 1988 1307 2030 praeter
1338 1984 1432 2018 Mou.
1464 1984 1505 2018 B.

845 2031 1048 2066 consentiie.
1091 2031 1254 2065 Ceterum
1276 2030 1427 2075 vugaris
1452 2041 1505 2063 οι·-

844 2079 886 2112 do
910 2082 1089 2112 verborum
1112 2079 1220 2111 bouus
1245 2082 1310 2110 est.

889 2133 1052 2179 τούτου]
1087 2136 1143 2169 Ita
1167 2146 1241 2168 cum
1267 2133 1342 2167 Ald.
1367 2133 1446 2166 Bas.
1474 2144 1505 2166 a.

844 2182 967 2226 Steph.
994 2182 1070 2215 Ast.
1095 2193 1148 2226 pr.
1178 2192 1263 2214 unus
1287 2191 1329 2212 ex
1357 2179 1506 2213 Bekkeri

842 2229 936 2262 libris
959 2228 1040 2261 Par.
1064 2229 1104 2260 A.
1140 2226 1195 2271 (in
1218 2227 1313 2260 Mon.
1339 2225 1379 2259 B.
1404 2236 1505 2269 quem

841 2285 908 2307 uua
933 2286 1006 2306 cum
1030 2273 1110 2306 Par.
1130 2274 1169 2306 A.
1194 2283 1259 2306 non
1285 2284 1305 2305 a
1329 2272 1504 2316 Stephano

840 2320 1021 2353 dissentire
1031 2318 1252 2362 significavit,
1270 2318 1408 2351 τοῦτον
1418 2317 1503 2371 est.)

840 2372 876 2400 et
898 2377 980 2399 unus
1001 2377 1043 2398 ex
1065 2363 1274 2398 Florentinis
1289 2364 1333 2398 R.
1359 2360 1503 2397 τούτων

841 2412 938 2445 vind.
975 2411 1051 2445 EF.
1086 2411 1163 2444 Par.
1196 2410 1242 2443 K.
1281 2412 1368 2454 Aug.
1393 2410 1436 2443 B.
1469 2413 1504 2443 et

841 2458 1004 2503 „quidam
1028 2461 1095 2491 vet.
1101 2459 1124 2476 “
1149 2456 1332 2490 secundum
1351 2455 1503 2500 Stepha-

839 2485 918 2538 iium
952 2508 1066 2537 annot.
1101 2515 1135 2548 p.
1170 2504 1227 2537 27.
1271 2501 1395 2547 reliqui
1429 2513 1503 2534 cum

839 2552 919 2584 Bas.
944 2551 978 2584 b
1012 2553 1087 2583 Ast.
1111 2561 1180 2582 sec.
1205 2554 1287 2582 tert.
1312 2552 1347 2581 et
1377 2548 1502 2581 Stallb.

840 2596 977 2630 τοῦτον
997 2596 1136 2638 habent,
1155 2596 1245 2650 quod
1263 2594 1399 2628 Ficinus
1418 2605 1502 2638 quo-

840 2654 907 2688 qne
931 2641 1118 2686 expressit.
1151 2642 1192 2674 1·
1179 2652 1208 2674 ιθ
1227 2643 1263 2675 in
1276 2642 1334 2675 ist
1330 2642 1352 2673 's
1370 2652 1503 2684 quoque

841 2689 1109 2732 investigemus,
1149 2688 1223 2732 quis
1253 2689 1410 2721 imitator
1437 2687 1501 2720 iste

840 2734 910 2770 sct'?
933 2734 1004 2768 Sed
1029 2734 1071 2768 de
1091 2734 1263 2768 imitatore
1286 2734 1318 2766 iu
1341 2732 1501 2777 proximis

839 2792 949 2814 sermo
974 2792 1039 2813 non
1063 2781 1188 2821 suerat,
1215 2786 1253 2814 ut
1277 2779 1502 2812 demonstrari

840 2835 1009 2870 tamquam
1042 2837 1204 2870 praesens
1235 2828 1362 2871 posset.
1421 2825 1500 2858 Non

841 2871 1145 2918 magis.to;15vmv‚
1171 2873 1296 2918 quippe
1329 2871 1419 2916 quod
1443 2882 1501 2904 eo-
