1764 3176
238 134 323 175 134

238 241 371 286 πόλιν
411 245 501 286 τῶν
541 240 715 286 πόλεων
751 242 1026 300 αθλιωτᾶτην
1068 244 1254 299 ἔκρινας.

237 314 357 361 θῶς;
389 309 488 366 ἔφη.
547 310 635 353 Καὶ
663 309 797 366 μάλα,
827 308 883 370 ἦν
913 311 960 356 δ’
990 311 1085 368 ἐγώ.

698 132 1160 176 PLATONIS

1328 242 1520 291 Οὐκοῦν.
1546 242 1619 298 ὀρ-

239 376 346 432 δρὸς
375 379 433 421 αὐ
462 380 543 421 τοῦ
572 383 842 432 τυραννικοῦ
871 381 912 423 τί
940 379 1075 435 λέγεις
1104 381 1164 431 εἰς
1192 378 1328 422 ταύτὰ
1356 383 1493 422 ταῦτα
1515 376 1620 422 ἀπο-

238 445 433 502 βλέπων,·
475 448 673 501 Μακρῷ,
714 446 820 503 ἔφη,
862 446 1139 492 ἄθλιωτατον
1179 445 1291 491 εἶναι
1338 450 1427 490 τῶν
1475 446 1621 490 ἄλλων

239 511 461 557 ἁπάντων.

240 583 369 632 Πῶς,·
409 577 439 637 ἦ
479 580 525 625 δ’
566 582 628 634 ὅς.

238 652 441 700 τοιοῦτος
484 648 679 705 μάλιστα.

283 862 449 910 ἔκρινας]
484 865 609 910 ἔκρινα
642 867 744 902 Vind.
778 868 823 901 Ε.
855 887 900 892 -—

236 922 270 956 p.
291 911 370 946 576.
396 911 440 946 E.

285 953 434 999 ὀρθῶς;
453 954 726 1014 εφη]ορθως
709 971 790 1002 εφη
799 959 900 1013 Vind.

238 1002 278 1035 Β.
316 1002 408 1036 Μοιι.
442 1004 481 1039 Β.
525 1005 601 1038 Α1(1.
647 1002 775 1049 ὀρθῶς
806 1002 900 1050 ἕςφη

237 1048 317 1082 Bas.
346 1049 400 1082 ab.

285 1090 395 1139 ἀλλὰ]
421 1091 519 1128 Ἀλλοὶ
544 1096 666 1140 steph.

285 1140 334 1173 αὐ
349 1141 444 1195 τοῦ]
471 1138 589 1175 αὐτοῦ
619 1141 717 1175 Vind.
743 1141 786 1176 E.

285 1183 408 1220 ταυτὰ
446 1188 592 1232 ταῦτα]
644 1188 700 1222 Ita
748 1188 829 1222 Par.
863 1188 904 1222 A.

239 1231 326 1266 Ven.
350 1233 389 1266 B.
425 1234 524 1267 Vind.
552 1234 590 1268 Β.
627 1233 705 1267 Vat.
730 1234 775 1267 H.
812 1234 903 1268 Flor.

239 1279 346 1313 ACV.
371 1280 454 1312 Bas.
479 1280 512 1314 b.
543 1283 578 1313 et
602 1280 738 1313 Ficinus
763 1280 904 1335 (eadem

238 1324 358 1379 helec).
383 1325 504 1358 ταῦτα
525 1337 647 1359 ταυτα
670 1326 757 1361 Ven.
773 1327 812 1360 C.
837 1323 904 1360 αὖ-

238 1367 285 1403 vc}
321 1370 442 1404 ταῦτα
486 1370 586 1406 Vind.
619 1371 694 1406 EF.
740 1373 826 1416 Ang.
861 1374 902 1406 B.

238 1416 331 1450 Flor.
367 1417 444 1450 RT.
481 1417 603 1451 ταῦτα
635 1418 757 1462 reliqui
788 1430 904 1452 manu-

237 1462 359 1507 scripti
379 1463 528 1509 editique
547 1469 626 1497 ante
636 1464 725 1497 Astii
744 1476 814 1499 sec.
839 1465 905 1506 „In

237 1509 385 1553 quodam
424 1515 492 1542 vet.
534 1509 659 1554 legitur
696 1510 749 1550 εἰς
783 1508 903 1544 ταυτὰ

237 1554 370 1588 ταῦτα.
417 1555 493 1589 Duo
523 1562 638 1590 autem
662 1556 748 1590 haec
772 1568 792 1590 a
814 1557 904 1592 Plat.

237 1604 274 1634 et
284 1600 364 1634 alibi
376 1601 661 1658 coniunguntur.“
686 1602 826 1647 Steph.
818 1615 850 1635 ιιι
862 1615 903 1636 ιιι.

284 1647 394 1687 Πῶς;
421 1645 506 1691 ηδ’
531 1644 585 1687 ὁ’.ς
596 1648 607 1692 ]
633 1660 699 1681 om
720 1649 805 1682 Lob.
824 1649 904 1683 Vat.

236 1691 315 1725 ΒΜ.
352 1659 443 1728 Ven⁷⁷
463 1694 503 1727 C.
541 1696 618 1729 Par.
645 1694 724 1728 DK.
761 1695 798 1729 τί
832 1693 903 1740 677'3

237 1737 330 1772 Mon.
356 1739 397 1772 B.
431 1739 522 1773 Flor.
547 1740 594 1774 U.

287 1779 431 1830 Οὔπω]
470 1782 570 1819 οὕτω
605 1786 700 1820 Μοιι.
731 1786 772 1820 Β.
806 1798 827 1821 a
858 1798 902 1820 m.

237 1840 302 1886 pr.

284 1873 400 1921 ἐστιν]
426 1874 523 1910 ἔστιν
547 1876 650 1911 Vind.
676 1877 716 1911 F.

275 1922 355 1978 τίς]
384 1922 421 1956 τί
444 1923 545 1957 Vind.
571 1924 612 1957 B.

275 1963 384 2012 Ὀδε]
411 1965 432 2003 ὁ
459 1966 499 2003 δὲ
525 1969 611 2003 Lob.
637 1964 703 2003 δ’δ’
736 1969 836 2005 Vind.
862 1969 902 2004 F.

239 2015 327 2058 Ang.
352 2015 393 2048 Β.

287 2061 360 2115 σοι]
385 2064 462 2105 post
488 2057 541 2093 ε’τι
564 2060 650 2094 Lob.
676 2061 755 2095 vat.
781 2062 823 2096 Β.

286 2107 440 2151 τουτου]
467 2118 531 2140 om.
557 2106 651 2142 Mon.
675 2107 714 2142 B.
738 2108 817 2141 Par.
828 2106 905 2142 DK.

239 2151 330 2186 Flor.
357 2153 402 2187 U.

287 2195 533 2242 ἀθλιώτερος.
566 2198 728 2243 Ποῖοςς]
765 2195 907 2233 ἄθλιαί-

239 2255 358 2288 τερος,
384 2247 504 2283 ποῖος.
529 2245 605 2278 Ald.

288 2289 537 2335 τυραννικὸς]
588 2302 668 2345 τηρ.
714 2291 795 2324 Bas.
849 2290 905 2325 ab.

240 2337 396 2392 „Deesse
413 2343 496 2382 puto
515 2337 727 2381 negationem
747 2341 827 2370 ante
843 2349 904 2370 τυ-

240 2363 438 2427 ραννικόςτ
462 2386 498 2416 et
518 2382 694 2427 loquutuln
719 2383 766 2436 de·
778 2395 818 2416 eo
847 2382 904 2427 qui

239 2429 419 2473 tyrannico
462 2429 637 2482 praeditus
680 2429 725 2463 sit
758 2428 904 2473 ingenio,

240 2487 330 2509 nunc
361 2475 569 2508 miseriorem
602 2475 716 2508 dicere
740 2486 815 2508 eum
847 2478 904 2520 qui

239 2521 321 2554 licet
344 2533 383 2554 eo
407 2532 473 2554 non
497 2520 541 2554 sit
565 2521 761 2565 praeditus,
786 2525 905 2565 tyran-

240 2567 353 2601 nidem
385 2570 498 2600 tamen
530 2578 692 2601 exercere
726 2573 877 2611 cogatur
882 2569 905 2586 “

240 2613 363 2658 Steph.
401 2612 436 2645 in
473 2624 514 2645 m.
575 2613 650 2653 „Si
684 2614 814 2647 diceret
842 2625 903 2647 τυ-

265 2656 415 2698 οιννικὸς
437 2652 503 2700 ὧν,
533 2670 598 2692 non
623 2665 737 2693 autem
753 2657 803 2703 μὴ
824 2671 903 2703 τυρ.

241 2717 316 2749 ων,
343 2705 386 2738 de
410 2704 526 2738 eodem
550 2704 644 2749 loqui
667 2705 843 2739 videretur
861 2707 904 2739 de

240 2763 308 2797 quo
341 2751 429 2785 alter
464 2750 561 2784 modo
594 2752 754 2795 loquutus
777 2752 902 2793 fuerat,

242 2809 343 2843 quum
368 2802 480 2832 tamen
504 2807 542 2831 se
565 2796 607 2830 de
622 2797 690 2831 alio
709 2797 799 2843 loqui
817 2798 904 2832 velle

526 517 690 565 Τοῦτο,
739 511 797 571 ἦν
837 514 883 560 δ’
925 515 1032 572 ἐγώ,
1082 514 1227 559 οὐκέτ’

1278 515 1427 569 ὀρθῶς
1473 515 1620 571 λέγεις.

699 583 858 635 Οὔπω,
897 584 1030 641 ἔφην,
1077 582 1219 640 οἶμαι,
1270 579 1400 635 οὗτός
1437 582 1554 626 ἐστιν
1595 581 1619 626 ὁ

736 650 862 695 Ἀλλά
901 654 964 703 τίς
1001 651 1112 709 μήν;

178 719 209 760 C
241 715 356 769 δόξει
385 715 498 761 εἶναι
528 717 692 763 τούτου
721 717 1000 776 ἀθλιώτερος.

1156 651 1261 695 ”Οδε
1298 653 1403 702 ἴσως
1444 662 1515 694 σοι
1558 650 1621 694 ἔτι

1061 723 1218 769 Ποῖοςς
1263 718 1342 770 “Ὸς
1371 718 1449 768 ἂν,
1487 714 1546 776 ἦν
1577 717 1622 762 δ’

958 867 1127 901 ostendat.
1160 866 1273 900 Locus
1293 871 1406 900 tamen
1431 866 1568 911 quidam
1588 866 1624 899 in

958 913 1001 947 iis
1026 924 1114 958 quae
1142 918 1342 957 sequuntur,
1367 913 1546 946 lectionem
1571 913 1622 946 al-
1674 943 1677 944 γ

959 963 1067 992 teram
1099 959 1207 992 videri
1241 959 1385 1003 cuipiam
1429 959 1538 1003 possit
1568 962 1623 992 ut-

960 1016 1102 1049 cumque
1121 1005 1314 1038 desendere.
1334 1004 1423 1049 quod
1443 1005 1473 1038 si
1492 1005 1543 1038 ita
1560 1010 1624 1046 est,

959 1051 1136 1084 dicendum
1155 1050 1260 1083 fuerit
1283 1055 1463 1096 utrumque
1488 1051 1624 1104 quidem

959 1108 1035 1130 esse
1070 1093 1310 1140 τυραννικόν,
1345 1097 1404 1129 sed
1444 1096 1625 1130 discrimen

959 1143 993 1176 in
1023 1155 1063 1176 eo
1088 1155 1165 1176 esse
1188 1143 1277 1187 quod
1301 1142 1387 1176 alter
1412 1154 1477 1176 non
1503 1147 1625 1187 sponte

958 1188 1175 1232 tyrannidem
1189 1194 1358 1234 capessat,
1371 1189 1431 1222 sed
1448 1191 1625 1222 coactusf‘

958 1235 1051 1268 Idem
1072 1234 1107 1267 in
1132 1240 1245 1268 annot.
1271 1246 1302 1278 p.
1324 1236 1380 1269 26.
1429 1235 1542 1275 Quum
1561 1235 1624 1267 ho—

959 1292 1012 1314 mo
1057 1281 1233 1323 tyrannico
1274 1280 1407 1323 ingenio
1449 1280 1625 1325 praeditus

958 1326 1014 1360 vel
1038 1325 1191 1378 privatus
1212 1326 1267 1358 vel
1291 1338 1366 1359 cum
1390 1327 1532 1371 imperio
1550 1337 1625 1359 esse

959 1372 1088 1425 possit,
1113 1372 1275 1405 Socrates
1309 1372 1526 1405 accedente
1518 1384 1625 1416 unpe-

961 1418 1032 1459 rio,
1058 1418 1100 1451 de
1135 1430 1200 1462 quo
1233 1429 1340 1452 sermo
1371 1418 1517 1451 nondum
1540 1417 1627 1451 fuis-

961 1468 1026 1504 set,
1051 1464 1193 1497 omnium
1219 1476 1292 1497 eum
1312 1463 1531 1497 miserrimum
1551 1465 1626 1497 fore

960 1490 1096 1544 iudicat.
1142 1510 1198 1543 Cf.
1224 1521 1258 1554 p.
1282 1510 1360 1544 579.
1385 1509 1426 1545 C.
1449 1521 1550 1554 quem
1573 1510 1625 1543 lo-

962 1568 1036 1589 cum
1061 1556 1274 1600 Stephanus,
1307 1560 1346 1589 ut
1369 1555 1535 1596 debebat,
1568 1567 1626 1588 re-

961 1602 1110 1656 §piciens
1137 1602 1241 1635 verbo
1266 1608 1379 1635 tamen
1405 1598 1625 1646 ἀναγκασθῇ

961 1647 1098 1681 nimium
1123 1647 1244 1680 tribuit
1270 1647 1324 1681 vel
1348 1648 1459 1691 potius
1484 1659 1550 1681 non
1572 1647 1626 1680 in-

961 1693 1096 1727 tellexit
1130 1699 1285 1727 coactum
1317 1694 1417 1727 istum
1449 1693 1507 1727 illo
1537 1693 1626 1735 loco,

962 1746 1001 1773 ut
1035 1740 1090 1773 hic
1121 1741 1316 1782 infelicem,
1351 1751 1416 1773 non
1441 1739 1625 1773 secundum

961 1796 1058 1819 suum
1081 1785 1190 1830 ipsius
1212 1786 1371 1819 iudicium
1396 1791 1455 1820 aut
1478 1797 1625 1828 sensum,

960 1832 1022 1864 sed
1045 1832 1230 1866 secundum
1253 1833 1433 1867 veritatem
1460 1836 1497 1866 et
1520 1842 1624 1866 even-

961 1883 1031 1911 tum
1055 1877 1131 1911 dici.
1364 1877 1388 1896 “

1008 1921 1184 1967 ἰδιώτην]
1220 1923 1465 1957 Stallbaumius
1496 1923 1530 1957 in
1555 1931 1624 1957 sec.

961 1966 1113 2012 ἰδιώτης
1133 1970 1271 2010 mavult,
1296 1981 1362 2013 quo
1387 1969 1498 2013 posito
1523 1970 1625 2003 etiam

961 2013 1029 2049 τὸν
1054 2015 1179 2048 addere
1201 2016 1254 2048 vel
1279 2015 1362 2059 βίον
1380 2015 1497 2048 delere
1521 2015 1625 2048 debe-

961 2062 1031 2095 bat.
1081 2061 1228 2103 Vulgata
1251 2061 1350 2094 lectio
1375 2061 1626 2104 elegantissima

962 2111 1026 2141 est.
1067 2106 1122 2139 Cf.
1148 2106 1321 2149 Reisigius
1345 2107 1388 2139 ad
1413 2107 1517 2151 Soph.
1537 2107 1623 2141 Oed.

963 2165 997 2198 p.
1021 2152 1300 2186 CLXXXXIIII.
1334 2157 1370 2186 et
1393 2153 1485 2186 locus
1510 2153 1624 2187 Philo·

962 2198 1013 2232 nis
1037 2199 1079 2231 de
1104 2199 1173 2232 vita
1198 2198 1305 2232 Mosis
1328 2198 1369 2231 L.
1399 2198 1462 2232 111.
1499 2211 1519 2232 a
1544 2200 1627 2233 Ste-

963 2245 1073 2289 phano
1098 2245 1184 2277 thes.
1210 2245 1255 2278 T.
1279 2244 1306 2278 Ι.
1332 2256 1366 2290 p.
1393 2246 1491 2280 1642.
1509 2245 1550 2279 A.
1573 2245 1623 2278 ci-

960 2296 1072 2324 tatus:
1101 2287 1175 2347 oei.)-
1198 2287 1352 2334 ἐζήλωσε
1371 2290 1455 2336 βίον
1482 2287 1625 2345 ἀπράγ-

961 2347 1059 2380 μονα
1088 2335 1151 2370 καὶ
1185 2335 1349 2380 ἰδιώτην.
1388 2348 1488 2381 quam
1520 2338 1624 2372 vitam

961 2388 1077 2417 noster
1101 2383 1140 2415 L.
1160 2382 1203 2416 X.
1231 2395 1274 2438 p.
1285 2385 1363 2418 620.
1385 2383 1425 2417 C.
1453 2382 1536 2428 βίον
1556 2380 1623 2417 οἷν-

961 2426 1049 2472 δρὸς
1071 2426 1221 2462 ἰδιώτου
1230 2426 1488 2473 οἷπροιγμονος
1507 2433 1622 2464 vocat.

1009 2473 1188 2518 δυστυχὴς
1218 2474 1264 2520 η]
1311 2475 1344 2509 δ.
1376 2474 1424 2518 ήν
1455 2475 1553 2511 Vind.
1576 2476 1621 2509 Ε.

961 2524 1039 2554 ante
1064 2521 1220 2562 lituram,
1245 2533 1313 2566 qua
1337 2533 1358 2555 ν
1383 2521 1530 2555 deletum
1557 2524 1621 2555 est.

961 2565 1188 2611 δυστυχήση,
1223 2567 1311 2612 quod
1344 2567 1520 2601 Bekkerus
1551 2568 1622 2601 for-

960 2617 1053 2646 tasse
1077 2618 1255 2657 praestare
1289 2613 1391 2655 dicit,
1427 2625 1491 2646 non
1515 2613 1623 2654 magis

961 2660 1115 2704 equidem
1150 2659 1306 2714 requiro,
1330 2671 1431 2703 quam
1455 2659 1496 2692 L.
1523 2659 1620 2693 VIII.

960 2717 993 2760 p.
1032 2708 1111 2740 561.
1147 2706 1185 2739 A.
1223 2702 1403 2761 εὐτυχήσῃ
1437 2706 1472 2739 in
1507 2705 1622 2739 verbis

961 2748 1047 2785 ἀλλ’
1073 2748 1139 2784 ἐὰν
1164 2748 1320 2795 εὐτυχὴς
1334 2751 1370 2808 ῄ
1397 2750 1460 2784 καὶ
1482 2748 1530 2794 μὴ
1557 2748 1620 2784 πέ-

960 2809 1008 2841 ρα
1037 2794 1266 2843 ἐκβακχευθῇ
1282 2823 1292 2840 ,
1319 2794 1412 2831 ἀλλὰ
1436 2816 1482 2822 —
1506 2808 1621 2831 κοιτα-

1144 310 1252 356 omo?
1285 311 1383 366 περὶ
1421 314 1504 354 τοῦ
1537 308 1609 353 ἄν·
1621 323 1687 359 505
