1764 3176
691 123 781 173 pag.
812 123 1006 164 55—85.
1543 124 1597 165 41

315 236 351 286 b,
370 235 395 276 4
419 250 440 273 a
461 236 483 275 f.
514 235 648 273 addas:
680 234 888 273 Addendus
919 249 1007 273 vcro
1038 237 1183 274 videtur
1213 236 1455 286 Thucydides
1486 237 1529 276 L.
1549 239 1597 277 II.

370 306 400 330 c.
431 293 498 340 62,
524 293 565 340 3,
593 305 667 341 quo
697 291 780 329 loco
810 289 855 331 τὰ
886 292 1182 345 προσεκτημένα
1213 307 1234 331 3
1264 295 1456 332 codicibus
1482 295 1596 332 multo

367 349 507 386 firmius
534 354 609 395 est,
641 361 750 399 quam
775 361 979 402 προσκεκτ.

94 403 183 454 Pag.
214 406 279 453 70,
307 406 345 455 b,
373 407 422 446 12
444 411 532 456 post
560 405 648 443 Par.
687 405 731 445 A.
777 407 939 444 inseras:
976 405 1210 458 (ἐπιμελείαι
1240 407 1365 445 deleto
1397 420 1512 458 super
1549 423 1595 459 με

367 467 523 500 accentu
554 462 646 512 Dii.)

91 517 183 567 Pag.
212 519 280 566 71,
303 532 339 568 3,
371 519 424 559 23
450 525 537 568 post
563 514 746 570 πάντων)
774 518 934 556 inseras:
975 532 1055 557 cum
1088 536 1128 571 ηι
1156 533 1177 557 3
1208 533 1254 557 111.
1293 525 1366 560 vet.
1395 533 1507 572 super
1539 537 1596 561 ων

90 630 182 680 Pag.

87 799 178 850 Pag.

87 856 180 906 Pag.

86 1138 176 1190 Pag.

83 1195 175 1246 Pag.

83 1308 177 1358 Pag.

84 1422 176 1472 Pag.

81 1929 170 1980 Pag.

79 2044 171 2093 Pag,

79 2213 168 2264 Pag.

75 2435 167 2490 Pag.

206 632 274 681 72,
301 631 338 681 b,

204 801 272 849 73,
299 800 335 847 b,

364 575 450 612 Par.
483 575 529 616 A,
561 575 636 614 Dii.

326 632 526 730 ‚iEteIrJv
556 632 610 672 20
637 634 672 668 et
702 632 750 672 21
786 631 950 668 inseras:
978 632 1090 683 ποτε)
1122 648 1174 672 πο
1204 656 1259 661 ——
1300 634 1334 671 in
1370 633 1479 672 litura
1510 634 1595 672 Par.

485 702 506 724 u
552 687 662 724 et‘*

364 746 417 785 28
448 749 536 795 post
560 742 858 813 διχοστατήσῃ);
890 766 943 771 —
976 757 1034 784 σει
1061 759 1083 782 3
1111 759 1158 783 1n.
1187 760 1243 796 pr.
1274 746 1358 786 Par.
1386 749 1431 784 A.
1463 747 1537 785 Dti.

365 802 390 841 9
420 814 441 838 3
472 801 496 842 f
528 806 616 852 post
639 799 686 840 τρὶ
717 797 754 840 δ’
783 802 948 838 inseras:
988 801 1076 840 Par.
1106 803 1150 840 A.
1182 802 1257 844 Dii,

210 854 276 904 74,
299 869 334 905 a,
360 859 384 898 9
417 873 438 896 a
473 857 498 894 f.
539 859 679 895 addas:
711 857 770 894 Cf
794 858 840 894 L.
872 857 950 897 VH.
977 863 1069 899 extr

307 914 343 963 b,

367 916 415 956 12
450 918 539 965 post
568 915 811 965 μακαρίστου
845 916 1008 952 inseras:
1036 916 1120 955 Par.
1148 914 1193 955 A.
1213 914 1288 956 Dii.

362 972 388 1010 6
415 987 436 1009 a
466 971 490 1006 f.
523 972 658 1009 addas:
690 984 735 1008 eo
762 984 895 1018 sensu,
926 984 1036 1020 quem
1064 977 1286 1021 argumento
1312 973 1452 1023 pariter
1482 976 1594 1023 atque

413 1030 654 1075 grammatica
692 1027 898 1065 reluctante
943 1029 1115 1079 vulgatae
1153 1029 1283 1066 tribuit
1318 1029 1509 1079 Pssugkius
1546 1031 1592 1067 ad

418 1084 547 1134 Eurip.
581 1084 663 1122 Hel.
698 1085 817 1124 1089.

203 1139 271 1187 75,
293 1152 329 1188 a,
360 1137 386 1179 4
416 1144 508 1190 post
537 1137 672 1180 αὐτῶν
697 1141 859 1177 inseras:
889 1142 973 1181 Par.
1006 1141 1050 1181 A,
1074 1141 1146 1179 Dii.

202 1197 270 1245 76,
287 1196 323 1243 b,
355 1198 380 1237 9
410 1201 500 1247 post
530 1197 620 1234 ΡαΓ.
644 1197 690 1233 A.
720 1197 885 1234 inseras:
924 1196 965 1249 (a
1000 1211 1048 1234 111.
1078 1211 1135 1248 pr.
1165 1197 1257 1249 Dii.)
1289 1202 1325 1235 et
1356 1212 1390 1236 v,
1429 1200 1476 1238 11
1506 1204 1595 1249 post

360 1253 395 1292 εἰ
424 1250 516 1303 μὲνε
548 1266 569 1290 3
596 1268 643 1290 m.
663 1266 739 1290 sec.
772 1253 856 1292 Par.
886 1254 930 1292 A.
958 1253 1033 1290 Dii.

203 1310 271 1357 78,
286 1309 323 1358 b,
352 1310 450 1347 inter
479 1322 513 1346 v.
547 1311 598 1352 22
633 1314 670 1348 et
700 1310 752 1349 23
789 1310 951 1347 inseras:
992 1309 1170 1361 ἔμελλον)
1200 1333 1253 1338 —
1282 1325 1302 1349 ο
1328 1331 1382 1337 —
1422 1312 1456 1348 in
1485 1310 1592 1348 litura

357 1367 444 1404 Par.
472 1365 517 1403 A.
547 1365 620 1406 Dii.
648 1366 792 1403 Fuerat
817 1381 847 1405 ω

203 1425 270 1471 79,
303 1436 336 1468 3,
361 1425 384 1465 2
414 1428 501 1473 post
527 1417 645 1474 ἆδροὶ
673 1423 838 1459 inseras:
867 1422 954 1463 Par,
994 1422 1035 1459 A.
1075 1422 1151 1460 Du'.

302 1478 340 1528 b,
363 1480 412 1519 18
451 1483 539 1530 post
572 1480 798 1529 praebuisset
838 1479 977 1515 addas:
1018 1478 1075 1517 Cf.
1117 1479 1214 1517 Tim
1254 1493 1291 1529 p.
1329 1479 1397 1519 74.
1438 1479 1488 1516 B:
1525 1478 1590 1518 διὰ

358 1538 480 1575 ταῦτα
512 1532 613 1575 ούτω
650 1533 695 1574 τό
726 1550 805 1574 των
842 1530 999 1603 νεύρων
1034 1534 1101 1574 καὶ
1131 1533 1174 1575 ‘co'
1206 1551 1277 1586 της
1310 1533 1451 1601 σαρκὸς
1479 1535 1593 1588 γένος

355 1591 599 1644 ἐμηχανᾶτο,
629 1591 697 1631 ι’να
726 1594 778 1645 τῷ
809 1589 880 1641 ιιὲν
909 1589 1039 1630 πάντα
1069 1608 1115 1630 τα
1147 1591 1241 1643 μέλη
1273 1588 1475 1644 ξυνδησας
1505 1593 1591 1632 ἐπι-

355 1648 567 1716 τεινομένῳ
593 1648 659 1688 καὶ
686 1647 882 1703 α’νιεμένῳ
909 1647 998 1700 περὶ
1023 1664 1117 1695 τους
1146 1644 1386 1702 στοόφιγγας
1416 1646 1590 1699 καμπτό-

357 1721 478 1756 μενον
523 1703 567 1745 το“
615 1718 727 1756 σωμα
775 1704 841 1743 καὶ
887 1701 1156 1755 ἐκτεινόμενον
1204 1705 1390 1757 παρέχοι,
1437 1722 1510 1756 την
1550 1705 1591 1746 δὲ

355 1774 481 1814 σαρκα
511 1760 716 1814 προβολην
746 1759 817 1811 μὲν
846 1757 1082 1812 καυμάτων,
1124 1759 1336 1814 πρόβλημα
1371 1760 1413 1801 δὲ
1452 1760 1590 1814 χειμώ-

354 1835 452 1868 νων,
474 1818 528 1858 ε’τι
555 1816 597 1857 δὲ
622 1812 844 1887 πτωμάτων
871 1820 959 1857 οἱον
985 1834 1029 1857 τα
1056 1816 1200 1869 πιλητοὶ
1217 1818 1376 1858 ἔσεσθαι
1397 1815 1588 1871 κτήματα.

385 1889 470 1926 pen.
496 1880 584 1926 post
614 1872 643 1927 ἢ
678 1876 844 1912 inseras:
873 1874 958 1912 Par.
986 1876 1028 1914 A.
1059 1874 1132 1913 Du.

199 1931 267 1980 80,
285 1944 320 1980 a,
355 1933 407 1972 10
435 1932 482 1969 ad
511 1932 629 1983 ζωον)
661 1932 799 1975 addas:
832 1930 887 1967 lta
916 1932 950 1971 h,
979 1931 1002 1969 1.
1034 1931 1118 1972 Par,
1151 1929 1193 1971 A.
1225 1930 1299 1968 Du'.

358 1989 382 2028 5
409 2003 431 2026 a
462 1988 488 2025 f.
518 1993 607 2039 post
635 1987 726 2041 ἡγεῖ
752 1989 914 2025 inseras:
943 1987 1027 2028 Par,
1052 1988 1096 2025 A.
1122 1986 1195 2026 Dii.
1219 2002 1239 2025 a
1269 2002 1316 2025 1n.
1353 2001 1409 2038 pr,

197 2046 264 2092 83,
291 2059 325 2095 3,
354 2047 405 2085 18
436 2048 525 2096 post
555 2041 618 2084 αὖ.
651 2046 813 2082 inseras:
844 2044 930 2084 Par,
953 2044 997 2082 An
1018 2043 1091 2082 Dii.

352 2103 404 2143 29
435 2105 524 2152 post
551 2101 639 2139 Par.
675 2102 714 2138 A.
745 2102 906 2138 inseras:
947 2099 1006 2150 (αὶ
1036 2101 1071 2137 in
1102 2101 1232 2148 litura,
1271 2098 1308 2149 ὲ,
1348 2105 1386 2138 ut
1428 2102 1588 2150 videtur,

351 2171 373 2194 a
404 2170 450 2195 m.
480 2157 661 2209 ΡΓ,1)ϋ.)

196 2213 264 2262 84,
285 2228 320 2263 a,
353 2216 378 2255 6
406 2218 494 2264 post
521 2231 586 2254 αυ.
618 2220 654 2251 et
682 2214 735 2254 10
760 2218 849 2264 post
878 2207 956 2266 ἆρα
985 2213 1149 2251 inseras:
1180 2212 1266 2256 Par,
1298 2213 1342 2252 A.
1376 2213 1449 2253 Dii.

352 2272 404 2311 17
422 2283 444 2307 3
466 2271 490 2309 f.
518 2272 684 2321 adponit
706 2271 844 2307 addas:
864 2269 967 2308 Idem
989 2271 1261 2307 restituendum
1279 2269 1587 2321 Leg.L.V11{1‚

381 2340 417 2376 p.
451 2328 544 2368 860.
578 2327 633 2364 C:
667 2327 787 2373 ποίας
829 2324 878 2376 δη
909 2323 1008 2377 πρός
1044 2322 1130 2366 ποῖ’
1171 2324 1241 2372 ἅν;
1284 2328 1344 2364 ubi
1388 2327 1498 2376 vulgo
1530 2332 1587 2364 est

381 2383 516 2431 ποίαν,
547 2385 646 2433 apud
677 2384 822 2420 Astium
852 2387 992 2431 ποῖον,
1021 2383 1056 2420 in
1086 2384 1145 2420 ed.
1167 2383 1296 2422 Turic.
1330 2388 1438 2423 ποῖα.

193 2438 261 2488 85,
285 2455 320 2489 3,
351 2441 376 2479 6
406 2443 494 2489 post
522 2439 614 2478 Par.
647 2440 694 2476 A.
724 2441 888 2477 inseras:
931 2439 990 2490 (αὶ
1022 2441 1058 2476 in
1093 2438 1203 2477 litura
1232 2439 1327 2491 Dii.)

354 2496 404 2534 18
423 2496 559 2533 addas:
579 2512 624 2548 γρ
645 2496 682 2535 τί
698 2494 739 2535 δὲ
758 2495 971 2547 ἒξιαθῆναι
984 2497 1020 2532 in
1041 2509 1089 2535 m.
1103 2509 1189 2546 pen.
1211 2498 1414 2534 secundum
1431 2495 1586 2533 Diibne-

352 2565 433 2588 rum
473 2553 671 2590 delendum
711 2557 767 2589 est
809 2552 899 2590 Par.
938 2553 982 2592 A.
1029 2553 1131 2590 cuius
1171 2553 1311 2590 codicis
1360 2554 1585 2591 auctoritate

349 2608 542 2646 subtracta
575 2622 620 2645 ne
649 2608 716 2647 καὶ
746 2609 894 2658 quidem
921 2609 1123 2646 tenendum
1154 2610 1318 2658 videtur,
1349 2609 1418 2647 etsi
1449 2608 1585 2646 bonum

349 2678 417 2714 per
446 2678 488 2702 se
519 2670 557 2702 et
586 2665 704 2715 magis
735 2666 861 2712 etiam,
890 2666 990 2713 quod
1023 2667 1069 2702 ad
1100 2666 1317 2704 infinitivum
1347 2665 1501 2713 attinet,
1531 2665 1585 2702 31-

350 2724 432 2757 tero
468 2720 612 2770 Legum
648 2723 732 2759 loco
773 2722 1072 2759 commendatum
1108 2720 1153 2762 L
1195 2721 1278 2760 VII.
1316 2737 1351 2774 p.
1393 2721 1490 2762 804.
1530 2722 1582 2762 C:

352 2779 430 2816 νῦν
460 2775 638 2829 εἰρήσθω
670 2780 721 2831 τῷ
746 2772 849 2831 λόγῳ
878 2775 973 2828 μετοὶ
1000 2774 1159 2829 νόμων
1181 2778 1224 2818 ἐν
1243 2776 1285 2818 δὲ
1314 2793 1470 2824 τουτοις
1485 2781 1584 2818 πᾶσι

353 2830 618 2883 διδασκάλους
636 2819 931 2884 -διδοὶσκειν,
959 2835 1060 2885 quod
1089 2839 1214 2873 autem
1245 2836 1292 2873 ad
1323 2835 1582 2887 προστίθημι,
