1764 3176
539 178 858 222 CIVITAS
901 179 1026 224 LIB.
1056 180 1116 222 X.
1146 187 1213 222 615

1464 180 1548 225 2775

160 291 393 348 ἑκάστην,
399 290 462 343 ὦς
487 292 591 347 βίου
620 282 752 341 ουτος·
779 291 998 335 τοσούτου
1026 296 1110 336 τοῦ
1139 292 1441 346 ἀνθρωπίνου,
1471 294 1545 336 ἵνα
1568 298 1604 340 Β

160 358 452 404 δεκαπλασιον
487 359 536 404 τὸ
579 359 756 414 ἔκτισμα
792 364 874 403 τοῦ
905 359 1171 415 ἀδικήματος
1200 360 1435 411 ἐκτίνοιεν,
1474 361 1548 403 καὶ

159 425 258 471 οἷον
295 429 336 471 εἴ
369 437 483 479 τινες
520 430 698 470 πολλῶν
735 426 948 471 θανάτων
986 421 1101 481 ἦσαν
1141 429 1297 480 αἴτιοι,
1336 429 1365 484 ἢ
1400 428 1547 480 πόλεις

151 492 396 551 προδόντες
425 495 455 552 ἢ
484 493 778 550 στρατόπεδα,
811 497 884 539 καὶ
915 498 974 547 εἰς
1005 497 1206 547 δουλείας
1236 485 1546 576 ἐμβεβληκότες

153 563 186 620 ’ἦ
212 580 332 616 τινος
361 564 511 619 ἄλλης
521 565 759 619 κακουχίας
798 565 1030 619 μεταίτιοι,
1069 562 1248 607 πάντων
1279 563 1449 608 τούτων
1479 567 1544 609 δε-

155 634 401 684 καπλασίας
432 629 677 688 ἀλγηδόνας
712 629 825 687 ’ὑπὲρ
857 632 1043 676 ἑκάστου
1072 634 1353 687 κομίσαιντο,
1383 634 1456 677 καὶ
1487 628 1546 677 αὖ

155 699 197 743 εἴ
221 711 343 751 τινας
372 698 620 757 εὐεργεσίας
659 697 987 758 εὐεργετηκότες
1026 700 1100 743 καὶ
1133 701 1295 745 δίκαιοι
1324 702 1398 745 καὶ
1429 702 1544 761 ὅσιοι

153 880 216 911 sa,
247 868 427 913 aliquando
459 869 617 914 ellipseos
650 869 816 904 beneficio

151 914 195 948 ad
222 915 381 958 syntaxin
413 915 530 949 reduci
561 915 663 949 facile
687 919 815 960 potest,

153 960 334 1006 aliquando
357 961 415 994 vix
439 973 480 995 ac
498 973 542 995 ne
558 961 618 994 vix
638 963 785 1007 quidem.
791 963 814 981 “

151 1007 338 1051 Postquam
360 1006 498 1062 igitur
487 1019 522 1041 1n
543 1007 734 1042 universum
754 1008 816 1041 de-

152 1053 274 1097 cuplae
297 1053 469 1097 pensionis
493 1054 617 1088 mentio
637 1055 729 1088 facta
750 1059 814 1096 est,

151 1098 372 1143 singularium
382 1111 495 1133 rerum
505 1101 716 1145 quarundam
723 1112 814 1134 com-

151 1146 348 1179 memoratio
382 1145 582 1179 subiicitur:
628 1151 661 1180 ct
694 1148 724 1180 si
758 1148 816 1190 qui

152 1193 298 1236 exempli
310 1204 433 1226 caussa
444 1193 567 1229 multos
586 1193 688 1226 morti
701 1194 814 1226 dedis-

149 1243 225 1272 seut
252 1243 287 1271 et
317 1239 354 1272 in
371 1239 568 1272 seruitutem
596 1240 815 1273 coniecissent

151 1285 206 1317 vel
223 1285 318 1318 >alius
336 1285 527 1328 cuiuspiam
550 1286 637 1317 muli
647 1281 814 1318 'auctores

150 1332 378 1371 exstitissent,
404 1336 443 1364 ut
463 1331 678 1374 singulorum
701 1343 740 1364 ex
759 1332 813 1365 his

149 1377 306 1410 omnibus
325 1377 524 1420 decemplici
543 1378 659 1410 dolore
681 1389 812 1421 poenas

141 1425 302 1466 ferrent,
337 1434 521 1466 rursusque
548 1423 578 1456 si
609 1424 690 1467 quid
729 1425 812 1457 bene

147 1470 284 1514 egerint
303 1474 338 1503 et
357 1470 441 1502 iusti
457 1469 576 1512 piique
589 1470 737 1512 fuerint,
755 1482 811 1503 eo-

147 1516 225 1550 dem
248 1515 348 1549 modo
370 1516 565 1559 praemium
585 1518 710 1558 serant
741 1528 811 1549 me-

145 1563 263 1603 ritum.
310 1561 408 1594 Haec
432 1561 461 1594 si
499 1572 582 1594 vera
604 1561 812 1606 interpreta-

146 1608 196 1642 tio
220 1613 286 1647 est,
308 1605 389 1641 οἷον
413 1612 492 1652 post
513 1606 577 1640 καὶ
602 1609 741 1641 eandem
765 1609 812 1642 si-

143 1651 400 1698 gnificationem
438 1653 568 1694 habet,
602 1665 704 1698 quam
737 1655 811 1688 fere

146 1700 244 1734 initio
277 1698 518 1733 enuntiationis
550 1699 676 1733 habere
711 1700 809 1739 solet,

147 1757 178 1780 e.
208 1758 241 1790 g
272 1747 380 1800 Gorg.
394 1756 450 1790 p
475 1744 555 1780 524.
584 1745 626 1778 Β.
663 1743 744 1779 οἷον
778 1745 816 1779 εἰ

142 1803 245 1831 τινος
267 1788 361 1835 με’γα
383 1790 431 1834 ἡν
454 1788 497 1825 τὸ
518 1790 623 1834 σῶμα
645 1798 711 1826 etc
734 1797 811 1836 post

145 1835 322 1872 ἐκτίνοιεν
346 1843 459 1870 autem
487 1848 553 1870 non
584 1837 692 1879 colon,
719 1838 809 1882 quod

144 1884 325 1919 Bekkerus
350 1887 386 1916 et
409 1883 618 1916 recentiores
635 1896 708 1917 cum
727 1884 810 1918 Ste-

145 1929 257 1975 phano
288 1930 465 1968 fecerunt,
499 1929 558 1962 sed
592 1940 720 1964 comma
748 1942 809 1975 po-

143 1976 288 2010 nendum
312 1979 384 2016 est,
414 1985 516 2019 quum
540 1975 696 2019 optativi
707 1977 808 2019 κομί-

138 2028 271 2060 σαιντο
303 2023 339 2054 et
362 2020 570 2063 κομίζοιντο
600 2018 731 2066 pariter
755 2028 808 2056 at-

140 2065 212 2114 'que
236 2065 413 2102 ἐκτίνοιεν
437 2069 480 2100 ab
507 2066 569 2100 ἵνα
593 2073 767 2113 regantur.

189 2148 351 2193 πολλῶν]
378 2149 509 2183 πολλοὶ
532 2150 612 2184 Par.
637 2148 712 2183 ΑΚ.
738 2160 806 2182 sec.

141 2189 218 2238 Rip.
243 2194 342 2229 Vind.
366 2196 472 2229 BEF'.
494 2196 579 2240 Ang
605 2190 644 2228 Β.
671 2194 743 2228 Pal.
764 2195 804 2228 A.

143 2240 224 2273 Vat.
251 2235 295 2274 H.
328 2241 421 2275 Flor.
454 2237 627 2275 ACRUV.
662 2247 698 2274 et
734 2252 808 2274 curn

140 2285 276 2330 punctis
300 2287 393 2320 Mon.
418 2287 457 2320 B.
483 2289 634 2326 πολλοῖς
658 2287 736 2320 Par.
762 2286 805 2320 D.

141 2333 233 2377 quod
265 2333 404 2377 propius
439 2333 480 2366 ab
509 2334 565 2365 ilio
604 2334 720 2374 abest,
746 2333 805 2366 sed

142 2380 284 2423 propter
305 2379 469 2423 pluralem
503 2376 685 2413 θανατων
722 2378 805 2412 ferri

141 2424 270 2469 nequit.

187 2490 413 2538 προδόντες]
436 2488 679 2537 προδιδόντες
702 2493 802 2527 Vind.

140 2533 215 2573 ΒΕ.
241 2531 320 2573 Vat.
344 2539 389 2572 H.
415 2539 508 2574 Flor.
532 2540 639 2574 ACT.

189 2605 455 2652 στρατόπεδα,]
491 2608 629 2642 Comma
660 2612 678 2641 a
712 2608 803 2641 Bek-

138 2655 225 2690 kero
250 2658 286 2688 et
308 2653 551 2688 recentioribus
577 2655 723 2688 deletum
746 2666 804 2687 re-

140 2700 219 2743 feci,
235 2703 315 2743 quia
331 2697 592 2745 ἐμβεβληκότες
609 2701 688 2742 alio,
702 2711 804 2744 quam

140 2744 358 2791 προδόντες,
375 2749 410 2779 et
432 2746 562 2788 eodem,
586 2759 652 2792 quo
678 2747 804 2787 αἴτιοι,

142 2793 216 2827 loco
240 2791 430 2826 habendum
450 2796 515 2826 est.

189 2856 374 2906 δουλείας]
401 2860 573 2895 δουλείαν
596 2861 697 2896 Vind.
722 2861 764 2895 B.

920 866 1208 915 ἐμβεβληκότες]
1297 866 1542 915 ἐμβεβηκότες

874 916 977 950 Vind.
1004 916 1045 950 F.
1071 918 1155 960 Ang.
1182 916 1221 950 B.

917 981 965 1029 ἥ]
991 996 1056 1018 om.
1082 985 1170 1019 Lob.
1197 985 1276 1018 Vat.
1301 984 1351 1018 M.

918 1055 1141 1098 κακουχίας]
1185 1053 1275 1086 Huic
1306 1053 1339 1086 in
1375 1053 1466 1086 F'lor.
1494 1053 1536 1086 R.

870 1101 1093 1143 κακουργίας
1117 1099 1397 1144 superscriptum.
1423 1100 1540 1144 flagi-

872 1148 915 1180 tii
938 1152 972 1180 ct
997 1148 1135 1179 sceleris
1159 1146 1232 1179 Fic.

918 1214 1166 1253 δεκαπλασίας
1180 1215 1192 1258 ]
1270 1212 1539 1253 δεκαπλασίους

869 1261 961 1296 Μοιι.
986 1262 1026 1295 Β.

916 1338 1208 1385 εὐεργετηκότες]
1233 1339 1287 1372 Ita
1300 1339 1381 1372 Par.
1391 1341 1430 1372 A.
1454 1339 1534 1373 Vat.

867 1389 909 1421 B.
938 1389 1023 1422 Ven.
1049 1387 1089 1419 Β.
1117 1389 1202 1429 Ang.
1230 1386 1270 1418 B.
1297 1385 1368 1418 Pal.
1383 1387 1424 1418 A.
1450 1397 1536 1430 quos

867 1434 1047 1468 Bekkerus
1073 1433 1106 1465 in
1133 1443 1248 1464 comm.
1278 1435 1450 1475 tamquam
1474 1443 1536 1465 va-

866 1480 942 1514 riae
958 1478 1115 1513 lectionis
1140 1481 1297 1511 auctores
1316 1477 1502 1521 significav
1493 1484 1534 1521 1t·‚

867 1526 1122 1578 Stephanianae
1154 1523 1357 1556 mentionem
1392 1535 1457 1556 non
1481 1524 1533 1556 fe—

868 1572 938 1612 cit,
964 1571 1062 1617 quasi
1089 1572 1174 1603 hanc
1198 1569 1308 1613 ipsam
1333 1573 1451 1602 tenere
1474 1581 1536 1602 vo—

867 1618 981 1652 luerit.
1038 1616 1144 1650 Dedit
1184 1621 1296 1649 autem
1327 1616 1535 1670 Stephanus

868 1676 943 1697 cum
970 1663 1047 1697 Ald.
1084 1663 1163 1695 Bas.
1203 1663 1257 1694 ab.
1295 1658 1533 1704 ευηργετηκό-

866 1722 904 1742 τε
891 1722 938 1752 ες,
964 1716 1069 1754 atque
1092 1708 1143 1742 ita
1167 1707 1202 1740 in
1226 1708 1312 1740 Lob.
1336 1708 1364 1760 J
1369 1707 1438 1740 ind.
1458 1708 1532 1741 BE

867 1755 961 1789 Mon.
981 1756 1021 1789 B.
1044 1760 1089 1792 et,
1113 1755 1176 1787 nisi
1200 1753 1312 1794 fallor,
1334 1752 1369 1785 in
1390 1754 1534 1786 Floren—

866 1801 947 1834 tinis
971 1801 1133 1845 scriptum
1159 1804 1224 1840 est,
1247 1799 1304 1844 qui
1321 1799 1363 1831 ad
1385 1799 1533 1843 Stepha-

866 1847 899 1880 ni
934 1851 1064 1880 textum
1102 1845 1218 1880 collati
1251 1857 1271 1878 a
1309 1845 1533 1880 Stallbanmio

865 1893 1000 1927 silentio
1035 1891 1267 1937 praetermissi
1310 1897 1410 1932 sunt,
1452 1892 1533 1936 quia

865 1940 981 1973 Astius
1007 1939 1138 1972 veteris
1169 1937 1364 1982 scripturae
1389 1939 1432 1970 ab
1457 1938 1531 1981 ipso

864 1985 932 2018 iam
956 1986 990 2019 in
1018 1997 1068 2030 pr.
1095 1986 1244 2018 fortasse
1268 1990 1397 2016 temere
1421 1989 1534 2016 muta-

863 2036 921 2064 tae
946 2031 1103 2065 indicium
1130 2041 1295 2074 nusquam
1328 2030 1422 2062 fecit.
1473 2030 1533 2062 Sic

865 2077 1138 2119 Stalibaumium‚
1164 2087 1266 2120 quum
1292 2087 1333 2108 ne
1352 2076 1532 2108 Bekkerus

864 2124 999 2168 quidem
1028 2123 1242 2177 Stephiniun
1274 2132 1532 2154 commemoras-

865 2174 941 2212 set,
965 2170 1113 2203 varietas
1138 2166 1294 2201 lectionis
1322 2167 1421 2210 sugit.
1463 2167 1531 2200 Ce-

864 2219 974 2248 terum
993 2214 1164 2259 augmenti
1184 2213 1433 2258 praetermissio
1454 2214 1531 2246 vul-

864 2261 941 2306 gari
974 2261 1215 2305 grammaticae
1248 2260 1312 2302 (cf.
1346 2252 1530 2292 Fischerus

864 2308 908 2341 ad
933 2308 1034 2340 well.
1066 2307 1111 2340 Π
1138 2317 1171 2351 p.
1200 2305 1301 2348 295.)
1336 2316 1529 2349 repugnans

862 2365 927 2387 non
956 2366 975 2387 a
999 2353 1215 2386 librariorum
1238 2351 1442 2392 temeritate,
1469 2352 1529 2385 sed

862 2400 905 2433 ab
932 2399 1006 2444 ipso
1042 2398 1213 2443 scriptore
1245 2396 1409 2430 rationem
1433 2403 1529 2431 vete-

860 2457 1000 2490 remque
1022 2456 1120 2478 usum
1146 2444 1209 2487 (cf.
1239 2443 1423 2476 Fischerus
1447 2445 1470 2476 I.
1496 2455 1525 2476 c.

860 2503 894 2536 p.
916 2491 1016 2535 280.)
1051 2495 1169 2524 secuto
1196 2490 1353 2533 profecta
1378 2489 1525 2522 videtur.

860 2538 981 2579 Itaque
1020 2539 1094 2569 cum
1133 2534 1250 2577 Astio,
1291 2534 1451 2568 Bekkem
1492 2541 1528 2568 et

861 2582 1084 2622 Stallbaumio
1112 2579 1410 2625 ευεργετηκότες,
1436 2581 1527 2626 quod

859 2629 893 2662 in
919 2629 1018 2661 Vind.
1046 2627 1084 2661 F'.
1116 2627 1251 2669 inveni,
1285 2627 1431 2660 exhibui.
1468 2627 1525 2661 Cf.

859 2674 1104 2708 Demosthenes
1143 2674 1177 2707 in
1207 2673 1309 2718 Lep.t
1344 2674 1376 2714 §-
1397 2675 1462 2712 33,
1483 2675 1525 2708 6:

861 2717 1096 2764 εὐεργέτηκεν
1120 2719 1227 2764 (quod
1252 2719 1357 2752 etiam
1378 2698 1527 2752 Lexico—

860 2768 1011 2811 graphiis
1048 2766 1198 2800 Bekkeri
1231 2765 1348 2798 anecd.
1383 2776 1424 2820 p.
1447 2766 1526 2805 137,

862 2815 918 2848 15.
941 2812 1071 2856 tuetur)
1097 2815 1132 2846 et
1159 2814 1192 2856 §-
1221 2812 1287 2852 71,
1315 2812 1357 2846 3:
1383 2807 1526 2855 εὕεργέ

860 2863 982 2902 τήντο.

1256 2914 1333 2956 S2
