1764 3176
444 181 778 226 CIVITAS
822 180 943 223 LIB.
972 180 1032 223 X.
1062 184 1131 220 602

95 297 204 349 κούς
233 295 292 347 ὥς
321 292 421 339 οἷόν
447 310 493 338 τε
522 293 719 349 μάλιστα.
771 290 902 335 Πάνυ
938 290 1017 347 μὲν
1046 285 1139 334 οὖν.

1385 177 1468 219 221

93 360 153 423 ἦν
183 361 228 408 δ’
259 361 367 418 ἐγω,
405 361 454 406 τὰ
502 362 548 406 δὲ
579 361 632 418 δὴ
674 365 901 416 μιμεῖσθαι
940 363 1072 402 τοῦτο
1113 357 1168 402 ού
1197 359 1297 413 περὶ
1326 359 1476 412 τρίτον

97 434 177 491 μέν
203 433 245 479 τί
273 431 390 474 ἐστιν
419 429 506 474 ἀπὸ
538 435 614 486 τῆς
647 427 876 484 οὶληθείαςς
915 422 944 482 ἦ
973 425 1082 482 φάρη
1113 429 1216 470 Ναί.

30 499 158 556 514δὴ
188 497 321 543 ποῖόν
349 500 390 542 τί
421 499 509 542 ἐστι
538 502 628 542 τῶν
656 499 739 539 τοῦ
770 494 1012 549 ἀνθρώπου
1040 495 1141 550 ἔχον
1170 494 1251 551 τήν
1273 494 1479 550 δύναμιν,

348 569 440 610 Τοῦ
481 567 612 610 ποίου
652 563 772 615 τινὸς
810 562 908 618 πέρι
949 563 1110 619 λέγεις;
1155 567 1248 606 Τοῦ
1286 566 1477 607 τοιοῦδε.

96 568 152 626 ἢν
181 568 264 623 ἔχει
279 585 290 618 3

1279 427 1400 481 Πρός
1430 425 1477 469 δὲ

95 633 260 680 ταύτόν
300 649 390 678 που
428 630 533 688 ἡμῖν
578 631 763 688 μέγεθος
807 629 993 686 ἐγγύθεν
1028 648 1073 675 τε
1122 631 1196 675 καὶ
1237 632 1478 687 πόῤῥωθεν

36 752 37 755 ¹
97 701 170 748 διὰ
202 705 278 758 τῆς
307 700 449 753 ὅψεως
479 697 561 743 οὐκ
591 701 690 743 ἴσον
721 701 935 756 φαίνεται.
979 698 1044 743 Οὐ
1073 697 1174 755 γάρ.
1221 700 1312 744 Καὶ
1339 698 1479 743 ταύτὰ

95 769 302 826 καμπύλα
350 784 395 811 τε
443 768 517 811 καὶ
565 766 699 811 εὐθέα
750 768 797 812 ἐν
846 767 974 811 ὕδατί
1022 782 1067 810 τε
1113 768 1356 823 θεωμένοις
1405 767 1479 811 καὶ

96 839 204 891 ἔξω,
246 838 334 893 μκαὶ
389 834 517 879 κοῖλά
573 851 619 878 τε
672 835 724 893 δή
770 836 844 879 καὶ
890 834 1087 890 ἐξέχοντα
1135 835 1208 878 διὰ
1255 835 1334 892 τὴν
1381 836 1482 890 περὶ

97 905 149 950 τοὶ
204 906 410 963 χρώματα
465 899 523 947 αὖ
569 902 741 961 πλάνην
791 907 868 960 τῆς
914 903 1076 957 ὄψεως,
1127 904 1200 948 καὶ
1248 903 1367 947 πᾶσά
1417 920 1482 955 τις

147 1061 194 1098 ου’
218 1062 315 1108 περὶ]
341 1061 387 1099 ου’
407 1063 588 1098 secundum
605 1064 761 1098 Ficinum

100 1111 188 1156 (Per
211 1112 345 1144 lovem.-
375 1112 523 1145 imitatio
549 1116 665 1144 autem
691 1112 761 1144 ista

101 1159 194 1191 circa
213 1158 353 1200 aliquod
373 1159 474 1191 tertio
493 1158 610 1201 gradu
628 1158 762 1189 «lestans

101 1215 125 1237 a
137 1203 284 1237 veritate
295 1209 464 1237 versatur.
477 1215 588 1236 noune
598 1203 630 1246 Ῠ)
643 1202 760 1236 Astius

99 1249 134 1283 in
157 1260 207 1294 pr
228 1254 262 1282 et
281 1260 348 1282 sec.
370 1249 496 1282 delevit
519 1256 554 1282 et
573 1255 652 1293 post
673 1246 760 1292 αλη-

100 1296 212 1334 θείας
236 1295 332 1329 colon
355 1295 448 1336 fecit,
466 1295 563 1349 quod
573 1295 661 1350 idel—n
679 1295 760 1327 Ste-

100 1342 233 1387 phanus
263 1341 298 1375 in
323 1353 364 1375 m.
390 1340 475 1382 sibi,
508 1340 587 1385 quia
619 1340 641 1384 ἠ
668 1337 758 1384 γάρς

101 1393 274 1443 sequatur,
287 1387 422 1431 placere
440 1387 604 1420 ostendit.
629 1387 664 1420 in
682 1390 761 1420 ζει-,ι

103 1430 149 1467 οὕ
186 1438 221 1466 et
251 1432 529 1476 interrogationis
551 1434 700 1477 signum,
724 1435 763 1466 ut

101 1490 166 1524 par
191 1484 285 1519 erat,
311 1479 472 1512 restituit.

149 1521 217 1568 μέν
243 1524 301 1568 τί]
326 1522 453 1568 μέντοι
480 1525 565 1558 Lob.
598 1524 696 1558 Vind.
723 1524 762 1558 F.

103 1570 184 1604 Par.
216 1570 260 1604 K.
297 1572 383 1615 Ang.
408 1572 448 1604 Β.
484 1572 564 1605 vat.
588 1570 637 1603 Μ.
672 1571 763 1604 Flor.

104 1617 149 1650 R.
173 1617 294 1650 Stanb.
319 1617 486 1661 probante
509 1616 543 1650 in
559 1619 638 1649 tert.
657 1617 763 1649 Astio.

105 1660 172 1705 μὲν
196 1665 310 1707 aptum
334 1673 408 1696 esse
434 1674 538 1706 supra
557 1662 767 1695 demonstra-

105 1708 160 1749 vi;
186 1708 275 1741 haud
299 1708 406 1742 minus
431 1714 567 1753 aptum,
592 1720 633 1741 ne
658 1708 766 1741 dicam

107 1753 346 1795 necessarium,
370 1754 406 1787 τὶ
429 1755 574 1787 videtur.

156 1796 268 1853 ἐστιν]
294 1796 369 1833 ἐστὶ
393 1800 479 1833 Lob.
504 1800 596 1833 Mon.
622 1800 661 1833 B.

154 1845 178 1889 η’
203 1843 293 1889 γάρ,·
319 1845 424 1890 Ναί.]
451 1857 516 1880 om.
541 1845 638 1879 Vind.
665 1846 705 1881 F.

154 1892 242 1947 των]
269 1903 320 1925 τω
348 1891 437 1925 idem
461 1895 507 1932 et,
532 1904 603 1936 sup.
627 1904 659 1933 o,
679 1895 766 1935 Ang.

111 1939 153 1974 B.
177 1936 222 1972 τὸ
257 1937 343 1971 Lob.
379 1938 475 1971 Vind.
498 1918 575 1972 ΒΕ.
608 1938 699 1972 Mon.
727 1938 767 1971 C.

109 1984 188 2019 Par.
214 1984 257 2016 K.
290 1995 358 2017 sec.
382 1983 457 2028 Bip.
492 1988 528 2017 et
555 1996 575 2018 a
601 1996 644 2019 m.
672 1996 700 2019 s.
725 1986 766 2017 A.

109 2030 190 2063 Vat.
213 2029 328 2064 BHM.
353 2029 381 2062 F
383 2031 443 2062 lor.
465 2029 570 2064 ACV.
595 2043 660 2066 om.
684 2031 768 2064 Ven.

110 2076 152 2109 Β.
176 2076 256 2110 Bas.
280 2076 313 2109 b.
336 2073 380 2109 τὸ
406 2076 487 2109 ferri
510 2075 560 2109 ita
582 2082 708 2130 potest,
731 2080 770 2109 ut

110 2127 206 2156 certa
229 2121 393 2166 quaedam
418 2133 496 2166 pars
515 2122 614 2156 animi
636 2121 772 2156 humani

110 2167 283 2211 designari
313 2179 420 2212 eaque
453 2168 563 2212 qualis
586 2169 630 2202 sit
653 2168 774 2225 quaeri

112 2216 296 2254 statuatur,
320 2214 420 2267 quasi
443 2214 489 2247 sit
511 2212 624 2248 ποῖόν
644 2215 680 2249 τί
696 2212 772 2249 ἐστι

111 2257 156 2294 τὸ
182 2259 249 2292 τοῦ
276 2255 504 2315 ἄνθρωπον,
538 2258 632 2317 πρὸς
658 2257 679 2296 ὃ
704 2258 773 2304 τὴν

112 2300 291 2348 δύναμιν,
332 2300 381 2348 ἣν
411 2302 500 2349 ἔχει,
551 2304 633 2349 ἔχον
674 2304 771 2346 ἔστίς

113 2351 191 2386 Nec
227 2362 292 2384 non
328 2350 438 2384 omitti
470 2355 606 2396 poterat
643 2351 686 2387 τὸ
719 2332 775 2385 ve’l

112 2397 209 2439 τῶν,
233 2396 292 2430 sed
315 2397 434 2430 hocin
461 2397 541 2431 Ven.
569 2398 609 2431 C.
635 2398 714 2432 Par.
730 2399 773 2433 D.

117 2447 153 2477 et
169 2442 308 2488 reliquis
325 2446 470 2487 quatuor
491 2443 677 2486 codicibus,
694 2445 774 2478 item

115 2501 138 2524 a
159 2489 279 2522 Ficino
305 2489 378 2532 (Ad
396 2491 497 2533 quale
515 2491 626 2534 igitur
646 2503 774 2532 eorum,

116 2536 252 2581 quaein
268 2535 401 2568 homine
413 2541 504 2577 sunt,
513 2539 676 2580 pertinet,
690 2549 776 2581 qua-

116 2587 218 2617 tenus
234 2581 301 2614 vim
321 2582 423 2615 habet
441 2583 607 2616 eiusmodi
616 2583 652 2627 ?)
672 2589 707 2616 et
717 2583 777 2616 Al·-

118 2627 162 2662 do
198 2627 368 2660 inventum
399 2628 469 2661 tale
493 2634 566 2670 est,
598 2636 637 2662 ut
661 2641 702 2662 ex
724 2629 778 2662 in-

118 2673 342 2718 terpolatione
359 2673 499 2707 fluxisse
519 2686 583 2708 non
605 2675 777 2719 videatur,

117 2719 307 2763 meritoque
330 2719 458 2764 placuit
481 2720 677 2755 editoribus.

164 2765 247 2820 τοῦ]
272 2777 336 2798 om.
363 2766 446 2809 Ang¹
472 2766 521 2800 Β.
537 2767 628 2802 Flor.
652 2767 730 2801 RT.

164 2807 228 2855 ἣν]
254 2822 319 2844 om.
348 2812 423 2844 Vat.
450 2811 488 2845 B.
514 2823 600 2846 am.
624 2825 677 2858 pr.

165 2856 290 2901 ποίου]
315 2857 430 2892 ποιοῦ
455 2858 555 2894 Vind.
580 2859 620 2893 F.

864 1060 980 1107 τινὸς]
1004 1062 1106 1103 τίνος
1130 1064 1222 1098 Mon.
1247 1065 1288 1097 B.

863 1109 964 1153 πέρι]
989 1109 1075 1154 περὶ
1102 1111 1197 1144 Vind.
1218 1111 1260 1144 E

853 1154 1038 1210 ταύτόν].
1052 1154 1302 1191 zoevvdvvind.
1314 1156 1357 1190 Ε.
1384 1157 1479 1189 Ταυ-

816 1199 884 1235 τόν
909 1203 1030 1255 Steph.

864 1245 1033 1296 ἐγγύθεν]
1061 1245 1215 1291 ἔγγυθεν
1243 1248 1342 1281 Vind.
1369 1248 1410 1282 F.

865 1294 967 1337 ἴσον]
1005 1297 1085 1327 ἰσον
1110 1294 1194 1327 Lob.
1220 1294 1313 1328 Mon.
1338 1295 1379 1329 B.
1404 1293 1480 1329 Ald.

817 1342 898 1374 Bas.
917 1341 971 1374 ab.

866 1386 1066 1430 φαίνεται]
1087 1385 1260 1429 φαίνεται
1272 1398 1283 1426 ‚-
1310 1386 1384 1420 Ald.
1404 1387 1484 1421 Bas.

821 1434 876 1467 ab.

868 1473 1016 1522 ταῦτὰ]
1050 1478 1105 1511 Ita
1137 1478 1215 1511 Par.
1242 1478 1281 1511 A.
1315 1478 1417 1513 vind.
1442 1479 1485 1512 Ε.

820 1525 914 1558 Mon.
940 1525 979 1557 B.
1014 1524 1100 1567 Aug.
1126 1524 1165 1557 B.
1203 1524 1281 1557 Vat.
1316 1525 1359 1558 H.
1396 1525 1487 1560 Flor.

822 1570 1030 1603 ACRTUV.
1056 1570 1176 1603 ταῦτα
1197 1570 1282 1603 Lob.
1302 1571 1402 1605 Vind.
1416 1571 1487 1604 BF.

824 1617 917 1650 Mon.
945 1616 983 1649 (ἓ.
1011 1616 1087 1649 Vat.
1116 1616 1192 1650 ΒΜ.
1227 1618 1313 1651 ven.
1339 1617 1380 1651 C.
1405 1617 1485 1651 Par.

824 1663 866 1697 D.
891 1659 937 1695 τὰ
964 1663 1049 1697 Ven.
1074 1664 1114 1696 Β.
1139 1663 1218 1696 Par.
1244 1663 1286 1696 K.
1308 1663 1383 1696 Ald.
1404 1664 1486 1697 Bas.

825 1710 879 1742 ab.
905 1708 1025 1761 Steph.
1049 1709 1122 1741 Ast.

871 1751 1059 1808 καμπύλα]
1087 1760 1164 1798 post
1187 1765 1225 1787 τε
1254 1754 1329 1787 Par.
1351 1753 1394 1788 K.

870 1796 984 1834 ’ὕδατί
999 1811 1038 1832 τε
1057 1798 1274 1844 θεωμένοις]
1301 1796 1416 1834 ν’δατι
1433 1811 1490 1834 τε·

825 1844 1029 1889 θεωμένοις
1057 1846 1153 1880 Vind.
1177 1847 1246 1880 BF.

872 1903 909 1925 τε
944 1890 1015 1935 δὴ]
1051 1903 1090 1925 τε
1123 1904 1188 1925 om.
1227 1893 1306 1925 Par.
1341 1891 1384 1925 K.
1419 1903 1489 1926 sec.

826 1939 935 1971 Beki<
961 1936 1006 1980 δὴ
1036 1950 1100 1971 om.
1126 1938 1217 1972 Mon.
1246 1939 1286 1972 Β.
1323 1938 1364 1971 In
1390 1937 1490 1972 Vind.

825 1985 864 2018 B.
892 1995 953 2026 pro
979 1996 1018 2017 eo
1045 1984 1105 2017 δεῖ
1127 1988 1205 2018 ante
1230 1996 1316 2018 corr.
1343 1989 1428 2018 erat.

873 2027 1056 2084 ἐξέχοντα]
1085 2027 1279 2073 ἐξέρχοντα
1306 2031 1401 2063 Vind.
1429 2030 1468 2064 F.

872 2074 976 2110 πᾶσοὶ
991 2077 1056 2120 τις]
1082 2076 1184 2110 πᾶσα
1198 2077 1253 2115 τίς
1264 2077 1363 2109 idem.
1385 2076 1493 2109 Stau-

826 2123 980 2156 baumius
1004 2122 1037 2156 in
1069 2134 1137 2155 sec.
1184 2122 1224 2156 Si
1248 2123 1346 2174 quis,
1370 2122 1493 2166 inquit,

828 2169 967 2202 miretur
990 2166 1095 2202 πᾶσά
1119 2180 1175 2208 τις
1199 2180 1273 2201 cum
1298 2164 1395 2211 αὕτη
1415 2167 1493 2201 iun-

831 2218 933 2256 ctum,
950 2215 1030 2248 illud
1054 2214 1242 2259 praedicati
1264 2215 1337 2248 loco
1361 2214 1492 2247 haben-

831 2262 910 2294 dum
928 2272 1003 2294 esse
1014 2260 1239 2294 meminerit.“
1272 2260 1341 2294 Sed
1360 2272 1492 2294 meram

831 2308 1007 2352 quandam
1032 2318 1093 2340 seu
1115 2308 1203 2340 nihil
1227 2307 1295 2340 nisi
1317 2307 1493 2350 quandam

829 2354 1120 2398 perturbationem
1150 2353 1236 2386 banc
1269 2352 1384 2386 dicere
1407 2364 1493 2398 opus

832 2412 898 2434 non
922 2403 1016 2433 erat:
1043 2399 1149 2443 magis
1175 2399 1344 2432 attinebat
1376 2400 1493 2432 omm’a

833 2447 929 2486 haec,
954 2457 1094 2490 quorum
1119 2445 1184 2478 duo
1209 2444 1350 2489 exempli
1374 2456 1496 2479 caussa

833 2495 1172 2533 commemoraverat,
1200 2491 1495 2534 perturbationem

834 2539 1009 2583 quandam
1033 2538 1142 2570 animi
1164 2538 1272 2571 nostri
1290 2538 1416 2571 habere
1436 2538 1497 2571 de·-

833 2587 1034 2618 monstrare.
1105 2583 1229 2627 Itaque
1271 2583 1377 2616 πᾶσα
1421 2595 1496 2617 cum

836 2642 932 2673 αντη
958 2629 1224 2673 coniungendum
1246 2633 1282 2662 et
1305 2641 1367 2674 per
1386 2634 1497 2663 attra-

836 2676 980 2709 ctionem
1015 2686 1077 2720 pro
1110 2674 1188 2708 πᾶν
1220 2674 1334 2709 τοῦτο
1369 2675 1496 2708 dictum

834 2722 981 2755 videtur.
1014 2720 1071 2760 τὶς
1100 2720 1224 2755 nomini
1268 2721 1497 2777 praepositum

836 2771 890 2801 est
912 2773 951 2800 ut
970 2768 1079 2810 Gorg.
1084 2768 1223 2822 p2522.
1237 2767 1288 2800 D:
1312 2765 1409 2810 αὕτη
1422 2764 1496 2822 εγάρ

835 2825 891 2852 τις
901 2810 1095 2867 βοήθεια
1081 2812 1200 2858 εαντῷ
1222 2811 1397 2852 πολλάκις
1408 2810 1500 2856 ἡμῖν

838 2855 1072 2903 ωμολόγηται
1092 2858 1267 2902 κρατίστη
1288 2856 1391 2893 εἶναι
1425 2859 1498 2893 Eo-

1199 287 1320 345 Πρὸς
1347 287 1471 340 Διὸς,
1503 288 1535 330 G
