1764 3176
454 204 783 248 CIVITAS
832 204 955 247 LIB.
997 205 1055 247 X.
1086 209 1154 243 612

1413 207 1498 248 261

91 317 281 380 ,γένοιτο
317 317 379 372 τῷ
419 316 608 373 τοιούτῳ
643 318 761 359 πᾶσα
801 315 1068 371 ἐπισπομένη
1105 316 1179 359 καὶ
1222 313 1307 358 ὑπὸ
1339 314 1499 372 ταύτης

111 387 188 441 τῆς
216 381 354 440 ὁρμῆς
382 383 694 440 ἐκκομισθεῖσα
724 382 772 426 ἐκ
799 386 881 426 τοῦ
911 380 1101 434 πόντου,
1132 381 1180 425 ἐν
1213 379 1248 440 ᾠ
1276 386 1362 426 νῦν
1382 382 1495 435 ἐστὶ,

110 452 185 496 καὶ
212 457 582 506 περικρουσθεῖσα
614 451 775 504 πέτρας
810 467 854 495 τε
883 450 958 494 καὶ
989 448 1166 504 ὄστρεα,
1209 449 1236 493 ἃ
1265 454 1350 494 νῦν
1381 449 1495 506 αὐτῇ

111 519 185 576 ἅτε
213 523 298 575 γῆν
328 519 563 576 ἑστιωμένῃ
596 519 733 576 γεηροὲ
761 518 835 562 καὶ
865 517 1065 574 πετρώδη
1093 519 1231 560 πολλοὶ
1258 520 1331 562 καὶ
1362 517 1492 574 ἄγρια
1516 527 1585 562 612

109 587 404 644 περιπέφυκεν
430 585 517 631 ὑπὸ
546 591 634 630 τῶν
667 585 942 643 εὐδαιμόνων
971 586 1218 642 λεγομένων
1248 586 1494 630 ἑστιάσεων.

109 657 181 701 καὶ
211 654 303 700 τότ’
335 654 392 698 ἄν
430 672 496 707 τις
537 657 627 698 ἴδοι
659 654 794 710 αὐτῆς
824 653 905 710 τήν
945 653 1090 711 ἀληθῆ
1118 654 1277 709 φύσιν,
1309 657 1389 698 εἴτε
1419 670 1495 698 πο-

108 724 283 781 λυειδὴς
312 725 395 768 εἴτε
424 723 680 780 μονοειδὴς,
707 724 795 770 ,εἴτε
825 721 910 779 ὅπη
941 722 1025 778 ἔχει
1055 723 1128 765 καὶ
1159 722 1286 773 ὅπως.
1327 726 1414 765 νῦν
1444 723 1492 766 δὲ

107 792 161 837 τὰ
191 793 239 837 ἐν
265 796 327 851 τῷ
357 790 625 848 ἀνθρωπίνῳ
657 794 738 850 βίῳ
770 792 892 848 πάθη
915 806 960 834 τε
989 790 1063 834 καὶ
1093 792 1198 847 εἴδη,

1229 787 1286 839 ὥς
1316 784 1494 847 ἐγῷμαι,

108 861 306 913 ἐπιεικῶς
336 859 470 918 αὐτῆς
500 859 830 917 διεληλύθαμεν.
876 857 1141 903 Παντάπασι
1171 858 1249 915 μὲν
1280 852 1375 910 οὖν,
1396 857 1492 914 ἔφη.

109 1036 203 1069 σθαι
226 1032 359 1077 φύσιν,
392 1033 575 1077 κοσμῆσαι
605 1045 671 1077 μεν
701 1031 770 1073 τὰς

108 1079 285 1124 δευτέρας
324 1079 387 1114 καὶ
428 1080 566 1135 τρίτας
594 1076 769 1122 δυναμεις

107 1125 177 1166 τὰς
211 1124 487 1171 συνηρτημένας
516 1123 613 1171 αὐτῇ
646 1123 768 1159 καθα-

107 1184 176 1216 περ
208 1173 259 1218 τῷ
296 1172 487 1229 θαλαττίῳ
519 1170 676 1216 Γλαυκῳ
720 1169 767 1204 τὰ

108 1231 228 1262 φυκια
250 1218 314 1252 καὶ
336 1216 384 1252 τὰ
409 1207 553 1261 ὄστρεα.
586 1218 687 1258 Quod
707 1229 769 1250 au-

107 1271 176 1298 tem
199 1264 442 1299 Stallbaumius
466 1264 500 1298 in
523 1276 591 1297 sec.
618 1259 768 1305 ὄστρεια

107 1312 286 1350 hocloco,
320 1316 479 1350 utmox,
506 1309 542 1343 in
565 1310 657 1344 Mon.
684 1310 721 1341 B.
749 1320 769 1342 a

107 1369 157 1400 m.
175 1369 203 1391 s.
237 1363 269 1391 et
295 1358 329 1390 ιή
357 1357 449 1390 Flor.
481 1360 522 1390 U.
554 1367 630 1389 esse
654 1354 769 1399 perhi-

108 1404 184 1442 bet,
213 1402 248 1435 id
274 1402 504 1447 negligenter,
529 1407 568 1434 ut
591 1401 692 1442 alibi,
716 1401 769 1434 in-

105 1454 227 1494 specta
249 1461 310 1482 sua
332 1460 381 1493 pr.
407 1448 592 1482 coniecisse
615 1448 650 1481 in
668 1448 768 1481 char-

106 1500 176 1529 tam
198 1494 343 1528 videtur.

153 1563 292 1608 φυκία]
325 1564 381 1597 Ita
405 1562 506 1596 Vind.
531 1563 571 1596 F.
603 1567 639 1595 et
664 1562 769 1596 Athe-

107 1611 184 1644 naei
208 1610 342 1644 codices
359 1611 446 1644 Ven.
468 1609 539 1642 Pal.
564 1615 599 1642 et
615 1608 710 1641 Flor.
734 1612 770 1641 et

106 1657 162 1691 ed.
196 1656 297 1690 Dind.
338 1655 475 1699 φυκὶας
523 1655 671 1688 eiusdem
714 1656 767 1688 ed.

106 1702 186 1737 Ald.
219 1708 255 1735 et
283 1702 430 1735 Casaub.
461 1698 580 1744 κύφια
618 1701 693 1733 vat.
726 1701 767 1733 B.

108 1745 225 1792 φύκια
241 1747 364 1792 reliqui
381 1748 447 1780 mei
468 1752 516 1790 et,
538 1750 700 1791 quantum
726 1757 769 1779 ex

107 1795 274 1828 editorum
308 1793 443 1827 silentio
484 1793 642 1836 colligam
676 1792 767 1832 licet,

107 1839 315 1874 Bekkeriani
334 1846 370 1873 et
389 1839 574 1872 Florentini
599 1850 673 1872 cum
698 1838 768 1870 edi-

107 1887 263 1921 tionibus.
310 1887 366 1920 Cf.
399 1885 596 1919 Buttmanni
629 1895 768 1929 gramm.

105 1932 154 1966 ΙΙ.
176 1944 209 1987 p.
232 1931 311 1968 334.

152 1976 303 2022 πέτρας]
329 1974 445 2021 πέρας
469 1977 547 2009 Bas.
571 1987 604 2010 a.

151 2023 263 2058 παντὶ
285 2024 439 2067 μᾶλλον]
466 2019 608 2061 παντὸς
630 2033 665 2064 μ.
682 2021 768 2056 Lob.

106 2071 183 2104 vat.
209 2071 287 2104 ΒΜ.
313 2071 373 2114 (ex
393 2069 532 2114 quibus)
559 2070 665 2101 multo
690 2079 768 2100 ma—

105 2118 163 2162 gis
180 2118 305 2161 (ferae
323 2128 411 2160 prae
427 2128 462 2149 se
477 2115 766 2159 sertimaginem‚

106 2174 209 2206 quum
231 2168 381 2197 naturae
408 2163 533 2206 prioris
562 2161 766 2206 aspectum.)

105 2209 181 2243 Fic.

153 2252 336 2298 ἑοικέναι]
376 2250 636 2297 προσεοικέναι
680 2253 766 2286 Lob.

108 2301 187 2334 Vat.
212 2301 292 2334 ΒΜ.
316 2301 396 2334 Bas.
416 2301 449 2334 b.

153 2345 282 2402 φύσει·
321 2342 444 2390 οὕτω]
489 2342 599 2385 φύσει
645 2340 767 2377 αὐτῶι

105 2393 192 2427 Lob.
225 2390 329 2426 αυτῶ
362 2404 424 2436 pro
460 2402 560 2425 ουτω
596 2390 698 2424 etiam
730 2389 766 2423 in

105 2439 183 2472 Vat.
207 2439 258 2473 M.
285 2438 421 2482 legitur.

151 2482 360 2528 θεώμεθα]
400 2495 532 2528 semper
582 2482 767 2526 aspicimus

104 2531 180 2564 Fic.

153 2598 232 2641 δεῖ]
257 2595 303 2641 δὴ
327 2598 408 2632 Bas.
427 2598 482 2630 ab.
506 2597 659 2630 Plot'unus
679 2596 768 2629 Enn.

106 2645 134 2678 Ι.
159 2645 200 2680 L.
216 2645 240 2677 Ι.
260 2656 289 2678 c.
303 2646 354 2677 12.
370 2655 403 2699 p.
423 2645 455 2676 6.
473 2643 522 2675 F.
549 2640 766 2685 δεῖδεπερι-

106 2689 341 2746 κρούσαντας
360 2702 407 2722 τα
427 2687 697 2732 προστεθέντα,
717 2687 766 2721 εἴ-

107 2748 176 2779 περ
195 2748 250 2775 τις
275 2733 407 2777 ἐθέλει,
433 2733 535 2778 φησὶ,
558 2733 627 2778 τὴν
652 2732 766 2777 φύσιν

108 2780 227 2838 αὐτῆς
249 2781 358 2824 ἰδεῖν,
382 2761 434 2819 εῖς
449 2779 517 2823 τὴν
536 2780 765 2837 φιλοσοφίαν

66 2847 68 2852 ·
109 2826 226 2872 αυτῆς
251 2828 364 2870 ἰδεῖν,
399 2828 452 2860 ῶν
477 2825 680 2881 ἐφάπτεται
703 2824 765 2859 καὶ

109 2875 181 2909 τίσι
194 2872 369 2919 συγγενὴς
388 2868 482 2909 οὖσά
495 2871 592 2908 ἐστιν
613 2868 634 2908 ὅ
653 2869 763 2907 ἐστιν.

875 1034 974 1077 Ποῖ]
1010 1031 1062 1076 πῆ
1098 1029 1197 1064 vind.
1222 1030 1262 1064 B.
1297 1030 1379 1065 vat.
1412 1030 1493 1064 ΒΜ.

828 1078 921 1113 Flor.
942 1080 987 1115 T.

874 1143 1029 1191 ἐφίεται]
1057 1147 1205 1190 affectat
1222 1150 1255 1179 et
1274 1144 1399 1178 nititur
1414 1144 1488 1178 Fic.
1518 1144 1554 1184 E

872 1216 924 1261 τῷ
949 1215 1012 1258 τε]
1047 1226 1086 1248 τε
1111 1227 1176 1248 om.
1213 1213 1313 1247 Vind.
1338 1213 1380 1248 F.
1405 1215 1493 1259 Ang.

825 1263 867 1296 B.
893 1265 1039 1296 etam.
1065 1272 1116 1305 pr.
1142 1262 1230 1295 Ven.
1254 1261 1294 1293 B.

871 1331 924 1377 τῷ
951 1327 1024 1374 οἷεὶ]
1052 1330 1163 1374 Vulgo
1187 1328 1347 1363 omissum
1365 1329 1493 1362 articu-

825 1366 907 1411 lum
917 1389 991 1410 cum
1018 1377 1174 1410 Bekkero
1208 1381 1244 1408 et
1269 1374 1492 1408 Stallbaumio

826 1436 868 1457 ex
892 1424 972 1457 Par.
993 1424 1033 1457 A.
1069 1422 1164 1455 Vind
1189 1422 1228 1454 B.
1268 1421 1414 1465 (inquo
1439 1421 1493 1454 in-

825 1473 879 1503 ter
910 1480 1032 1502 versus
1060 1469 1132 1512 ost)
1159 1467 1202 1501 E.
1238 1468 1324 1500 Ven.
1347 1467 1386 1500 B.
1411 1468 1491 1502 Vat.

826 1517 869 1551 H.
895 1516 988 1549 Flor.
1012 1514 1119 1548 ACT.
1145 1513 1273 1558 recepi.

871 1583 951 1640 οἵα]
979 1580 1041 1617 οἷα
1069 1583 1153 1616 Lob.
1182 1582 1282 1617 Vind.
1306 1583 1351 1637 F.

872 1627 1114 1672 ἐπισπομένη]
1142 1625 1376 1672 ἐπισπωμένη
1406 1628 1491 1662 Lob.

825 1676 926 1710 Vind
954 1675 1060 1709 BEF.
1086 1676 1165 1709 vat.
1186 1675 1270 1708 HM.
1297 1680 1332 1708 et
1359 1686 1379 1708 a
1404 1686 1446 1708 m.
1464 1686 1492 1707 s.

825 1724 863 1756 Β.
898 1724 983 1757 Ven.
1019 1721 1058 1754 B.
1096 1721 1176 1755 Par.
1208 1721 1253 1755 K.
1285 1732 1354 1756 sec.
1378 1721 1490 1755 Bekk.

824 1770 911 1813 Ang.
937 1769 975 1801 Β
1002 1768 1083 1801 Bas.
1109 1767 1142 1800 b.

875 1834 1009 1894 ὁρμῆς]
1026 1837 1188 1880 affectum
1211 1836 1394 1880 uisumque
1417 1835 1457 1868 F
1448 1847 1492 1869 lc.

872 1880 962 1926 ε’στι]
991 1880 1065 1915 εστι
1089 1882 1332 1915 Stalibaumius
1362 1881 1395 1914 in
1421 1893 1492 1917 sec.

871 1928 934 1962 καὶ
969 1929 1303 1971 περικρουσθεῖσα]
1340 1927 1403 1961 καὶ
1427 1940 1493 1961 om.

826 1976 904 2010 vat.
939 1975 983 2010 H.
1032 1975 1083 2007 De
1117 1975 1221 2007 verbo
1255 1975 1300 2008 cf.
1334 1974 1491 2008 Passovii

825 2021 966 2055 lexicon.
1001 2021 1180 2064 ‘nudusque
1211 2032 1408 2066 emergens,
1434 2033 1493 2054 ex-

824 2069 929 2102 cussis
951 2067 1106 2111 (petris)
1135 2067 1211 2100 Fic.

871 2133 1020 2179 ὄστρεα]
1048 2131 1197 2177 ὄστρεια
1222 2135 1311 2168 Μοη.
1327 2136 1366 2168 Β.
1388 2135 1489 2168 Vind.

824 2184 865 2216 F.
890 2183 972 2216 Par.
996 2181 1073 2215 DK.
1098 2193 1166 2215 sec.
1192 2181 1300 2215 Bekk.
1325 2181 1422 2215 Flor.
1440 2181 1487 2214 U.

824 2231 868 2264 V.
890 2240 996 2272 supra
1019 2228 1061 2260 ad
1089 2227 1127 2259 D.
1155 2227 1259 2260 dicta.

870 2271 988 2320 αὐτῇ]
1015 2271 1111 2317 αὐτὴ
1138 2273 1240 2308 Vind.
1268 2272 1307 2306 F.

867 2343 959 2387 γῆν]
996 2343 1066 2376 νῦν
1106 2342 1205 2377 Vind.
1230 2341 1303 2374 BE.
1339 2343 1419 2377 Vat.
1444 2342 1488 2375 H.

823 2389 1093 2479 Ειὲἓτιέἷένῃ]
1153 2430 1355 2476 ἑστιωμένη
1413 2433 1486 2466 Ald.

823 2482 904 2516 Bas.
929 2482 983 2514 ab.

870 2524 976 2570 τότ’]
1012 2524 1055 2559 τὸ
1091 2522 1132 2559 τ’
1170 2524 1271 2559 Vind.
1297 2525 1341 2559 Ε.
1373 2523 1417 2558 τό
1445 2537 1464 2558 τ

824 2574 899 2608 Ald.
923 2574 1004 2606 Bas.
1028 2573 1082 2605 ab.

871 2642 974 2684 ἴδοι]
1007 2641 1068 2684 ἴδῃ
1095 2640 1178 2673 editi
1203 2645 1282 2673 ante
1306 2639 1393 2673 Astii
1417 2652 1487 2673 sec.

824 2700 900 2723 cum
931 2689 1011 2721 Par.
1036 2687 1112 2720 DK.
1145 2687 1238 2720 Mon.
1264 2686 1301 2720 Β.
1330 2686 1420 2719 Flor.
1442 2686 1486 2718 U.

868 2733 1089 2787 μονοειδὴς]
1121 2731 1370 2776 μονον-δὴς
1409 2732 1486 2765 Ald.

823 2781 872 2825 (in
896 2781 964 2813 fine
988 2786 1024 2813 et
1045 2779 1142 2813 initio
1171 2780 1325 2821 versus.)

869 2823 1123 2872 ἀνθρωπίνῳ]
1155 2823 1377 2870 ἀνθροπίνῳ
1410 2823 1485 2858 Ald.

823 2873 902 2909 Bas.
920 2873 976 2908 ab

1475 2522 1484 2534 ’
1510 2528 1578 2562 612
