1764 3176
580 202 1060 246 EDITORIS.
1452 217 1532 244 xxi

137 321 240 356 modo
259 320 404 356 latitudo
422 320 467 355 ad
485 316 712 363 latitudinem,
734 320 856 355 eodem
876 319 1057 363 longitudo
1076 329 1152 353 sese
1172 316 1300 352 habeat
1318 318 1362 352 ad
1382 317 1533 361 longitu-

137 379 272 422 dinem,
300 370 513 421 ὖπερτελεῖς
542 381 656 426 autem
683 378 750 412 dici
771 389 851 419 eos,
883 387 1025 420 quorum
1043 380 1160 421 partes
1178 385 1345 409 summam
1366 375 1447 419 ipsis
1466 385 1531 408 nu-

136 436 239 477 meris
268 432 433 470 maiorem
462 434 624 469 efficiunt.
655 435 747 478 quod
774 445 817 468 ne
851 433 1036 467 absurdum
1066 433 1242 474 videatur,
1282 431 1531 465 observandum

137 496 190 526 est
223 496 355 536 partem
389 491 521 534 numeri
554 502 629 525 esse
655 502 732 525 eum
761 501 961 532 numerum,
1002 489 1058 533 qui
1094 490 1205 533 ipsum
1235 489 1385 523 metitur.
1446 487 1531 522 lllud

135 552 270 583 tantum
283 548 608 596 monendum,.quod
622 548 885 592 praetermisere
895 547 1061 580 Barocius
1074 552 1108 579 et
1122 546 1246 587 Faber,
1265 556 1334 579 non
1345 545 1418 578 sine
1427 555 1532 578 causa

133 605 316 639 Platonem
334 607 472 649 vulgata
492 605 635 650 nomina*
651 598 791 646 ὁμοίων
813 608 850 637 et
871 597 1076 646 ἆνομοίφν,
1096 596 1303 644 &nantel-(13²1
1326 606 1362 635 et
1377 597 1532 634 ἐλλιπῶν

133 662 278 711 vertisse
292 662 328 696 iu
346 663 463 709 vjerba,
491 661 536 694 ad
555 662 621 695 vim
641 667 675 695 et
691 661 879 696 efficaciam
903 651 1021 694 eorum
1040 669 1259 693 numerorum
1276 657 1531 700 declarandam,

133 729 278 762 quorum
298 719 356 762 qui
384 719 448 762 ipsi
477 718 604 752 similes
621 719 711 764 sint,
742 718 845 752 iidem
876 717 997 751 similia
1020 716 1168 750 reddant
1187 716 1274 756 alia,
1305 726 1371 758 qua
1394 725 1431 748 re
1448 714 1530 749 nihil

132 774 244 817 aliud,
273 775 612 817 nisiincremeutum
640 776 772 819 ipsum,
814 774 907 818 quod
938 773 1143 817 recipiendis
1178 772 1343 806 similibus
1370 771 1529 818 efficitur,

132 832 317 876 significari
343 832 507 877 videtur,
528 843 595 866 nec
621 833 723 866 aliter
745 833 780 866 in
810 831 959 874 reliquis.
1019 830 1066 863 Et
1098 830 1247 874 pertinet
1282 827 1346 862 hoc
1373 828 1416 861 ad
1437 829 1529 862 idem

130 888 293 932 loquendi
310 899 440 934 genus,
471 889 653 923 obscurum
673 889 755 922 illud
778 892 813 922 et
831 887 1009 921 Musarum
1028 886 1188 920 vaticinio
1207 886 1411 919 conveniens
1424 910 1434 926 ‚
1461 895 1529 928 quo

132 938 307 989 αὐξήσεις
336 941 548 987 δυναμένας
589 955 627 978 τε
656 943 718 978 καὶ
757 940 1079 985 δυναστευομένας
1106 944 1339 986 appellaverat
1370 952 1530 975 numeros

131 1012 195 1046 per
224 996 379 1044 αὔξησιν
410 998 627 1044 δυναμένων
645 1007 680 1036 et
701 997 1031 1043 δυναστευομὲνων
1050 1001 1250 1044 productos.
1309 999 1445 1031 Similes
1463 999 1528 1041 igi-

132 1063 188 1092 tur
207 1063 241 1094 et
262 1059 441 1098 dissimiles
460 1063 495 1092 et
524 1059 740 1093 abundantes
766 1063 799 1092 et
816 1058 1009 1093 deminutos
1037 1056 1165 1090 habere
1186 1056 1325 1090 debebit
1344 1056 1451 1089 series
1472 1056 1530 1088 illa

130 1120 279 1160 quatuor
305 1126 545 1158 numerorum,
580 1127 668 1159 quae
696 1116 887 1149 interiectis
907 1115 995 1148 inter
1022 1115 1127 1147 cubos
1149 1114 1233 1147 istos
1254 1113 1387 1145 duobus
1407 1113 1530 1145 analo-

132 1173 185 1216 gis
215 1172 375 1214 efficitur.
446 1173 515 1208 Qui
554 1173 583 1206 si
617 1170 838 1218 'reperiuntur
864 1173 898 1205 in
924 1172 1013 1205 serie
1042 1181 1063 1203 a
1095 1170 1228 1204 duobus
1262 1169 1409 1202 minimis
1434 1169 1531 1202 cubis

132 1228 400 1275 comprehensa,
442 1229 590 1263 dubitari
624 1241 693 1264 non
722 1233 856 1273 potest,
898 1229 978 1272 quin
1006 1238 1065 1261 eos
1096 1227 1189 1271 ipsos
1220 1227 1323 1259 Plato
1358 1225 1424 1259 hoc
1453 1226 1529 1259 loco

124 1287 387 1329 significaverit.
446 1284 552 1329 Atqui
579 1286 613 1319 in
642 1297 683 1320 ea
705 1286 936 1330 reperiuntur.
996 1284 1085 1318 Nam
1108 1295 1126 1317 e
1144 1275 1294 1317 numeris
1316 1282 1350 1325 8,
1383 1281 1439 1326 12,
1473 1283 1528 1324 18,

129 1342 189 1385 27,
217 1343 284 1377 duo
301 1342 446 1377 extremi
465 1346 499 1376 et
519 1342 684 1377 deminuti
704 1347 738 1376 et
756 1343 882 1376 similes
902 1345 994 1384 sunt,
1024 1341 1092 1374 duo
1114 1340 1216 1374 medii
1235 1344 1350 1373 autem
1370 1342 1404 1372 et
1419 1338 1530 1372 abun-

130 1398 253 1434 dantes
271 1403 306 1434 et
334 1399 524 1434 dissimiles.
543 1398 580 1446 *)
638 1400 734 1443 Ergo
759 1410 922 1433 numerus
948 1397 1126 1442 periodum
1145 1396 1328 1430 humanam
1359 1396 1480 1429 finiens
1500 1395 1530 1430 is

129 1460 203 1499 est,
233 1458 268 1490 in
303 1467 370 1499 quo
397 1460 476 1490 sunt
499 1457 631 1490 numeri
652 1458 672 1490 8
692 1461 728 1490 et
745 1456 813 1499 27,
843 1456 914 1490 sive
940 1455 998 1498 qui
1017 1455 1227 1498 compositus
1247 1465 1290 1488 ex
1320 1452 1371 1486 his
1393 1452 1528 1487 duobus

128 1516 194 1548 est.
251 1512 323 1547 Sed
345 1511 401 1546 hic
419 1513 587 1548 dubitatio
606 1515 738 1555 oritur,
768 1516 882 1546 utrum
911 1523 974 1556 per
995 1512 1207 1556 additionem
1232 1520 1372 1552 eorum,
1403 1520 1447 1543 an
1467 1520 1529 1553 per

127 1570 446 1614 multiplicationem
471 1570 712 1614 producendus
740 1570 906 1603 videatur.
967 1569 1004 1602 Si
1032 1580 1094 1612 per
1113 1568 1345 1608 additionem,
1378 1566 1529 1610 prodibit

126 1624 287 1661 numerus
306 1627 447 1669 triginta
465 1628 634 1671 quinque,
665 1628 718 1661 sin
747 1638 808 1670 per
827 1626 1167 1669 multiplicationem,
1197 1625 1347 1658 ducenta
1365 1623 1528 1659 sedecim.

124 1683 286 1726 Triginta
323 1688 440 1717 autem
470 1686 619 1728 quinque
660 1684 757 1718 annis
787 1683 968 1726 quominus
991 1687 1150 1725 putemus
1177 1681 1357 1724 periodum
1390 1680 1528 1723 generis

126 1738 285 1789 humani,
327 1742 463 1783 qualem
495 1752 600 1785 supra
633 1740 903 1780 declaravimus,
943 1739 1146 1772 terminasse
1183 1738 1386 1778 Platonem,
1424 1746 1527 1780 quum

125 1796 231 1841 ipsius
251 1797 383 1830 numeri
402 1797 571 1839 exiguitas
587 1797 684 1838 facit,
712 1801 783 1830 tum
802 1795 893 1839 quod
920 1795 953 1827 in
977 1805 1019 1828 eo
1056 1796 1105 1828 ait
1135 1795 1241 1828 cubos
1264 1794 1350 1827 duos
1371 1793 1527 1837 recipere

125 1853 213 1888 duos
240 1853 405 1887 terminos
436 1854 588 1895 medios,
618 1854 674 1896 qui
708 1854 735 1886 si
755 1863 817 1896 per
839 1851 1048 1885 additionem
1070 1851 1257 1894 productus
1277 1854 1330 1884 est
1352 1860 1526 1892 numerus,

125 1911 243 1945 nonin
265 1921 306 1943 eo
322 1914 428 1951 sunt,
454 1911 636 1944 sediextra
657 1920 755 1951 eum,
785 1909 837 1942 sin
864 1912 977 1941 autem
999 1919 1060 1951 per
1076 1907 1416 1951 multiplicationem,
1446 1910 1527 1940 sunt

125 1967 160 2001 in
177 1977 238 2009 θος
260 1958 349 2000 nam
380 1967 422 1999 12
448 1966 582 2002 decima
609 1971 731 2000 octava
762 1970 799 1999 et
817 1965 858 1999 18
881 1964 1085 1998 duodecima
1116 1965 1342 1998 ducentorum
1373 1963 1525 1997 sedecim

123 2035 208 2068 pars
226 2027 289 2057 est.
348 2023 506 2066 Accedit,
529 2024 618 2068 quod
638 2023 729 2067 apud
746 2033 806 2056 eos
819 2048 830 2064 ,
860 2022 917 2065 qui
936 2032 980 2055 ex
999 2021 1223 2065 Pythagorae
1244 2021 1421 2064 disciplina
1441 2021 1526 2054 Pla-

124 2084 242 2115 tonem
261 2079 347 2114 haec
377 2079 532 2116 hausisse
562 2082 777 2121 existimant,
808 2079 936 2122 aliquid
963 2078 1125 2121 ponderis
1157 2078 1352 2111 habiturum
1376 2077 1524 2119 videtur,

125 2129 217 2180 quod
236 2137 325 2182 idem
347 2147 507 2172 numerus
526 2137 616 2180 216,
646 2147 748 2181 quem
777 2147 840 2171 nos
865 2135 1043 2179 periodum
1065 2135 1248 2169 humanam
1277 2135 1375 2168 finire
1399 2135 1524 2168 statui·-

125 2204 221 2240 mus,
251 2196 463 2243 renascentis
492 2196 596 2239 ipsius
615 2193 837 2237 Pythagorae
861 2192 1026 2236 periodos
1055 2193 1153 2226 finire
1179 2196 1231 2226 est
1252 2191 1425 2234 creditus,
1458 2202 1522 2225 au-

126 2254 224 2285 ctore
248 2249 409 2284 Anatolio
439 2253 473 2286 in
508 2251 795 2297 Theologumenis
824 2250 1061 2285 arithmeticae
1092 2261 1126 2293 p.
1152 2246 1210 2284 40.
1243 2247 1296 2282 ed.
1316 2249 1392 2284 Ast.
1451 2240 1522 2281 ’Av-

125 2302 312 2352 ἃροκύδης
337 2301 376 2340 δὲ
403 2301 424 2342 ὃ
455 2302 745 2352 Πυθαγορικὸς,
777 2300 796 2341 ὁ
824 2304 910 2350 περὶ
934 2305 1011 2340 τῶν
1037 2301 1233 2351 συμβόλων
1259 2300 1429 2348 γράψας,
1459 2301 1522 2339 καὶ

209 2471 252 2526 *)
280 2475 393 2515 Haec
437 2474 830 2516 Schleiermacherus
858 2489 898 2531 p.
931 2474 1027 2517 592.
1059 2471 1201 2513 erroris
1241 2470 1392 2524 arguit,
1425 2474 1451 2514 8
1483 2477 1523 2511 et

126 2536 179 2575 18
207 2531 386 2586 itemque
418 2536 471 2576 12
500 2540 540 2572 et
567 2536 621 2575 27
651 2534 815 2583 similes,
847 2538 983 2572 contra
1013 2533 1039 2572 8
1071 2537 1110 2570 et
1141 2534 1194 2572 12
1225 2536 1264 2568 et
1287 2529 1386 2568 item
1410 2531 1461 2571 18
1482 2535 1522 2568 et

123 2592 180 2631 27
211 2587 438 2639 dissimiles,
469 2589 719 2630 abundantes
748 2604 845 2631 vero
867 2591 893 2631 8
921 2595 961 2628 et
979 2590 1046 2638 27,
1078 2585 1308 2626 deminutos
1340 2588 1393 2626 12
1411 2592 1451 2624 et
1468 2587 1521 2627 18

123 2645 400 2700 pronuntians.
458 2645 542 2686 Sed
581 2646 833 2687 abundantes
870 2660 953 2685 non
983 2644 1011 2682 ii
1041 2651 1158 2694 sunt,
1188 2657 1289 2698 quos
1317 2649 1431 2697 putat
1458 2641 1521 2682 vir

125 2701 401 2753 doctissimus,
432 2703 501 2757 qui
528 2704 703 2744 maiores
731 2704 811 2744 sint
841 2702 1015 2758 partium
1044 2714 1206 2740 suarum
1235 2712 1417 2749 summa,
1445 2697 1520 2738 sed

125 2766 273 2810 contra,
309 2759 379 2814 qui
405 2760 606 2813 minores3
637 2769 677 2800 et
704 2757 926 2800 similitudo
957 2772 1002 2797 ac
1034 2755 1317 2798 dissimilitudo
1347 2755 1411 2796 his
1441 2768 1519 2794 nu-

123 2815 262 2912 mgris.
282 2830 366 2856 non
395 2817 751 2874 quatenusplani‚
781 2815 855 2858 sed
883 2821 1078 2871 quatenus
1107 2813 1228 2855 solidi
1256 2819 1370 2864 sunt,
1399 2810 1518 2851 tribui

124 2872 166 2915 vi
196 2879 296 2914 etur.
