1764 3176
422 210 431 219 α
478 140 798 199 c1VITAs
846 157 976 199 LIB.
1015 157 1074 199 x.
1110 165 1175 198 611
1437 161 1523 201 259

136 265 278 323 ἐφάνη
305 264 334 322 ἡ
362 266 493 324 ψυχή.
547 267 726 313 Οὔκουν
755 268 870 320 εἰκός
898 286 958 326 γε.
995 269 1093 314 “Ότι
1122 269 1202 325 μὲν
1230 270 1385 313 τοίνυν
1409 266 1522 313 ἀθά.-

135 351 271 384 νατον
307 335 446 392 ψυχὴ,
487 337 560 380 καὶ
605 336 629 382 ὁ
669 337 767 391 ἄρτι
811 336 943 393 λόγος
980 340 1054 382 καὶ
1094 340 1138 382 οἱ
1167 335 1290 381 ἄλλοι
1331 335 1521 392 ἀναγκά-

136 415 260 448 σειαν
297 401 372 447 ἄν·
423 402 522 448 οἷον
561 404 605 449 δ’
643 405 732 449 ἐστὶ
777 409 832 464 τῇ
872 406 1075 464 ἀληθείᾳ,
1118 404 1172 449 ου’
1212 406 1518 463 λελωβημένον

134 473 203 516 δεῖ
229 470 338 516 αὐτὸ
367 473 617 517 θεάσασθαι
644 473 734 518 ’ὑπό
765 491 809 518 τε
839 479 915 532 τῆς
943 479 1025 519 τοῦ
1055 475 1254 530 σώματος
1283 475 1517 525 κοινωνίας
1548 472 1580 514 C

133 541 208 584 καὶ
247 539 392 585 ἄλλων
428 546 601 595 κακῶν,
646 541 791 598 ὥσπερ
837 548 923 587 νῦν
966 541 1090 600 ἡμεῖς
1138 541 1366 598 θεώμεθα,
1417 541 1518 586 ἀλλ’

133 607 230 654 οἷόν
266 610 356 655 ἐστι
385 609 589 666 καθαρόν
629 610 916 667 γιγνόμενον,
951 615 1159 655 τοιοῦτον
1199 612 1362 663 ἱκανῶς
1400 616 1520 668 λογι-

132 683 225 738 σμῷ
264 679 544 732 διαθεατέον,
582 681 656 724 καὶ
700 680 815 724 πολύ
855 680 1037 724 κάλλιον
1076 677 1183 723 αὐτὸ
1224 679 1400 736 εὑρήσει
1444 680 1519 723 καὶ

127 746 438 804 ἐναργέστερον
476 746 760 800 δικαιοσύνας
798 765 843 792 τε
879 750 954 792 καὶ
996 747 1166 800 ἀδικίας
1205 747 1516 799 διόψεται-καὶ

128 815 295 870 πάντα,
338 815 368 860 ἃ
409 821 497 861 νῦν
536 816 785 874 διήλθομεν.
843 822 928 860 νῦν
967 819 1013 861 δὲ
1046 819 1224 874 εἴπομεν
1255 816 1335 873 μὲν
1373 815 1519 874 ἀληθῆ

129 886 229 939 περὶ
258 883 422 937 αὐτοῦ,
455 883 553 929 οἷον
595 886 643 929 έν
683 890 745 942 τῷ
775 884 963 939 παρόντι
995 888 1222 942 φαίνεται,
1271 884 1519 941 τεθεάμεθα

130 953 282 1010 μέντοι
344 955 622 1009 διακείμενον
674 953 783 997 αὐτὸ
848 953 994 1008 ὥσπερ
1052 956 1095 998 οἱ
1144 953 1224 997 τὸν
1277 954 1519 998 θαλάττιον

130 1027 338 1067 Γλαῦκον
369 1023 556 1077 ὁρῶντες
593 1021 676 1066 οὐκ
715 1022 770 1065 ἂν
799 1022 861 1066 ἔτι
901 1024 1063 1081 ῥᾳδίως
1095 1021 1233 1066 αὐτοῦ
1263 1024 1401 1066 ἴδοιεν
1432 1023 1512 1078 τὴν
1538 1020 1578 1061 D

130 1090 320 1148 ἀρχαίαν
361 1091 520 1148 φύσιν,
560 1090 650 1136 ὑπὸ
689 1095 773 1135 τοῦ
813 1089 868 1134 τά
906 1107 950 1134 τε
989 1090 1153 1135 παλαια
1194 1095 1274 1134 τοῦ
1313 1084 1516 1150 σώματος

177 1226 263 1264 οἷόν
288 1226 384 1274 ἐστι]
410 1224 602 1264 οἶον’ἕστι
626 1229 727 1265 Vind.
752 1230 794 1263 F.

130 1277 169 1310 In
202 1276 296 1309 Mon.
330 1276 370 1309 B.
404 1281 451 1300 -'—
487 1287 531 1309 ov
555 1288 575 1310 a
599 1280 650 1309 m.'
678 1287 706 1309 s.
732 1275 793 1310 int

67 1334 70 1335 ⁷
127 1333 219 1356 vers.
243 1321 405 1355 additum.

174 1367 326 1413 ἱκανῶς]
341 1367 457 1401 ἱκανῶ
476 1367 561 1412 Ang.
572 1367 612 1401 B.
638 1367 679 1401 In
691 1367 792 1401 Vind.

127 1415 169 1449 F.
196 1426 214 1454 ς
238 1415 387 1447 deletum
411 1419 475 1447 est.

173 1457 413 1505 διαθεατέον]
437 1461 490 1494 Ita
513 1460 599 1493 Ven.
622 1460 664 1493 B.
691 1462 726 1493 et
750 1470 792 1492 ex

127 1508 342 1548 coniectura,
376 1507 441 1540 nisi
473 1507 592 1548 fallor,
628 1506 720 1540 Mon.
747 1506 788 1539 B.

124 1554 219 1588 Flor.
243 1553 288 1587 U.
313 1564 390 1586 cum
413 1552 532 1587 Ficino
559 1553 789 1596 (discernere)

126 1604 163 1634 et
204 1599 319 1633 editis.
363 1597 563 1633 διαθετὲον
598 1599 677 1632 Par.
715 1598 788 1631 AD.

126 1647 218 1681 Lob.
241 1645 342 1679 Vind.
364 1645 405 1678 F.
429 1647 509 1679 vat.
535 1645 615 1679 ΒΜ.
641 1646 727 1679 Ven.
748 1644 788 1677 C.

127 1688 184 1727 δι’
213 1688 391 1726 εὐθετέον
425 1692 506 1725 Par.
530 1691 575 1725 K.
613 1703 681 1725 sec.
711 1690 789 1734 Bip.

126 1735 343 1773 διευθετέον
379 1749 447 1771 sec.
481 1737 592 1771 Bekk.
628 1735 791 1770 θεατέον

126 1785 229 1818 Vind.
255 1784 329 1818 ΒΕ.
357 1785 437 1818 Vat.
465 1783 507 1817 H.
533 1783 626 1817 Flor.
649 1783 789 1816 ACTV.

127 1836 183 1873 et,
206 1835 245 1864 ut
269 1830 419 1873 videtur,
443 1830 487 1864 R.
513 1841 576 1874 pro
601 1841 667 1874 quo
686 1828 794 1862 Stall-

108 1876 281 1911 rbaumius
324 1876 359 1910 in
400 1887 453 1920 pr.
499 1876 553 1919 (in
593 1887 662 1909 sec.
706 1875 792 1907 hanc

127 1935 258 1957 omnem
280 1921 434 1955 lectionis
463 1922 666 1955 varietatem
690 1921 792 1954 silen-

126 1970 176 2003 tio
210 1967 459 2014 praetermisit)
489 1967 612 2000 iterum
659 1967 792 2010 signum

125 2015 219 2049 Flos.
245 2015 291 2048 T.
319 2014 442 2058 posuit.
467 2012 610 2047 θατέον
632 2014 720 2056 Ang.
747 2013 788 2046 B.

125 2062 241 2094 Verbo
265 2060 465 2104 composito,
489 2060 579 2105 quod
604 2060 659 2093 hic
683 2060 716 2093 in
734 2071 791 2092 co-

125 2107 201 2141 dice
234 2106 361 2151 optimo
393 2107 515 2139 leviter
537 2105 699 2139 affectum
725 2110 790 2148 est,

125 2153 236 2187 utitur
260 2157 296 2186 et
318 2151 399 2186 alibi
418 2152 516 2186 Plato
536 2152 693 2197 (Crat.p.
707 2151 788 2187 424.

126 2199 191 2242 D.)
225 2203 261 2232 et
296 2198 488 2244 Xenophon
517 2199 627 2232 Anab.
654 2198 695 2232 L.
722 2198 788 2233 III.

125 2257 156 2279 c.
180 2247 211 2279 1.
262 2271 271 2278 .
291 2246 345 2279 19.

171 2246 283 2335 πολξὸ]
305 2291 361 2324 Ita
379 2289 457 2324 Par.
472 2290 512 2323 A.
538 2291 617 2324 Vat.
632 2290 675 2323 H.
698 2289 791 2323 Flor.

125 2337 234 2371 ATV.
256 2334 353 2371 πολύ
369 2346 408 2379 γε
428 2336 546 2380 reliqui
563 2336 697 2369 codices
718 2347 792 2369 cum

127 2383 351 2423 editionibus3
382 2393 448 2414 non
476 2382 582 2423 male,
608 2382 668 2414 sed
692 2393 792 2426 prae-

126 2434 182 2463 ter
205 2429 456 2463 necessitatem.
491 2438 529 2471 γε
565 2427 661 2461 simili
694 2428 791 2461 modo

125 2475 365 2520 interpolatum
378 2473 520 2507 vidimus
532 2474 607 2508 Vol.
620 2474 648 2508 I.
665 2486 698 2519 p.
710 2475 791 2516 295,

125 2521 160 2555 b.
190 2527 225 2554 et
250 2520 325 2554 Vol.
347 2520 392 2553 ΙΙ.
414 2530 453 2575 p.
473 2521 530 2561 25,
548 2521 582 2554 b.

173 2563 342 2611 εὑρήσει]
382 2563 550 2609 ευρήσεις
588 2565 674 2600 Lob.
711 2566 788 2600 vat.

125 2613 207 2647 ΒΜ.
266 2612 542 2646 Subaudiendum
577 2618 630 2645 est
665 2624 790 2657 prono-

126 2671 204 2693 men
228 2657 295 2700 τὶς,
319 2670 385 2692 non
411 2655 430 2692 ὁ
457 2657 648 2702 λογισμὸς,
674 2670 788 2703 quem—

125 2705 303 2739 admodum
327 2704 443 2737 Astius
466 2703 502 2737 in
526 2716 593 2738 sec.
613 2705 787 2738 censebat.

126 2751 184 2785 Cf.
211 2750 362 2793 Euthyd.
396 2762 431 2794 p.
455 2752 536 2785 299.
551 2753 601 2784 D:
633 2747 787 2785 Οὐκοῦν

124 2796 188 2831 καὶ
199 2796 242 2832 τὸ
261 2796 412 2853 χρυσίον
431 2792 581 2839 οἷγαθόν
595 2793 788 2842 ὁμολογεῖς

126 2840 244 2885 εἶναι;
277 2839 506 2887 Ὡμολόγηκοι
540 2854 606 2885 μεν
644 2842 734 2885 οὐν,
760 2843 783 2886 ἠ

854 1225 895 1262 δ’
930 1224 983 1268 δ’ς.
1037 1225 1191 1262 Ου’κοῦν
1233 1225 1292 1262 αεὶ
1328 1229 1388 1262 δεῖ
1419 1226 1514 1264 αὐτὸ

854 1273 947 1318 ε’χειν
970 1273 1033 1308 καὶ
1050 1274 1251 1330 πανταχοῦ
1284 1275 1348 1308 καὶ
1373 1271 1424 1314 οἷς
1447 1273 1515 1318 μά-

851 1322 957 1354 λιστα
980 1318 1019 1354 ἐν
1046 1318 1186 1365 εαυτῷ,·
1212 1320 1275 1354 καὶ
1305 1321 1362 1365 ειή
1389 1319 1435 1354 ἂν
1457 1319 1514 1356 εὐ-

851 1355 1162 1410 δαιμονέστατος
1196 1368 1231 1400 εἰ
1259 1365 1334 1410 ἔχοι
1360 1369 1515 1414 χρυσίου

849 1411 915 1456 μὲν
939 1414 1024 1457 τρία
1057 1411 1222 1447 ταλαντα
1253 1411 1292 1447 ἐν
1315 1414 1361 1459 τῆ
1387 1415 1515 1459 γαστρὶ

850 1465 916 1493 etc.

894 1502 1034 1548 πάντα]
1058 1501 1186 1538 πάνθ’
1211 1505 1298 1540 Lob.

893 1551 964 1585 νῦν
989 1549 1206 1595 διήλθομεν]
1232 1551 1349 1584 Astius
1372 1551 1405 1584 in
1432 1554 1514 1585 tert.

849 1596 895 1641 δὴ
921 1598 1010 1631 inter
1041 1598 1125 1630 haec
1158 1597 1326 1630 excidisse
1358 1597 1515 1642 suspica-

848 1648 925 1683 tur‚·
950 1645 1091 1677 frustra.
1129 1644 1184 1677 Cf.
1202 1643 1277 1677 Vol.
1296 1644 1323 1676 Ι.
1344 1655 1377 1688 Ρ.
1389 1646 1468 1685 318,
1478 1644 1513 1676 b.

895 1669 1061 1744 εἶ’πομεν]
1089 1689 1248 1745 εἴπωμεν
1272 1689 1350 1722 Par.
1377 1691 1420 1723 D.

896 1732 1016 1780 αυτὸ]
1061 1732 1182 1769 αὐτὸν
1224 1736 1302 1768 Par.
1349 1735 1392 1769 K.
1438 1735 1513 1768 Ald.

849 1781 929 1815 Bas
954 1783 1009 1816 ab.
1031 1801 1072 1807 -—
1096 1781 1252 1815 Plotinus
1278 1781 1365 1814 Enn.
1381 1782 1406 1815 Ι.
1431 1782 1468 1814 L.
1483 1782 1514 1815 Ι.

851 1840 879 1862 c.
911 1830 963 1863 12.
998 1840 1031 1873 Ρ.
1062 1831 1094 1863 6.
1123 1828 1163 1860 F.
1203 1827 1257 1862 ed.
1292 1829 1374 1861 Bas.
1411 1830 1511 1863 1580.
1557 1849 1561 1857 ι

849 1875 937 1907 hunc
961 1874 1068 1907 locum
1094 1886 1149 1907 res
1134 1873 1301 1925 spiciens:
1328 1870 1421 1908 ὅθεν
1442 1886 1513 1918 φη-

850 1920 903 1953 σί·
929 1918 1145 1975 τεθεάμεθα
1157 1918 1228 1963 γὰρ
1247 1917 1367 1963 αὐτὴν
1388 1916 1512 1976 ὡσπερ

849 1965 887 1999 οἱ
899 1963 965 2000 τὸν
981 1963 1190 2000 θαλάττιον
1201 1966 1374 2000 Γλαῦκον
1394 1963 1512 2011 ὁρῶν-

847 2024 918 2052 τες.

893 2056 1117 2103 θαλάττιον]
1141 2055 1350 2092 θαλάσσιον
1369 2060 1399 2092 V
1401 2063 1448 2092 at.
1462 2059 1510 2093 M.

895 2105 1093 2149 Γλαῦκον]
1127 2105 1298 2148 γλαῦκων
1332 2105 1431 2138 Vind.
1467 2106 1510 2139 Ε.

848 2149 1029 2185 Γλαύκων
1054 2153 1132 2185 Bas.
1151 2153 1184 2185 b.
1213 2152 1418 2184 Glauconem
1439 2152 1512 2186 Fic.

847 2197 900 2230 De
926 2197 1060 2231 Glauco
1084 2198 1213 2231 marino
1237 2197 1432 2242 plerosque,
1453 2198 1512 2242 qui

846 2243 1048 2277 mentionem
1104 2245 1260 2277 fecerunt
1275 2269 1284 2286 ,
1340 2244 1514 2277 recensuit

850 2289 1064 2322 Hermannus
1097 2290 1132 2323 in
1165 2290 1246 2323 diss.
1287 2289 1329 2322 de
1359 2291 1513 2332 Aeschy—

849 2335 872 2368 li
899 2336 1041 2369 Glaucis
1066 2336 1157 2380 Lips.
1189 2337 1289 2370 1812.
1315 2347 1347 2379 Ρ.
1369 2337 1400 2370 8.
1450 2336 1513 2369 Εἰ5

848 2387 989 2426 praeter
1023 2381 1198 2415 Platonem
1240 2381 1416 2415 addendus
1460 2386 1514 2416 est

846 2427 1050 2461 scholiastes
1074 2428 1116 2461 ad
1141 2428 1174 2462 h.
1199 2429 1222 2460 l.
1254 2433 1289 2461 et
1312 2428 1513 2461 scholiastes

847 2473 1006 2507 Aristidis
1024 2486 1055 2519 p.
1077 2475 1155 2508 248.
1177 2473 1324 2507 Fromln.
1348 2479 1385 2507 et
1402 2474 1512 2518 Phry-

846 2519 965 2552 nichus
998 2520 1146 2553 Bekkeri
1181 2520 1299 2553 anecd.
1333 2531 1365 2560 p.
1388 2521 1420 2560 5,
1442 2523 1510 2556 21:

846 2562 1133 2622 Ἀνθρωποειδές
1152 2566 1290 2609 θηρίον
1313 2564 1426 2600 ὕδατι
1447 2576 1512 2600 συ·-

846 2611 938 2652 ζῶν·
964 2609 1025 2645 ἐπὶ
1044 2612 1113 2646 τοῦ
1142 2610 1336 2654 Γλαύκου,
1363 2624 1511 2655 αναφα-

843 2655 974 2711 νέντΡς
985 2655 1022 2691 ἐκ
1032 2658 1098 2702 τῆς
1109 2655 1311 2701 θαλάσσης.
1324 2656 1510 2701 Αἰσχύλος.

891 2700 1037 2748 αὐτοῦ]
1064 2711 1142 2748 post.
1167 2704 1284 2738 ι’δοιεν
1310 2705 1408 2739 Vind.
1437 2704 1510 2737 ΒΕ.
1534 2697 1572 2737 D

844 2749 929 2783 Ven.
954 2751 996 2784 B.
1032 2762 1107 2783 cum
1139 2751 1240 2784 editis
1265 2755 1345 2784 ante
1369 2751 1509 2783 Bekke-

843 2807 1020 2886 ῙἹΠιξῖδοιεν]
1033 2842 1070 2876 In
1080 2842 1179 2877 Vind.
1194 2843 1235 2876 F.
1253 2854 1274 2875 v
1287 2841 1434 2875 deletum
1446 2846 1510 2876 est.

1177 2900 1271 2941 R2
