<?xml version="1.0" encoding="UTF-8"?>
<!DOCTYPE html PUBLIC "-//W3C//DTD XHTML 1.0 Transitional//EN"
    "http://www.w3.org/TR/xhtml1/DTD/xhtml1-transitional.dtd">
<html xmlns="http://www.w3.org/1999/xhtml" xml:lang="en" lang="en">
 <head>
  <title>
</title>
<meta http-equiv="Content-Type" content="text/html;charset=utf-8" />
  <meta name='ocr-system' content='tesseract 3.04.00' />
  <meta name='ocr-capabilities' content='ocr_page ocr_carea ocr_par ocr_line ocrx_word'/>
</head>
<body>
  <div class='ocr_page' id='page_1' title='image "./operagraecerecen01platuoft_0216.png"; bbox 0 0 1764 3176; ppageno 0'>
   <div class='ocr_carea' id='block_1_1' title="bbox 190 347 717 401">
    <p class='ocr_par' dir='ltr' id='par_1_1' title="bbox 190 347 717 401">
     <span class='ocr_line' id='line_1_1' title="bbox 190 347 717 401; baseline -0.012 -5"><span class='ocrx_word' id='word_1_1' title='bbox 190 361 258 396; x_wconf 81' lang='lat'><em>563</em></span> <span class='ocrx_word' id='word_1_2' title='bbox 281 366 357 393; x_wconf 90' lang='grc' dir='ltr'><em>ναι</em></span> <span class='ocrx_word' id='word_1_3' title='bbox 398 364 503 398; x_wconf 89' lang='grc' dir='ltr'><em>τους</em></span> <span class='ocrx_word' id='word_1_4' title='bbox 541 347 717 401; x_wconf 79' lang='grc' dir='ltr'><em>γονέας,</em></span> 
     </span>
    </p>
   </div>
   <div class='ocr_carea' id='block_1_2' title="bbox 196 1137 264 1172">
    <p class='ocr_par' dir='ltr' id='par_1_2' title="bbox 196 1137 264 1172">
     <span class='ocr_line' id='line_1_2' title="bbox 196 1137 264 1172; baseline 0.029 -2"><span class='ocrx_word' id='word_1_5' title='bbox 196 1137 264 1172; x_wconf 85' lang='grc'><em>563</em></span> 
     </span>
    </p>
   </div>
   <div class='ocr_carea' id='block_1_3' title="bbox 276 109 332 147">
    <p class='ocr_par' dir='ltr' id='par_1_3' title="bbox 276 109 332 147">
     <span class='ocr_line' id='line_1_3' title="bbox 276 109 332 147; baseline 0 0"><span class='ocrx_word' id='word_1_6' title='bbox 276 109 332 147; x_wconf 83' lang='grc'><em>80</em></span> 
     </span>
    </p>
   </div>
   <div class='ocr_carea' id='block_1_4' title="bbox 717 98 1193 144">
    <p class='ocr_par' dir='ltr' id='par_1_4' title="bbox 717 98 1193 144">
     <span class='ocr_line' id='line_1_4' title="bbox 717 98 1193 144; baseline -0.006 -1"><span class='ocrx_word' id='word_1_7' title='bbox 717 98 1193 144; x_wconf 85' lang='lat' dir='ltr'><strong>PLATONIS</strong></span> 
     </span>
    </p>
   </div>
   <div class='ocr_carea' id='block_1_5' title="bbox 277 207 1657 335">
    <p class='ocr_par' dir='ltr' id='par_1_5' title="bbox 277 207 1655 335">
     <span class='ocr_line' id='line_1_5' title="bbox 277 207 1655 295; baseline -0.006 -38"><span class='ocrx_word' id='word_1_8' title='bbox 277 214 496 267; x_wconf 75' lang='grc' dir='ltr'><em>ἐθίζεσθαι</em></span> <span class='ocrx_word' id='word_1_9' title='bbox 534 211 659 255; x_wconf 87' lang='grc' dir='ltr'><em>παιδὶ</em></span> <span class='ocrx_word' id='word_1_10' title='bbox 699 211 856 267; x_wconf 83' lang='grc' dir='ltr'><em>ὅμοιον</em></span> <span class='ocrx_word' id='word_1_11' title='bbox 899 213 1129 295; x_wconf 85' lang='grc' dir='ltr'><em>γίγνεσθαι</em></span> <span class='ocrx_word' id='word_1_12' title='bbox 1168 209 1242 252; x_wconf 87' lang='grc' dir='ltr'><em>καὶ</em></span> <span class='ocrx_word' id='word_1_13' title='bbox 1276 210 1512 262; x_wconf 88' lang='grc' dir='ltr'><em>φοβεῖσθαι</em></span> <span class='ocrx_word' id='word_1_14' title='bbox 1550 207 1655 258; x_wconf 79' lang='grc' dir='ltr'><em>τούς</em></span> 
     </span>
     <span class='ocr_line' id='line_1_6' title="bbox 278 273 1657 335; baseline -0.005 -11"><span class='ocrx_word' id='word_1_15' title='bbox 278 283 409 333; x_wconf 79' lang='grc' dir='ltr'><em>υἱεῖς,</em></span> <span class='ocrx_word' id='word_1_16' title='bbox 440 279 542 322; x_wconf 83' lang='grc' dir='ltr'><em>υἱὸν</em></span> <span class='ocrx_word' id='word_1_17' title='bbox 572 280 619 322; x_wconf 82' lang='grc' dir='ltr'><em>δὲ</em></span> <span class='ocrx_word' id='word_1_18' title='bbox 655 280 805 334; x_wconf 87' lang='grc' dir='ltr'><em>πατρὶ</em></span> <span class='ocrx_word' id='word_1_19' title='bbox 845 280 915 322; x_wconf 83' lang='grc' dir='ltr'><em>καὶ</em></span> <span class='ocrx_word' id='word_1_20' title='bbox 945 279 1049 335; x_wconf 81' lang='grc' dir='ltr'><em>μήτε</em></span> <span class='ocrx_word' id='word_1_21' title='bbox 1079 277 1362 333; x_wconf 84' lang='grc' dir='ltr'><em>αἰσχύνεσθαι</em></span> <span class='ocrx_word' id='word_1_22' title='bbox 1391 273 1496 331; x_wconf 85' lang='grc' dir='ltr'><em>μήτε</em></span> <span class='ocrx_word' id='word_1_23' title='bbox 1528 273 1657 318; x_wconf 84' lang='grc' dir='ltr'><em>δεδιέ-</em></span> 
     </span>
    </p>
   </div>
   <div class='ocr_carea' id='block_1_6' title="bbox 772 342 1658 403">
    <p class='ocr_par' dir='ltr' id='par_1_6' title="bbox 772 342 1658 403">
     <span class='ocr_line' id='line_1_7' title="bbox 772 342 1658 403; baseline -0.005 -12.995"><span class='ocrx_word' id='word_1_24' title='bbox 772 349 844 390; x_wconf 87' lang='grc' dir='ltr'><em>ἴνα</em></span> <span class='ocrx_word' id='word_1_25' title='bbox 889 347 941 403; x_wconf 73' lang='grc' dir='ltr'><em>δὴ</em></span> <span class='ocrx_word' id='word_1_26' title='bbox 993 347 1222 399; x_wconf 78' lang='grc' dir='ltr'><em>ἐλεύθερος</em></span> <span class='ocrx_word' id='word_1_27' title='bbox 1262 346 1314 401; x_wconf 82' lang='grc' dir='ltr'><em>ᾑ·</em></span> <span class='ocrx_word' id='word_1_28' title='bbox 1366 343 1568 398; x_wconf 75' lang='grc' dir='ltr'>μέτοικον</span> <span class='ocrx_word' id='word_1_29' title='bbox 1610 342 1658 386; x_wconf 82' lang='grc' dir='ltr'><em>δὲ</em></span> 
     </span>
    </p>
   </div>
   <div class='ocr_carea' id='block_1_7' title="bbox 276 409 1657 473">
    <p class='ocr_par' dir='ltr' id='par_1_7' title="bbox 276 409 1657 473">
     <span class='ocr_line' id='line_1_8' title="bbox 276 409 1657 473; baseline -0.005 -13"><span class='ocrx_word' id='word_1_30' title='bbox 276 416 391 473; x_wconf 79' lang='grc' dir='ltr'><em>ὀιστῷ</em></span> <span class='ocrx_word' id='word_1_31' title='bbox 436 416 508 460; x_wconf 78' lang='grc' dir='ltr'><em>καὶ</em></span> <span class='ocrx_word' id='word_1_32' title='bbox 548 412 680 458; x_wconf 75' lang='grc' dir='ltr'><em>ἀστὸν</em></span> <span class='ocrx_word' id='word_1_33' title='bbox 717 417 899 470; x_wconf 83' lang='grc' dir='ltr'><strong><em>μετοίκῳ</em></strong></span> <span class='ocrx_word' id='word_1_34' title='bbox 933 417 1209 468; x_wconf 75' lang='grc' dir='ltr'><em>ἐξισοῦσθαι,</em></span> <span class='ocrx_word' id='word_1_35' title='bbox 1254 414 1328 458; x_wconf 86' lang='grc' dir='ltr'><em>καὶ</em></span> <span class='ocrx_word' id='word_1_36' title='bbox 1358 413 1481 465; x_wconf 81' lang='grc' dir='ltr'><em>ξένον</em></span> <span class='ocrx_word' id='word_1_37' title='bbox 1512 409 1657 454; x_wconf 76' lang='grc' dir='ltr'><em>ὠσαύ-</em></span> 
     </span>
    </p>
   </div>
   <div class='ocr_carea' id='block_1_8' title="bbox 276 502 373 535">
    <p class='ocr_par' dir='ltr' id='par_1_8' title="bbox 276 502 373 535">
     <span class='ocr_line' id='line_1_9' title="bbox 276 502 373 535; baseline -0.021 -7"><span class='ocrx_word' id='word_1_38' title='bbox 276 502 373 535; x_wconf 90' lang='grc' dir='ltr'><em>τως.</em></span> 
     </span>
    </p>
   </div>
   <div class='ocr_carea' id='block_1_9' title="bbox 434 477 1655 539">
    <p class='ocr_par' dir='ltr' id='par_1_9' title="bbox 434 477 1655 539">
     <span class='ocr_line' id='line_1_10' title="bbox 434 477 1655 539; baseline -0.005 -12"><span class='ocrx_word' id='word_1_39' title='bbox 434 486 635 538; x_wconf 79' lang='grc' dir='ltr'><em>Γίγνεται</em></span> <span class='ocrx_word' id='word_1_40' title='bbox 663 482 748 538; x_wconf 71' lang='grc' dir='ltr'><em>γάρ</em></span> <span class='ocrx_word' id='word_1_41' title='bbox 781 482 934 534; x_wconf 84' lang='grc' dir='ltr'><em>οὕτως,</em></span> <span class='ocrx_word' id='word_1_42' title='bbox 967 484 1063 539; x_wconf 81' lang='grc' dir='ltr'><strong>ἔφη.</strong></span> <span class='ocrx_word' id='word_1_43' title='bbox 1127 482 1277 527; x_wconf 77' lang='grc' dir='ltr'><em>Ταῦτά</em></span> <span class='ocrx_word' id='word_1_44' title='bbox 1308 498 1365 533; x_wconf 84' lang='grc' dir='ltr'><em>τε,</em></span> <span class='ocrx_word' id='word_1_45' title='bbox 1397 477 1453 537; x_wconf 79' lang='grc' dir='ltr'><em>ἦν</em></span> <span class='ocrx_word' id='word_1_46' title='bbox 1484 477 1527 523; x_wconf 81' lang='grc' dir='ltr'><em>δ’</em></span> <span class='ocrx_word' id='word_1_47' title='bbox 1558 477 1655 534; x_wconf 72' lang='grc' dir='ltr'><em>ἐγώ,</em></span> 
     </span>
    </p>
   </div>
   <div class='ocr_carea' id='block_1_10' title="bbox 277 547 1660 880">
    <p class='ocr_par' dir='ltr' id='par_1_10' title="bbox 277 547 1660 880">
     <span class='ocr_line' id='line_1_11' title="bbox 277 547 1658 607; baseline -0.007 -11"><span class='ocrx_word' id='word_1_48' title='bbox 277 553 350 597; x_wconf 83' lang='grc' dir='ltr'><em>καὶ</em></span> <span class='ocrx_word' id='word_1_49' title='bbox 381 551 538 607; x_wconf 84' lang='grc' dir='ltr'><em>σμικρὰ</em></span> <span class='ocrx_word' id='word_1_50' title='bbox 566 549 712 593; x_wconf 81' lang='grc' dir='ltr'><em>τοιάδε</em></span> <span class='ocrx_word' id='word_1_51' title='bbox 743 548 850 592; x_wconf 76' lang='grc' dir='ltr'><em>ἄλλα</em></span> <span class='ocrx_word' id='word_1_52' title='bbox 880 552 1090 606; x_wconf 81' lang='grc' dir='ltr'><em>γίγνεται·</em></span> <span class='ocrx_word' id='word_1_53' title='bbox 1133 549 1396 600; x_wconf 83' lang='grc' dir='ltr'><em>διδάσκαλός</em></span> <span class='ocrx_word' id='word_1_54' title='bbox 1434 564 1478 590; x_wconf 89' lang='grc' dir='ltr'><em>τε</em></span> <span class='ocrx_word' id='word_1_55' title='bbox 1521 547 1568 589; x_wconf 83' lang='grc' dir='ltr'><em>ἐν</em></span> <span class='ocrx_word' id='word_1_56' title='bbox 1596 549 1658 604; x_wconf 75' lang='grc' dir='ltr'><em>τῷ</em></span> 
     </span>
     <span class='ocr_line' id='line_1_12' title="bbox 278 615 1658 678; baseline -0.007 -14"><span class='ocrx_word' id='word_1_57' title='bbox 278 620 465 678; x_wconf 80' lang='grc' dir='ltr'><em>τοιούτῳ</em></span> <span class='ocrx_word' id='word_1_58' title='bbox 509 616 722 674; x_wconf 79' lang='grc' dir='ltr'><em>φοιτητας</em></span> <span class='ocrx_word' id='word_1_59' title='bbox 765 619 964 672; x_wconf 84' lang='grc' dir='ltr'><em>φοβεῖται</em></span> <span class='ocrx_word' id='word_1_60' title='bbox 1004 619 1077 661; x_wconf 81' lang='grc' dir='ltr'><em>καὶ</em></span> <span class='ocrx_word' id='word_1_61' title='bbox 1117 618 1332 670; x_wconf 78' lang='grc' dir='ltr'><em>θωπεύει,</em></span> <span class='ocrx_word' id='word_1_62' title='bbox 1373 615 1578 671; x_wconf 83' lang='grc' dir='ltr'><em>φοιτηταί</em></span> <span class='ocrx_word' id='word_1_63' title='bbox 1612 629 1658 656; x_wconf 90' lang='grc' dir='ltr'><em>τε</em></span> 
     </span>
     <span class='ocr_line' id='line_1_13' title="bbox 279 681 1660 741; baseline -0.006 -9"><span class='ocrx_word' id='word_1_64' title='bbox 279 687 553 732; x_wconf 81' lang='grc' dir='ltr'><em>διδασκάλων</em></span> <span class='ocrx_word' id='word_1_65' title='bbox 572 684 882 741; x_wconf 80' lang='grc' dir='ltr'><em>ὀλιγωροῦσιν,</em></span> <span class='ocrx_word' id='word_1_66' title='bbox 918 685 1032 729; x_wconf 86' lang='grc' dir='ltr'><em>οὕτω</em></span> <span class='ocrx_word' id='word_1_67' title='bbox 1061 686 1106 729; x_wconf 78' lang='grc' dir='ltr'><em>δὲ</em></span> <span class='ocrx_word' id='word_1_68' title='bbox 1136 687 1206 730; x_wconf 84' lang='grc' dir='ltr'><em>καὶ</em></span> <span class='ocrx_word' id='word_1_69' title='bbox 1237 687 1549 740; x_wconf 75' lang='grc' dir='ltr'><em>παιδαγωγῶν·</em></span> <span class='ocrx_word' id='word_1_70' title='bbox 1586 681 1660 724; x_wconf 84' lang='grc' dir='ltr'><em>καὶ</em></span> 
     </span>
     <span class='ocr_line' id='line_1_14' title="bbox 279 752 1659 811; baseline -0.005 -11"><span class='ocrx_word' id='word_1_71' title='bbox 279 757 392 807; x_wconf 83' lang='grc' dir='ltr'><em>ὅλως</em></span> <span class='ocrx_word' id='word_1_72' title='bbox 432 757 476 799; x_wconf 82' lang='grc' dir='ltr'><em>οἱ</em></span> <span class='ocrx_word' id='word_1_73' title='bbox 514 755 593 811; x_wconf 79' lang='grc' dir='ltr'><em>μὲν</em></span> <span class='ocrx_word' id='word_1_74' title='bbox 631 754 722 796; x_wconf 81' lang='grc' dir='ltr'><em>νέοι</em></span> <span class='ocrx_word' id='word_1_75' title='bbox 761 753 1070 810; x_wconf 76' lang='grc' dir='ltr'><em>πρεσβυτέροις</em></span> <span class='ocrx_word' id='word_1_76' title='bbox 1109 752 1407 806; x_wconf 74' lang='grc' dir='ltr'><em>ἀπεικάζονται</em></span> <span class='ocrx_word' id='word_1_77' title='bbox 1445 752 1516 795; x_wconf 85' lang='grc' dir='ltr'><em>καὶ</em></span> <span class='ocrx_word' id='word_1_78' title='bbox 1557 752 1659 794; x_wconf 89' lang='grc' dir='ltr'><em>δια-</em></span> 
     </span>
     <span class='ocr_line' id='line_1_15' title="bbox 281 818 1660 880; baseline -0.004 -13"><span class='ocrx_word' id='word_1_79' title='bbox 281 828 514 880; x_wconf 83' lang='grc' dir='ltr'><em>μιλλῶνται</em></span> <span class='ocrx_word' id='word_1_80' title='bbox 543 822 616 866; x_wconf 87' lang='grc' dir='ltr'><em>καὶ</em></span> <span class='ocrx_word' id='word_1_81' title='bbox 644 821 691 865; x_wconf 79' lang='grc' dir='ltr'><em>ἐν</em></span> <span class='ocrx_word' id='word_1_82' title='bbox 721 819 867 877; x_wconf 84' lang='grc' dir='ltr'><em>λόγοις</em></span> <span class='ocrx_word' id='word_1_83' title='bbox 905 823 978 865; x_wconf 83' lang='grc' dir='ltr'><em>καὶ</em></span> <span class='ocrx_word' id='word_1_84' title='bbox 1016 821 1063 866; x_wconf 79' lang='grc' dir='ltr'><em>ἐν</em></span> <span class='ocrx_word' id='word_1_85' title='bbox 1103 823 1267 878; x_wconf 75' lang='grc' dir='ltr'><em>ἔργοις,</em></span> <span class='ocrx_word' id='word_1_86' title='bbox 1316 823 1359 865; x_wconf 81' lang='grc' dir='ltr'><em>οῖ</em></span> <span class='ocrx_word' id='word_1_87' title='bbox 1388 820 1434 863; x_wconf 78' lang='grc' dir='ltr'><em>δὲ</em></span> <span class='ocrx_word' id='word_1_88' title='bbox 1462 818 1660 875; x_wconf 80' lang='grc' dir='ltr'><em>γέροντες</em></span> 
     </span>
    </p>
   </div>
   <div class='ocr_carea' id='block_1_11' title="bbox 285 990 943 1074">
    <p class='ocr_par' dir='ltr' id='par_1_11' title="bbox 285 990 943 1074">
     <span class='ocr_line' id='line_1_16' title="bbox 330 990 943 1038; baseline -0.005 -11"><span class='ocrx_word' id='word_1_89' title='bbox 330 991 536 1038; x_wconf 78' lang='grc' dir='ltr'><em>ἐθίζεσθαι]</em></span> <span class='ocrx_word' id='word_1_90' title='bbox 563 990 765 1037; x_wconf 78' lang='grc' dir='ltr'><em>ἐθήζεσθαι</em></span> <span class='ocrx_word' id='word_1_91' title='bbox 790 991 888 1026; x_wconf 83' lang='lat' dir='ltr'><strong>Vind.</strong></span> <span class='ocrx_word' id='word_1_92' title='bbox 900 992 943 1025; x_wconf 83' lang='lat' dir='ltr'><em>F.</em></span> 
     </span>
     <span class='ocr_line' id='line_1_17' title="bbox 285 1046 476 1074; baseline -0.017 0"><span class='ocrx_word' id='word_1_93' title='bbox 285 1046 364 1074; x_wconf 83' lang='lat' dir='ltr'><strong>ante</strong></span> <span class='ocrx_word' id='word_1_94' title='bbox 389 1052 476 1073; x_wconf 72' lang='lat' dir='ltr'><strong>eoi-,r</strong></span> 
     </span>
    </p>
   </div>
   <div class='ocr_carea' id='block_1_12' title="bbox 332 1081 911 1128">
    <p class='ocr_par' dir='ltr' id='par_1_12' title="bbox 332 1081 911 1128">
     <span class='ocr_line' id='line_1_18' title="bbox 332 1081 911 1128; baseline -0.007 -9"><span class='ocrx_word' id='word_1_95' title='bbox 332 1084 513 1128; x_wconf 81' lang='grc' dir='ltr'><em>δεδιέναι]</em></span> <span class='ocrx_word' id='word_1_96' title='bbox 539 1081 718 1118; x_wconf 82' lang='grc' dir='ltr'><em>δεδειέναι</em></span> <span class='ocrx_word' id='word_1_97' title='bbox 742 1083 842 1117; x_wconf 89' lang='lat' dir='ltr'><strong>Vind.</strong></span> <span class='ocrx_word' id='word_1_98' title='bbox 868 1084 911 1116; x_wconf 90' lang='lat' dir='ltr'><em>F.</em></span> 
     </span>
    </p>
   </div>
   <div class='ocr_carea' id='block_1_13' title="bbox 287 1127 947 1212">
    <p class='ocr_par' dir='ltr' id='par_1_13' title="bbox 287 1127 947 1212">
     <span class='ocr_line' id='line_1_19' title="bbox 328 1127 947 1187; baseline -0.005 -21.966"><span class='ocrx_word' id='word_1_99' title='bbox 328 1130 434 1187; x_wconf 74' lang='grc' dir='ltr'><em>οἰστῷ</em></span> <span class='ocrx_word' id='word_1_100' title='bbox 466 1130 528 1164; x_wconf 85' lang='grc' dir='ltr'><em>καὶ</em></span> <span class='ocrx_word' id='word_1_101' title='bbox 556 1127 691 1174; x_wconf 82' lang='grc' dir='ltr'><em>αστὸν]</em></span> <span class='ocrx_word' id='word_1_102' title='bbox 743 1127 847 1163; x_wconf 81' lang='grc' dir='ltr'><em>αύτω</em></span> <span class='ocrx_word' id='word_1_103' title='bbox 883 1127 947 1162; x_wconf 86' lang='grc' dir='ltr'><em>καὶ</em></span> 
     </span>
     <span class='ocr_line' id='line_1_20' title="bbox 287 1176 605 1212; baseline -0.01 0"><span class='ocrx_word' id='word_1_104' title='bbox 287 1176 405 1212; x_wconf 76' lang='grc' dir='ltr'><em>αὐτὸν</em></span> <span class='ocrx_word' id='word_1_105' title='bbox 425 1178 503 1211; x_wconf 82' lang='lat' dir='ltr'><strong>Par.</strong></span> <span class='ocrx_word' id='word_1_106' title='bbox 530 1177 605 1210; x_wconf 89' lang='lat' dir='ltr'><em>DK.</em></span> 
     </span>
    </p>
   </div>
   <div class='ocr_carea' id='block_1_14' title="bbox 329 1232 920 1279">
    <p class='ocr_par' dir='ltr' id='par_1_14' title="bbox 329 1232 920 1279">
     <span class='ocr_line' id='line_1_21' title="bbox 329 1232 920 1279; baseline -0.008 -10"><span class='ocrx_word' id='word_1_107' title='bbox 329 1237 391 1279; x_wconf 85' lang='grc' dir='ltr'><em>τε]</em></span> <span class='ocrx_word' id='word_1_108' title='bbox 417 1246 454 1278; x_wconf 88' lang='grc' dir='ltr'><em>γε</em></span> <span class='ocrx_word' id='word_1_109' title='bbox 478 1235 579 1269; x_wconf 78' lang='lat' dir='ltr'><strong>Vind.</strong></span> <span class='ocrx_word' id='word_1_110' title='bbox 599 1234 640 1267; x_wconf 85' lang='lat' dir='ltr'><em>E.</em></span> <span class='ocrx_word' id='word_1_111' title='bbox 668 1246 731 1267; x_wconf 87' lang='lat' dir='ltr'><em>om.</em></span> <span class='ocrx_word' id='word_1_112' title='bbox 757 1233 852 1266; x_wconf 88' lang='lat' dir='ltr'><strong>Flor.</strong></span> <span class='ocrx_word' id='word_1_113' title='bbox 876 1232 920 1265; x_wconf 92' lang='lat' dir='ltr'><em>T.</em></span> 
     </span>
    </p>
   </div>
   <div class='ocr_carea' id='block_1_15' title="bbox 282 1285 946 1647">
    <p class='ocr_par' dir='ltr' id='par_1_15' title="bbox 283 1285 944 1373">
     <span class='ocr_line' id='line_1_22' title="bbox 328 1285 944 1335; baseline -0.008 -9"><span class='ocrx_word' id='word_1_114' title='bbox 328 1290 457 1326; x_wconf 76' lang='grc' dir='ltr'><em>τοιάδε</em></span> <span class='ocrx_word' id='word_1_115' title='bbox 504 1289 618 1335; x_wconf 78' lang='grc' dir='ltr'><em>ἄλλα]</em></span> <span class='ocrx_word' id='word_1_116' title='bbox 662 1287 803 1324; x_wconf 73' lang='grc' dir='ltr'><em>τοιάδε.</em></span> <span class='ocrx_word' id='word_1_117' title='bbox 849 1285 944 1321; x_wconf 75' lang='grc' dir='ltr'><em>ἄλλα</em></span> 
     </span>
     <span class='ocr_line' id='line_1_23' title="bbox 283 1338 449 1373; baseline -0.02 0"><span class='ocrx_word' id='word_1_118' title='bbox 283 1339 385 1373; x_wconf 85' lang='lat' dir='ltr'><strong>Vind.</strong></span> <span class='ocrx_word' id='word_1_119' title='bbox 410 1338 449 1373; x_wconf 83' lang='lat' dir='ltr'><em>F.</em></span> 
     </span>
    </p>

    <p class='ocr_par' dir='ltr' id='par_1_16' title="bbox 282 1380 946 1568">
     <span class='ocr_line' id='line_1_24' title="bbox 328 1380 946 1437; baseline -0.011 -19"><span class='ocrx_word' id='word_1_120' title='bbox 328 1384 505 1437; x_wconf 79' lang='grc' dir='ltr'><em>γίγνεται·</em></span> <span class='ocrx_word' id='word_1_121' title='bbox 515 1383 527 1424; x_wconf 84' lang='grc'><em>]</em></span> <span class='ocrx_word' id='word_1_122' title='bbox 557 1382 719 1425; x_wconf 84' lang='grc' dir='ltr'><em>γίγνεται</em></span> <span class='ocrx_word' id='word_1_123' title='bbox 742 1380 814 1413; x_wconf 86' lang='lat' dir='ltr'><strong>sine</strong></span> <span class='ocrx_word' id='word_1_124' title='bbox 839 1380 946 1413; x_wconf 85' lang='lat' dir='ltr'><strong>inter-</strong></span> 
     </span>
     <span class='ocr_line' id='line_1_25' title="bbox 282 1426 944 1475; baseline -0.009 -11"><span class='ocrx_word' id='word_1_125' title='bbox 282 1431 464 1475; x_wconf 82' lang='lat' dir='ltr'>punctione</span> <span class='ocrx_word' id='word_1_126' title='bbox 491 1429 587 1461; x_wconf 90' lang='lat' dir='ltr'><strong>Vind.</strong></span> <span class='ocrx_word' id='word_1_127' title='bbox 607 1429 649 1462; x_wconf 88' lang='lat' dir='ltr'><strong>F</strong></span> <span class='ocrx_word' id='word_1_128' title='bbox 669 1427 841 1471; x_wconf 86' lang='grc' dir='ltr'><em>γίγνεται,</em></span> <span class='ocrx_word' id='word_1_129' title='bbox 867 1426 944 1460; x_wconf 88' lang='lat' dir='ltr'><strong>Ald.</strong></span> 
     </span>
     <span class='ocr_line' id='line_1_26' title="bbox 282 1473 943 1520; baseline -0.011 -10"><span class='ocrx_word' id='word_1_130' title='bbox 282 1477 451 1520; x_wconf 85' lang='grc' dir='ltr'><em>γίγνεται.</em></span> <span class='ocrx_word' id='word_1_131' title='bbox 493 1476 572 1508; x_wconf 86' lang='lat' dir='ltr'><strong>Bas.</strong></span> <span class='ocrx_word' id='word_1_132' title='bbox 608 1475 662 1507; x_wconf 82' lang='lat' dir='ltr'><em>ab.</em></span> <span class='ocrx_word' id='word_1_133' title='bbox 713 1473 833 1517; x_wconf 82' lang='lat' dir='ltr'><strong>steph.</strong></span> <span class='ocrx_word' id='word_1_134' title='bbox 869 1474 943 1504; x_wconf 84' lang='lat' dir='ltr'><strong>Ast.</strong></span> 
     </span>
     <span class='ocr_line' id='line_1_27' title="bbox 283 1523 480 1578; baseline -0.005 -23"><span class='ocrx_word' id='word_1_135' title='bbox 283 1534 346 1578; x_wconf 85' lang='lat' dir='ltr'><em>pr.</em></span> <span class='ocrx_word' id='word_1_136' title='bbox 371 1523 480 1555; x_wconf 84' lang='lat' dir='ltr'><strong>Bekk.</strong></span> 
     </span>
    </p>

    <p class='ocr_par' dir='ltr' id='par_1_17' title="bbox 284 1563 945 1647">
     <span class='ocr_line' id='line_1_28' title="bbox 330 1563 945 1613; baseline -0.008 -12"><span class='ocrx_word' id='word_1_137' title='bbox 330 1566 369 1602; x_wconf 83' lang='grc' dir='ltr'><em>ἐν</em></span> <span class='ocrx_word' id='word_1_138' title='bbox 402 1568 453 1613; x_wconf 83' lang='grc' dir='ltr'><em>τῷ</em></span> <span class='ocrx_word' id='word_1_139' title='bbox 491 1563 676 1611; x_wconf 83' lang='grc' dir='ltr'><em>τοιούτῳ]</em></span> <span class='ocrx_word' id='word_1_140' title='bbox 722 1577 764 1598; x_wconf 84' lang='lat' dir='ltr'><em>ea</em></span> <span class='ocrx_word' id='word_1_141' title='bbox 798 1566 833 1598; x_wconf 82' lang='lat' dir='ltr'><em>in</em></span> <span class='ocrx_word' id='word_1_142' title='bbox 863 1564 945 1597; x_wconf 83' lang='lat' dir='ltr'><em>urbe</em></span> 
     </span>
     <span class='ocr_line' id='line_1_29' title="bbox 284 1612 851 1647; baseline -0.007 0"><span class='ocrx_word' id='word_1_143' title='bbox 284 1614 356 1647; x_wconf 86' lang='lat' dir='ltr'><strong>Fic.</strong></span> <span class='ocrx_word' id='word_1_144' title='bbox 381 1615 477 1647; x_wconf 84' lang='lat' dir='ltr'><strong>innuo</strong></span> <span class='ocrx_word' id='word_1_145' title='bbox 502 1625 538 1646; x_wconf 87' lang='lat' dir='ltr'><em>eo</em></span> <span class='ocrx_word' id='word_1_146' title='bbox 556 1624 671 1646; x_wconf 85' lang='lat' dir='ltr'><strong>rerum</strong></span> <span class='ocrx_word' id='word_1_147' title='bbox 695 1612 730 1644; x_wconf 83' lang='lat' dir='ltr'><em>in</em></span> <span class='ocrx_word' id='word_1_148' title='bbox 747 1616 851 1644; x_wconf 81' lang='lat' dir='ltr'><strong>statu.</strong></span> 
     </span>
    </p>
   </div>
   <div class='ocr_carea' id='block_1_16' title="bbox 287 1661 948 2041">
    <p class='ocr_par' dir='ltr' id='par_1_18' title="bbox 287 1661 948 2034">
     <span class='ocr_line' id='line_1_30' title="bbox 332 1661 946 1714; baseline -0.007 -10"><span class='ocrx_word' id='word_1_149' title='bbox 332 1683 513 1714; x_wconf 83' lang='grc' dir='ltr'><em>φοιτητας</em></span> <span class='ocrx_word' id='word_1_150' title='bbox 522 1671 534 1713; x_wconf 92' lang='grc'><em>]</em></span> <span class='ocrx_word' id='word_1_151' title='bbox 560 1671 595 1703; x_wconf 92' lang='lat' dir='ltr'><em>in</em></span> <span class='ocrx_word' id='word_1_152' title='bbox 617 1669 707 1702; x_wconf 87' lang='lat' dir='ltr'><strong>Mon.</strong></span> <span class='ocrx_word' id='word_1_153' title='bbox 721 1668 758 1702; x_wconf 90' lang='lat' dir='ltr'><em>B.</em></span> <span class='ocrx_word' id='word_1_154' title='bbox 777 1661 830 1701; x_wconf 85' lang='lat' dir='ltr'><em>bis</em></span> <span class='ocrx_word' id='word_1_155' title='bbox 851 1667 946 1700; x_wconf 80' lang='lat' dir='ltr'><strong>dein-</strong></span> 
     </span>
     <span class='ocr_line' id='line_1_31' title="bbox 287 1714 945 1762; baseline -0.009 -11"><span class='ocrx_word' id='word_1_156' title='bbox 287 1729 368 1762; x_wconf 85' lang='lat' dir='ltr'><strong>ceps</strong></span> <span class='ocrx_word' id='word_1_157' title='bbox 403 1729 439 1749; x_wconf 97' lang='grc'>5</span> <span class='ocrx_word' id='word_1_158' title='bbox 423 1717 586 1760; x_wconf 71' lang='lat' dir='ltr'><strong>ciiptun),</strong></span> <span class='ocrx_word' id='word_1_159' title='bbox 629 1715 688 1747; x_wconf 82' lang='lat' dir='ltr'><em>sed</em></span> <span class='ocrx_word' id='word_1_160' title='bbox 723 1715 830 1746; x_wconf 82' lang='lat' dir='ltr'><strong>altero</strong></span> <span class='ocrx_word' id='word_1_161' title='bbox 873 1714 945 1746; x_wconf 88' lang='lat' dir='ltr'>loco</span> 
     </span>
     <span class='ocr_line' id='line_1_32' title="bbox 287 1757 945 1807; baseline -0.008 -11"><span class='ocrx_word' id='word_1_162' title='bbox 287 1764 417 1807; x_wconf 77' lang='lat' dir='ltr'><strong>virgula</strong></span> <span class='ocrx_word' id='word_1_163' title='bbox 450 1767 612 1795; x_wconf 81' lang='lat' dir='ltr'><strong>notatum.</strong></span> <span class='ocrx_word' id='word_1_164' title='bbox 652 1757 834 1804; x_wconf 83' lang='grc' dir='ltr'><em>φοιτήσας</em></span> <span class='ocrx_word' id='word_1_165' title='bbox 858 1759 945 1793; x_wconf 88' lang='lat' dir='ltr'><strong>Lob.</strong></span> 
     </span>
     <span class='ocr_line' id='line_1_33' title="bbox 287 1805 944 1842; baseline -0.008 0"><span class='ocrx_word' id='word_1_166' title='bbox 287 1810 386 1842; x_wconf 83' lang='lat' dir='ltr'><strong>Vind.</strong></span> <span class='ocrx_word' id='word_1_167' title='bbox 412 1809 454 1840; x_wconf 96' lang='lat' dir='ltr'><em>F.</em></span> <span class='ocrx_word' id='word_1_168' title='bbox 489 1809 573 1842; x_wconf 87' lang='lat' dir='ltr'><strong>Ven.</strong></span> <span class='ocrx_word' id='word_1_169' title='bbox 609 1808 650 1840; x_wconf 92' lang='lat' dir='ltr'><em>C.</em></span> <span class='ocrx_word' id='word_1_170' title='bbox 686 1807 765 1839; x_wconf 86' lang='lat' dir='ltr'><strong>Par.</strong></span> <span class='ocrx_word' id='word_1_171' title='bbox 796 1805 840 1839; x_wconf 88' lang='grc' dir='ltr'><em>Κ.</em></span> <span class='ocrx_word' id='word_1_172' title='bbox 877 1817 944 1838; x_wconf 83' lang='lat' dir='ltr'><strong>sec.</strong></span> 
     </span>
     <span class='ocr_line' id='line_1_34' title="bbox 287 1852 945 1895; baseline -0.008 -7"><span class='ocrx_word' id='word_1_173' title='bbox 287 1855 395 1888; x_wconf 81' lang='lat' dir='ltr'><strong>Bekk.</strong></span> <span class='ocrx_word' id='word_1_174' title='bbox 421 1854 498 1888; x_wconf 86' lang='lat' dir='ltr'><strong>Vat.</strong></span> <span class='ocrx_word' id='word_1_175' title='bbox 527 1853 575 1886; x_wconf 87' lang='grc' dir='ltr'><em>Μ.</em></span> <span class='ocrx_word' id='word_1_176' title='bbox 611 1856 646 1885; x_wconf 85' lang='lat' dir='ltr'><em>et</em></span> <span class='ocrx_word' id='word_1_177' title='bbox 679 1864 698 1884; x_wconf 81' lang='lat' dir='ltr'>a</span> <span class='ocrx_word' id='word_1_178' title='bbox 724 1863 764 1884; x_wconf 87' lang='lat' dir='ltr'><em>m.</em></span> <span class='ocrx_word' id='word_1_179' title='bbox 792 1862 842 1895; x_wconf 86' lang='lat' dir='ltr'><em>pr.</em></span> <span class='ocrx_word' id='word_1_180' title='bbox 868 1852 945 1884; x_wconf 58' lang='lat' dir='ltr'><strong>xat.</strong></span> 
     </span>
     <span class='ocr_line' id='line_1_35' title="bbox 288 1897 945 1936; baseline -0.012 0"><span class='ocrx_word' id='word_1_181' title='bbox 288 1903 329 1936; x_wconf 87' lang='lat' dir='ltr'><em>B.</em></span> <span class='ocrx_word' id='word_1_182' title='bbox 366 1901 443 1933; x_wconf 84' lang='lat' dir='ltr'><strong>Par.</strong></span> <span class='ocrx_word' id='word_1_183' title='bbox 476 1900 517 1932; x_wconf 92' lang='lat' dir='ltr'><strong>D.</strong></span> <span class='ocrx_word' id='word_1_184' title='bbox 559 1918 605 1923; x_wconf 91' lang='lat'>—</span> <span class='ocrx_word' id='word_1_185' title='bbox 648 1898 790 1930; x_wconf 79' lang='lat' dir='ltr'><strong>Antiatt.</strong></span> <span class='ocrx_word' id='word_1_186' title='bbox 837 1897 945 1930; x_wconf 85' lang='lat' dir='ltr'><strong>Bekk.</strong></span> 
     </span>
     <span class='ocr_line' id='line_1_36' title="bbox 289 1939 948 1993; baseline -0.011 -12"><span class='ocrx_word' id='word_1_187' title='bbox 289 1960 321 1993; x_wconf 91' lang='lat' dir='ltr'><strong>p.</strong></span> <span class='ocrx_word' id='word_1_188' title='bbox 357 1941 742 1987; x_wconf 71' lang='grc' dir='ltr'><em>116,1·οιτητὴν</em></span> <span class='ocrx_word' id='word_1_189' title='bbox 778 1939 824 1975; x_wconf 79' lang='grc' dir='ltr'><em>οὔ</em></span> <span class='ocrx_word' id='word_1_190' title='bbox 855 1952 948 1985; x_wconf 83' lang='grc' dir='ltr'><em>φασι</em></span> 
     </span>
     <span class='ocr_line' id='line_1_37' title="bbox 289 1986 923 2041; baseline -0.011 -14"><span class='ocrx_word' id='word_1_191' title='bbox 289 1994 367 2027; x_wconf 82' lang='grc' dir='ltr'><em>δεῖν</em></span> <span class='ocrx_word' id='word_1_192' title='bbox 385 1990 521 2034; x_wconf 85' lang='grc' dir='ltr'><em>λέγειν,</em></span> <span class='ocrx_word' id='word_1_193' title='bbox 547 1988 640 2024; x_wconf 81' lang='grc' dir='ltr'><em>αλλοὶ</em></span> <span class='ocrx_word' id='word_1_194' title='bbox 660 1986 923 2041; x_wconf 80' lang='grc' dir='ltr'><em>σνμφοιτητήν.</em></span> 
     </span>
    </p>
   </div>
   <div class='ocr_carea' id='block_1_17' title="bbox 290 2044 953 2454">
    <p class='ocr_par' dir='ltr' id='par_1_19' title="bbox 290 2044 948 2179">
     <span class='ocr_line' id='line_1_38' title="bbox 334 2044 948 2092; baseline -0.01 -8"><span class='ocrx_word' id='word_1_195' title='bbox 334 2047 525 2092; x_wconf 82' lang='grc' dir='ltr'><em>θωπεύει]</em></span> <span class='ocrx_word' id='word_1_196' title='bbox 553 2044 757 2092; x_wconf 79' lang='grc' dir='ltr'><em>θεραπεύει</em></span> <span class='ocrx_word' id='word_1_197' title='bbox 781 2046 882 2081; x_wconf 89' lang='lat' dir='ltr'><strong>Vind.</strong></span> <span class='ocrx_word' id='word_1_198' title='bbox 906 2046 948 2078; x_wconf 93' lang='lat' dir='ltr'><em>F.</em></span> 
     </span>
     <span class='ocr_line' id='line_1_39' title="bbox 290 2095 950 2140; baseline -0.009 -10"><span class='ocrx_word' id='word_1_199' title='bbox 290 2098 375 2140; x_wconf 84' lang='lat' dir='ltr'><strong>Ang.</strong></span> <span class='ocrx_word' id='word_1_200' title='bbox 411 2096 448 2129; x_wconf 89' lang='lat' dir='ltr'><em>B.</em></span> <span class='ocrx_word' id='word_1_201' title='bbox 493 2095 585 2128; x_wconf 89' lang='lat' dir='ltr'><strong>Flor.</strong></span> <span class='ocrx_word' id='word_1_202' title='bbox 621 2095 664 2127; x_wconf 87' lang='lat' dir='ltr'><strong>R.</strong></span> <span class='ocrx_word' id='word_1_203' title='bbox 708 2096 743 2126; x_wconf 90' lang='lat' dir='ltr'><em>et</em></span> <span class='ocrx_word' id='word_1_204' title='bbox 775 2103 795 2125; x_wconf 86' lang='lat' dir='ltr'>a</span> <span class='ocrx_word' id='word_1_205' title='bbox 829 2104 872 2125; x_wconf 86' lang='lat' dir='ltr'><em>m.</em></span> <span class='ocrx_word' id='word_1_206' title='bbox 899 2103 950 2137; x_wconf 88' lang='lat' dir='ltr'><em>pr.</em></span> 
     </span>
     <span class='ocr_line' id='line_1_40' title="bbox 290 2143 438 2179; baseline -0.014 0"><span class='ocrx_word' id='word_1_207' title='bbox 290 2145 369 2179; x_wconf 84' lang='lat' dir='ltr'><strong>Vat.</strong></span> <span class='ocrx_word' id='word_1_208' title='bbox 396 2143 438 2177; x_wconf 93' lang='lat' dir='ltr'><em>H.</em></span> 
     </span>
    </p>

    <p class='ocr_par' dir='ltr' id='par_1_20' title="bbox 314 2181 952 2232">
     <span class='ocr_line' id='line_1_41' title="bbox 314 2181 952 2232; baseline -0.015 -8.641"><span class='ocrx_word' id='word_1_209' title='bbox 314 2185 601 2232; x_wconf 81' lang='grc' dir='ltr'><em>ὀλιγωροῦσιν]</em></span> <span class='ocrx_word' id='word_1_210' title='bbox 623 2182 843 2230; x_wconf 81' lang='grc' dir='ltr'><em>ὀλιγωροῦσι</em></span> <span class='ocrx_word' id='word_1_211' title='bbox 852 2181 952 2218; x_wconf 87' lang='lat' dir='ltr'><strong>Vind.</strong></span> 
     </span>
    </p>

    <p class='ocr_par' dir='ltr' id='par_1_21' title="bbox 290 2273 953 2454">
     <span class='ocr_line' id='line_1_42' title="bbox 341 2273 953 2334; baseline -0.008 -20"><span class='ocrx_word' id='word_1_212' title='bbox 341 2279 604 2334; x_wconf 79' lang='grc' dir='ltr'><em>διαμιλλῶνται</em></span> <span class='ocrx_word' id='word_1_213' title='bbox 624 2279 636 2321; x_wconf 92' lang='grc'><em>]</em></span> <span class='ocrx_word' id='word_1_214' title='bbox 729 2273 953 2320; x_wconf 76' lang='grc' dir='ltr'><em>οἷμιλλιδνται</em></span> 
     </span>
     <span class='ocr_line' id='line_1_43' title="bbox 291 2321 951 2368; baseline -0.008 -9"><span class='ocrx_word' id='word_1_215' title='bbox 291 2327 390 2362; x_wconf 81' lang='lat' dir='ltr'><strong>Vi.nd</strong></span> <span class='ocrx_word' id='word_1_216' title='bbox 424 2326 494 2359; x_wconf 88' lang='grc' dir='ltr'><em>ΒΕ.</em></span> <span class='ocrx_word' id='word_1_217' title='bbox 525 2321 751 2368; x_wconf 71' lang='grc' dir='ltr'><em>ἁμιλλῶνται</em></span> <span class='ocrx_word' id='word_1_218' title='bbox 778 2324 855 2356; x_wconf 80' lang='lat' dir='ltr'><strong>Vat.</strong></span> <span class='ocrx_word' id='word_1_219' title='bbox 876 2322 951 2355; x_wconf 91' lang='lat' dir='ltr'><em>BH.</em></span> 
     </span>
     <span class='ocr_line' id='line_1_44' title="bbox 290 2369 951 2415; baseline -0.008 -9"><span class='ocrx_word' id='word_1_220' title='bbox 290 2373 385 2406; x_wconf 81' lang='lat' dir='ltr'><strong>Flor.</strong></span> <span class='ocrx_word' id='word_1_221' title='bbox 412 2373 481 2405; x_wconf 88' lang='lat' dir='ltr'><em>CV.</em></span> <span class='ocrx_word' id='word_1_222' title='bbox 520 2377 554 2405; x_wconf 84' lang='lat' dir='ltr'><em>et</em></span> <span class='ocrx_word' id='word_1_223' title='bbox 585 2383 605 2404; x_wconf 90' lang='lat' dir='ltr'>a</span> <span class='ocrx_word' id='word_1_224' title='bbox 630 2382 671 2404; x_wconf 91' lang='lat' dir='ltr'><em>m.</em></span> <span class='ocrx_word' id='word_1_225' title='bbox 697 2381 748 2415; x_wconf 87' lang='lat' dir='ltr'><em>pr.</em></span> <span class='ocrx_word' id='word_1_226' title='bbox 792 2369 876 2403; x_wconf 88' lang='lat' dir='ltr'><strong>Ven.</strong></span> <span class='ocrx_word' id='word_1_227' title='bbox 911 2369 951 2402; x_wconf 89' lang='lat' dir='ltr'><em>B.</em></span> 
     </span>
     <span class='ocr_line' id='line_1_45' title="bbox 292 2417 635 2454; baseline -0.012 0"><span class='ocrx_word' id='word_1_228' title='bbox 292 2420 526 2454; x_wconf 72' lang='lat' dir='ltr'><strong><em>adversantur</em></strong></span> <span class='ocrx_word' id='word_1_229' title='bbox 558 2417 635 2450; x_wconf 87' lang='lat' dir='ltr'><strong>Fic.</strong></span> 
     </span>
    </p>
   </div>
   <div class='ocr_carea' id='block_1_18' title="bbox 292 2470 953 2806">
    <p class='ocr_par' dir='ltr' id='par_1_22' title="bbox 292 2470 952 2563">
     <span class='ocr_line' id='line_1_46' title="bbox 337 2470 952 2518; baseline -0.01 -8"><span class='ocrx_word' id='word_1_230' title='bbox 337 2474 459 2518; x_wconf 82' lang='grc' dir='ltr'><em>λόγοις</em></span> <span class='ocrx_word' id='word_1_231' title='bbox 483 2473 546 2507; x_wconf 86' lang='grc' dir='ltr'><em>καὶ</em></span> <span class='ocrx_word' id='word_1_232' title='bbox 580 2470 618 2507; x_wconf 80' lang='grc' dir='ltr'><em>ἐν</em></span> <span class='ocrx_word' id='word_1_233' title='bbox 651 2471 790 2517; x_wconf 72' lang='grc' dir='ltr'><em>ἔργοις]</em></span> <span class='ocrx_word' id='word_1_234' title='bbox 835 2471 952 2516; x_wconf 76' lang='grc' dir='ltr'><em>ἔργοις</em></span> 
     </span>
     <span class='ocr_line' id='line_1_47' title="bbox 292 2518 759 2563; baseline -0.015 -6"><span class='ocrx_word' id='word_1_235' title='bbox 292 2522 355 2557; x_wconf 83' lang='grc' dir='ltr'><em>καὶ</em></span> <span class='ocrx_word' id='word_1_236' title='bbox 381 2519 420 2556; x_wconf 78' lang='grc' dir='ltr'><em>ἐν</em></span> <span class='ocrx_word' id='word_1_237' title='bbox 449 2518 571 2563; x_wconf 84' lang='grc' dir='ltr'><em>λόγοις</em></span> <span class='ocrx_word' id='word_1_238' title='bbox 595 2519 694 2555; x_wconf 85' lang='lat' dir='ltr'><strong>Vind.</strong></span> <span class='ocrx_word' id='word_1_239' title='bbox 718 2519 759 2551; x_wconf 88' lang='lat' dir='ltr'><em>E.</em></span> 
     </span>
    </p>

    <p class='ocr_par' dir='ltr' id='par_1_23' title="bbox 294 2573 953 2806">
     <span class='ocr_line' id='line_1_48' title="bbox 339 2573 953 2623; baseline -0.007 -11"><span class='ocrx_word' id='word_1_240' title='bbox 339 2575 623 2623; x_wconf 82' lang='grc' dir='ltr'><em>ξυγκαθιέντες]</em></span> <span class='ocrx_word' id='word_1_241' title='bbox 694 2573 953 2620; x_wconf 79' lang='grc' dir='ltr'><em>συγκαθιέντες</em></span> 
     </span>
     <span class='ocr_line' id='line_1_49' title="bbox 294 2620 950 2677; baseline -0.011 -16"><span class='ocrx_word' id='word_1_242' title='bbox 294 2627 386 2661; x_wconf 89' lang='grc' dir='ltr'><em>Μοιι.</em></span> <span class='ocrx_word' id='word_1_243' title='bbox 422 2625 461 2658; x_wconf 89' lang='grc' dir='ltr'><strong>Β.</strong></span> <span class='ocrx_word' id='word_1_244' title='bbox 500 2620 756 2677; x_wconf 81' lang='grc' dir='ltr'><em>συγκατιέντες</em></span> <span class='ocrx_word' id='word_1_245' title='bbox 796 2623 872 2656; x_wconf 82' lang='lat' dir='ltr'><strong>Par.</strong></span> <span class='ocrx_word' id='word_1_246' title='bbox 906 2621 950 2655; x_wconf 89' lang='grc' dir='ltr'><em>Κ.</em></span> 
     </span>
     <span class='ocr_line' id='line_1_50' title="bbox 294 2666 951 2711; baseline -0.009 -5"><span class='ocrx_word' id='word_1_247' title='bbox 294 2666 838 2711; x_wconf 72' lang='grc' dir='ltr'><em>5εο.ΒοΙ(1(.σνγκρατιε’ντες</em></span> <span class='ocrx_word' id='word_1_248' title='bbox 882 2679 951 2701; x_wconf 86' lang='lat' dir='ltr'><strong>sec.</strong></span> 
     </span>
     <span class='ocr_line' id='line_1_51' title="bbox 295 2714 952 2763; baseline -0.009 -11"><span class='ocrx_word' id='word_1_249' title='bbox 295 2720 334 2752; x_wconf 77' lang='lat' dir='ltr'><em>Bi</em></span> <span class='ocrx_word' id='word_1_250' title='bbox 326 2731 370 2763; x_wconf 92' lang='lat' dir='ltr'><em>p.</em></span> <span class='ocrx_word' id='word_1_251' title='bbox 388 2715 668 2760; x_wconf 78' lang='grc' dir='ltr'><em>συγκαθίζοντες</em></span> <span class='ocrx_word' id='word_1_252' title='bbox 689 2714 856 2747; x_wconf 85' lang='lat' dir='ltr'><strong>editiones</strong></span> <span class='ocrx_word' id='word_1_253' title='bbox 874 2717 952 2746; x_wconf 84' lang='lat' dir='ltr'><strong>ante</strong></span> 
     </span>
     <span class='ocr_line' id='line_1_52' title="bbox 296 2760 952 2806; baseline -0.009 -8"><span class='ocrx_word' id='word_1_254' title='bbox 296 2765 507 2804; x_wconf 80' lang='lat' dir='ltr'><strong>Bekkerum,</strong></span> <span class='ocrx_word' id='word_1_255' title='bbox 545 2761 635 2806; x_wconf 90' lang='lat' dir='ltr'><strong>quod</strong></span> <span class='ocrx_word' id='word_1_256' title='bbox 665 2760 952 2794; x_wconf 82' lang='lat' dir='ltr'><strong>Schleiermache-</strong></span> 
     </span>
    </p>
   </div>
   <div class='ocr_carea' id='block_1_19' title="bbox 1001 988 1677 2802">
    <p class='ocr_par' dir='ltr' id='par_1_24' title="bbox 1001 988 1666 1678">
     <span class='ocr_line' id='line_1_53' title="bbox 1003 988 1661 1034; baseline -0.006 -9"><span class='ocrx_word' id='word_1_257' title='bbox 1003 994 1221 1026; x_wconf 87' lang='lat' dir='ltr'><strong>rus-secutus</strong></span> <span class='ocrx_word' id='word_1_258' title='bbox 1245 994 1309 1024; x_wconf 84' lang='lat' dir='ltr'><strong>est.</strong></span> <span class='ocrx_word' id='word_1_259' title='bbox 1340 990 1425 1034; x_wconf 77' lang='lat' dir='ltr'><em>(die</em></span> <span class='ocrx_word' id='word_1_260' title='bbox 1451 991 1551 1023; x_wconf 70' lang='lat' dir='ltr'><em>Alcen</em></span> <span class='ocrx_word' id='word_1_261' title='bbox 1578 988 1661 1021; x_wconf 83' lang='lat' dir='ltr'><em>aber</em></span> 
     </span>
     <span class='ocr_line' id='line_1_54' title="bbox 1003 1035 1661 1079; baseline -0.006 -9"><span class='ocrx_word' id='word_1_262' title='bbox 1003 1050 1102 1071; x_wconf 73' lang='lat' dir='ltr'><strong>sczen</strong></span> <span class='ocrx_word' id='word_1_263' title='bbox 1127 1039 1200 1070; x_wconf 83' lang='lat' dir='ltr'><em>sich</em></span> <span class='ocrx_word' id='word_1_264' title='bbox 1231 1044 1328 1070; x_wconf 62' lang='lat' dir='ltr'><em>unser</em></span> <span class='ocrx_word' id='word_1_265' title='bbox 1360 1038 1415 1070; x_wconf 79' lang='lat' dir='ltr'><em>die</em></span> <span class='ocrx_word' id='word_1_266' title='bbox 1441 1035 1591 1079; x_wconf 70' lang='lat' dir='ltr'><strong>sug-end.</strong></span> <span class='ocrx_word' id='word_1_267' title='bbox 1615 1053 1661 1058; x_wconf 90' lang='lat'>—</span> 
     </span>
     <span class='ocr_line' id='line_1_55' title="bbox 1004 1081 1662 1126; baseline -0.006 -9"><span class='ocrx_word' id='word_1_268' title='bbox 1004 1085 1175 1117; x_wconf 76' lang='lat' dir='ltr'><em>iuniorum</em></span> <span class='ocrx_word' id='word_1_269' title='bbox 1193 1088 1319 1126; x_wconf 74' lang='lat' dir='ltr'><strong>gerunt</strong></span> <span class='ocrx_word' id='word_1_270' title='bbox 1332 1084 1436 1115; x_wconf 73' lang='lat' dir='ltr'><em>vicem</em></span> <span class='ocrx_word' id='word_1_271' title='bbox 1449 1082 1488 1115; x_wconf 99' lang='grc' dir='ltr'><strong>Ε</strong></span> <span class='ocrx_word' id='word_1_272' title='bbox 1481 1081 1662 1124; x_wconf 87' lang='lat' dir='ltr'><strong>1c.)Phry—</strong></span> 
     </span>
     <span class='ocr_line' id='line_1_56' title="bbox 1004 1130 1661 1185; baseline -0.005 -23"><span class='ocrx_word' id='word_1_273' title='bbox 1004 1130 1121 1163; x_wconf 86' lang='lat' dir='ltr'><strong>nichus</strong></span> <span class='ocrx_word' id='word_1_274' title='bbox 1153 1130 1236 1173; x_wconf 83' lang='lat' dir='ltr'><strong>epit</strong></span> <span class='ocrx_word' id='word_1_275' title='bbox 1280 1140 1311 1185; x_wconf 78' lang='lat' dir='ltr'><strong>p</strong></span> <span class='ocrx_word' id='word_1_276' title='bbox 1349 1130 1443 1162; x_wconf 72' lang='lat'><em>398:</em></span> <span class='ocrx_word' id='word_1_277' title='bbox 1486 1137 1661 1170; x_wconf 83' lang='grc' dir='ltr'><em>συγκατα-</em></span> 
     </span>
     <span class='ocr_line' id='line_1_57' title="bbox 1006 1171 1662 1227; baseline -0.006 -19"><span class='ocrx_word' id='word_1_278' title='bbox 1006 1175 1148 1220; x_wconf 78' lang='grc' dir='ltr'><em>βαίνειν</em></span> <span class='ocrx_word' id='word_1_279' title='bbox 1174 1175 1225 1213; x_wconf 86' lang='grc' dir='ltr'><em>εἰς</em></span> <span class='ocrx_word' id='word_1_280' title='bbox 1250 1174 1317 1214; x_wconf 77' lang='grc' dir='ltr'><em>τὰς</em></span> <span class='ocrx_word' id='word_1_281' title='bbox 1349 1171 1507 1216; x_wconf 78' lang='grc' dir='ltr'><em>σκέψεις,</em></span> <span class='ocrx_word' id='word_1_282' title='bbox 1533 1183 1662 1227; x_wconf 84' lang='grc' dir='ltr'><em>συγκα-</em></span> 
     </span>
     <span class='ocr_line' id='line_1_58' title="bbox 1003 1215 1660 1276; baseline -0.006 -21"><span class='ocrx_word' id='word_1_283' title='bbox 1003 1221 1197 1276; x_wconf 87' lang='grc' dir='ltr'><em>ταβαίνειν</em></span> <span class='ocrx_word' id='word_1_284' title='bbox 1240 1220 1291 1260; x_wconf 88' lang='grc' dir='ltr'><em>εἰς</em></span> <span class='ocrx_word' id='word_1_285' title='bbox 1331 1218 1569 1257; x_wconf 83' lang='grc' dir='ltr'><em>διδασκαλίας</em></span> <span class='ocrx_word' id='word_1_286' title='bbox 1611 1215 1660 1260; x_wconf 91' lang='grc' dir='ltr'><em>μὴ</em></span> 
     </span>
     <span class='ocr_line' id='line_1_59' title="bbox 1003 1262 1663 1312; baseline -0.006 -12"><span class='ocrx_word' id='word_1_287' title='bbox 1003 1267 1129 1312; x_wconf 81' lang='grc' dir='ltr'><em>εἱπῃς,</em></span> <span class='ocrx_word' id='word_1_288' title='bbox 1175 1263 1264 1300; x_wconf 80' lang='grc' dir='ltr'><em>αλλὰ</em></span> <span class='ocrx_word' id='word_1_289' title='bbox 1313 1277 1378 1309; x_wconf 86' lang='grc' dir='ltr'><em>συγ</em></span> <span class='ocrx_word' id='word_1_290' title='bbox 1380 1262 1556 1300; x_wconf 78' lang='grc' dir='ltr'><em>καθιέναι</em></span> <span class='ocrx_word' id='word_1_291' title='bbox 1601 1262 1663 1297; x_wconf 83' lang='grc' dir='ltr'><em>καὶ</em></span> 
     </span>
     <span class='ocr_line' id='line_1_60' title="bbox 1004 1305 1663 1368; baseline -0.008 -21"><span class='ocrx_word' id='word_1_292' title='bbox 1004 1313 1237 1368; x_wconf 77' lang='grc' dir='ltr'><em>συγκαθῆκεν</em></span> <span class='ocrx_word' id='word_1_293' title='bbox 1263 1311 1312 1351; x_wconf 85' lang='grc' dir='ltr'><em>εἰς</em></span> <span class='ocrx_word' id='word_1_294' title='bbox 1336 1310 1378 1346; x_wconf 88' lang='grc' dir='ltr'><em>τὸ</em></span> <span class='ocrx_word' id='word_1_295' title='bbox 1403 1311 1546 1352; x_wconf 82' lang='grc' dir='ltr'><em>παίζειν</em></span> <span class='ocrx_word' id='word_1_296' title='bbox 1565 1305 1588 1354; x_wconf 81' lang='grc' dir='ltr'><em>ἢ</em></span> <span class='ocrx_word' id='word_1_297' title='bbox 1612 1309 1663 1348; x_wconf 77' lang='grc' dir='ltr'><em>εἰς</em></span> 
     </span>
     <span class='ocr_line' id='line_1_61' title="bbox 1005 1355 1664 1400; baseline -0.006 -8"><span class='ocrx_word' id='word_1_298' title='bbox 1005 1356 1092 1392; x_wconf 77' lang='grc' dir='ltr'><em>ἄλλο</em></span> <span class='ocrx_word' id='word_1_299' title='bbox 1124 1371 1171 1392; x_wconf 91' lang='grc' dir='ltr'><em>τι.</em></span> <span class='ocrx_word' id='word_1_300' title='bbox 1229 1359 1322 1391; x_wconf 87' lang='lat' dir='ltr'>Idem</span> <span class='ocrx_word' id='word_1_301' title='bbox 1353 1358 1502 1391; x_wconf 82' lang='lat' dir='ltr'>Thomas</span> <span class='ocrx_word' id='word_1_302' title='bbox 1544 1355 1664 1400; x_wconf 85' lang='lat' dir='ltr'><strong>(cuius</strong></span> 
     </span>
     <span class='ocr_line' id='line_1_62' title="bbox 1002 1401 1663 1448; baseline -0.006 -10"><span class='ocrx_word' id='word_1_303' title='bbox 1002 1406 1108 1438; x_wconf 82' lang='lat' dir='ltr'>codex</span> <span class='ocrx_word' id='word_1_304' title='bbox 1142 1405 1238 1437; x_wconf 84' lang='lat' dir='ltr'><strong>Leid.</strong></span> <span class='ocrx_word' id='word_1_305' title='bbox 1265 1416 1315 1448; x_wconf 86' lang='lat' dir='ltr'><em>pr.</em></span> <span class='ocrx_word' id='word_1_306' title='bbox 1340 1409 1378 1437; x_wconf 90' lang='lat' dir='ltr'><em>ut</em></span> <span class='ocrx_word' id='word_1_307' title='bbox 1402 1402 1583 1446; x_wconf 83' lang='lat' dir='ltr'><strong>Phrynichi</strong></span> <span class='ocrx_word' id='word_1_308' title='bbox 1609 1401 1663 1435; x_wconf 87' lang='lat' dir='ltr'><em>ed.</em></span> 
     </span>
     <span class='ocr_line' id='line_1_63' title="bbox 1001 1447 1663 1496; baseline -0.006 -12"><span class='ocrx_word' id='word_1_309' title='bbox 1001 1463 1054 1496; x_wconf 86' lang='lat' dir='ltr'><em>pr.</em></span> <span class='ocrx_word' id='word_1_310' title='bbox 1102 1451 1240 1491; x_wconf 85' lang='lat' dir='ltr'>eodem,</span> <span class='ocrx_word' id='word_1_311' title='bbox 1288 1462 1353 1493; x_wconf 83' lang='lat' dir='ltr'><em>qno</em></span> <span class='ocrx_word' id='word_1_312' title='bbox 1386 1450 1466 1482; x_wconf 88' lang='lat' dir='ltr'><strong>Par.</strong></span> <span class='ocrx_word' id='word_1_313' title='bbox 1502 1449 1546 1481; x_wconf 84' lang='lat' dir='ltr'><em>K.</em></span> <span class='ocrx_word' id='word_1_314' title='bbox 1581 1447 1663 1481; x_wconf 80' lang='lat' dir='ltr'><strong>vitio</strong></span> 
     </span>
     <span class='ocr_line' id='line_1_64' title="bbox 1002 1494 1666 1540; baseline -0.006 -10"><span class='ocrx_word' id='word_1_315' title='bbox 1002 1494 1237 1540; x_wconf 80' lang='grc' dir='ltr'><em>σνγκατιέναι</em></span> <span class='ocrx_word' id='word_1_316' title='bbox 1267 1496 1394 1538; x_wconf 85' lang='lat' dir='ltr'><strong>habet)</strong></span> <span class='ocrx_word' id='word_1_317' title='bbox 1430 1499 1464 1528; x_wconf 87' lang='lat' dir='ltr'><em>et</em></span> <span class='ocrx_word' id='word_1_318' title='bbox 1499 1494 1666 1527; x_wconf 82' lang='lat' dir='ltr'><strong>Phabori-</strong></span> 
     </span>
     <span class='ocr_line' id='line_1_65' title="bbox 1001 1541 1666 1585; baseline -0.006 -9"><span class='ocrx_word' id='word_1_319' title='bbox 1001 1555 1064 1576; x_wconf 89' lang='lat' dir='ltr'><em>nus</em></span> <span class='ocrx_word' id='word_1_320' title='bbox 1110 1546 1266 1575; x_wconf 77' lang='lat' dir='ltr'><strong>asseiunt</strong></span> <span class='ocrx_word' id='word_1_321' title='bbox 1315 1541 1541 1585; x_wconf 75' lang='lat' dir='ltr'><strong>exemplisque</strong></span> <span class='ocrx_word' id='word_1_322' title='bbox 1584 1551 1666 1583; x_wconf 88' lang='lat' dir='ltr'><strong>pro-</strong></span> 
     </span>
     <span class='ocr_line' id='line_1_66' title="bbox 1001 1586 1664 1622; baseline -0.006 0"><span class='ocrx_word' id='word_1_323' title='bbox 1001 1590 1085 1622; x_wconf 81' lang='lat' dir='ltr'><strong>bant</strong></span> <span class='ocrx_word' id='word_1_324' title='bbox 1109 1588 1302 1621; x_wconf 84' lang='lat' dir='ltr'><strong>Lobe‹k1us</strong></span> <span class='ocrx_word' id='word_1_325' title='bbox 1328 1593 1363 1620; x_wconf 80' lang='lat' dir='ltr'><em>et</em></span> <span class='ocrx_word' id='word_1_326' title='bbox 1386 1586 1664 1620; x_wconf 85' lang='lat' dir='ltr'><strong>Hemsterhusius</strong></span> 
     </span>
     <span class='ocr_line' id='line_1_67' title="bbox 1001 1636 1213 1678; baseline -0.015 -9"><span class='ocrx_word' id='word_1_327' title='bbox 1001 1646 1035 1678; x_wconf 95' lang='lat' dir='ltr'><strong>p</strong></span> <span class='ocrx_word' id='word_1_328' title='bbox 1059 1636 1136 1669; x_wconf 84' lang='lat'><strong>815.</strong></span> <span class='ocrx_word' id='word_1_329' title='bbox 1162 1646 1213 1678; x_wconf 86' lang='lat' dir='ltr'><em>sq.</em></span> 
     </span>
    </p>

    <p class='ocr_par' dir='ltr' id='par_1_25' title="bbox 1002 1674 1666 1817">
     <span class='ocr_line' id='line_1_68' title="bbox 1049 1674 1666 1722; baseline -0.003 -10"><span class='ocrx_word' id='word_1_330' title='bbox 1049 1677 1295 1722; x_wconf 78' lang='grc' dir='ltr'><em>ἐμπίπλανται</em></span> <span class='ocrx_word' id='word_1_331' title='bbox 1308 1679 1320 1721; x_wconf 88' lang='grc'><em>]</em></span> <span class='ocrx_word' id='word_1_332' title='bbox 1397 1674 1666 1720; x_wconf 74' lang='grc' dir='ltr'><em>ἐμπίμπλανται</em></span> 
     </span>
     <span class='ocr_line' id='line_1_69' title="bbox 1002 1723 1662 1760; baseline -0.005 0"><span class='ocrx_word' id='word_1_333' title='bbox 1002 1727 1081 1760; x_wconf 84' lang='lat' dir='ltr'><strong>Par.</strong></span> <span class='ocrx_word' id='word_1_334' title='bbox 1113 1726 1157 1759; x_wconf 89' lang='lat' dir='ltr'><em>K.</em></span> <span class='ocrx_word' id='word_1_335' title='bbox 1190 1736 1258 1758; x_wconf 87' lang='lat' dir='ltr'><strong>sec.</strong></span> <span class='ocrx_word' id='word_1_336' title='bbox 1290 1724 1399 1758; x_wconf 79' lang='lat' dir='ltr'><strong>Bekk.</strong></span> <span class='ocrx_word' id='word_1_337' title='bbox 1434 1724 1490 1757; x_wconf 82' lang='lat' dir='ltr'><em>Cf.</em></span> <span class='ocrx_word' id='word_1_338' title='bbox 1524 1724 1599 1758; x_wconf 89' lang='lat' dir='ltr'><strong>Vol.</strong></span> <span class='ocrx_word' id='word_1_339' title='bbox 1633 1723 1662 1757; x_wconf 95' lang='lat' dir='ltr'><em>I.</em></span> 
     </span>
     <span class='ocr_line' id='line_1_70' title="bbox 1003 1773 1197 1817; baseline -0.016 -11"><span class='ocrx_word' id='word_1_340' title='bbox 1003 1785 1037 1817; x_wconf 93' lang='lat' dir='ltr'><em>p.</em></span> <span class='ocrx_word' id='word_1_341' title='bbox 1062 1773 1141 1811; x_wconf 72' lang='lat'><em>233,</em></span> <span class='ocrx_word' id='word_1_342' title='bbox 1167 1783 1197 1803; x_wconf 77' lang='lat' dir='ltr'><em>a.</em></span> 
     </span>
    </p>

    <p class='ocr_par' dir='ltr' id='par_1_26' title="bbox 1052 1814 1677 1860">
     <span class='ocr_line' id='line_1_71' title="bbox 1052 1814 1677 1860; baseline -0.005 -9"><span class='ocrx_word' id='word_1_343' title='bbox 1052 1818 1113 1851; x_wconf 78' lang='grc' dir='ltr'><em>ἵνα</em></span> <span class='ocrx_word' id='word_1_344' title='bbox 1138 1815 1210 1860; x_wconf 88' lang='grc' dir='ltr'><em>δὴ]</em></span> <span class='ocrx_word' id='word_1_345' title='bbox 1238 1814 1282 1859; x_wconf 88' lang='grc' dir='ltr'><em>δὴ</em></span> <span class='ocrx_word' id='word_1_346' title='bbox 1311 1829 1374 1849; x_wconf 85' lang='lat' dir='ltr'><em>om.</em></span> <span class='ocrx_word' id='word_1_347' title='bbox 1401 1815 1484 1849; x_wconf 90' lang='lat' dir='ltr'><strong>Lob.</strong></span> <span class='ocrx_word' id='word_1_348' title='bbox 1497 1817 1575 1850; x_wconf 81' lang='lat' dir='ltr'><strong>Vat.</strong></span> <span class='ocrx_word' id='word_1_349' title='bbox 1586 1815 1677 1849; x_wconf 59' lang='lat' dir='ltr'><em>BM„</em></span> 
     </span>
    </p>

    <p class='ocr_par' dir='ltr' id='par_1_27' title="bbox 1051 1869 1583 1917">
     <span class='ocr_line' id='line_1_72' title="bbox 1051 1869 1583 1917; baseline -0.004 -10"><span class='ocrx_word' id='word_1_350' title='bbox 1051 1871 1092 1908; x_wconf 83' lang='grc' dir='ltr'><em>δέ</em></span> <span class='ocrx_word' id='word_1_351' title='bbox 1117 1874 1177 1917; x_wconf 86' lang='grc' dir='ltr'><em>γε]</em></span> <span class='ocrx_word' id='word_1_352' title='bbox 1207 1870 1249 1906; x_wconf 84' lang='grc' dir='ltr'><em>δέ</em></span> <span class='ocrx_word' id='word_1_353' title='bbox 1273 1869 1309 1916; x_wconf 82' lang='grc' dir='ltr'><em>γ’</em></span> <span class='ocrx_word' id='word_1_354' title='bbox 1334 1875 1409 1906; x_wconf 86' lang='lat' dir='ltr'><strong>Ast.</strong></span> <span class='ocrx_word' id='word_1_355' title='bbox 1438 1884 1490 1917; x_wconf 86' lang='lat' dir='ltr'><em>pr.</em></span> <span class='ocrx_word' id='word_1_356' title='bbox 1515 1884 1583 1906; x_wconf 81' lang='lat' dir='ltr'><strong>sec.</strong></span> 
     </span>
    </p>

    <p class='ocr_par' dir='ltr' id='par_1_28' title="bbox 1004 1928 1666 2480">
     <span class='ocr_line' id='line_1_73' title="bbox 1050 1928 1666 1974; baseline -0.006 -10"><span class='ocrx_word' id='word_1_357' title='bbox 1050 1931 1119 1965; x_wconf 86' lang='grc' dir='ltr'><em>τοῦ</em></span> <span class='ocrx_word' id='word_1_358' title='bbox 1152 1928 1347 1974; x_wconf 76' lang='grc' dir='ltr'><em>πλήθους]</em></span> <span class='ocrx_word' id='word_1_359' title='bbox 1384 1929 1483 1973; x_wconf 76' lang='lat' dir='ltr'><em>vulgi</em></span> <span class='ocrx_word' id='word_1_360' title='bbox 1505 1928 1579 1961; x_wconf 87' lang='lat' dir='ltr'><strong>Fic.</strong></span> <span class='ocrx_word' id='word_1_361' title='bbox 1603 1939 1666 1961; x_wconf 81' lang='lat' dir='ltr'><em>nec</em></span> 
     </span>
     <span class='ocr_line' id='line_1_74' title="bbox 1006 1975 1664 2011; baseline -0.008 0"><span class='ocrx_word' id='word_1_362' title='bbox 1006 1978 1104 2011; x_wconf 82' lang='lat' dir='ltr'>ahter</span> <span class='ocrx_word' id='word_1_363' title='bbox 1129 1975 1463 2009; x_wconf 76' lang='lat' dir='ltr'><strong>Schleiermacheius</strong></span> <span class='ocrx_word' id='word_1_364' title='bbox 1487 1979 1522 2007; x_wconf 85' lang='lat' dir='ltr'><em>et</em></span> <span class='ocrx_word' id='word_1_365' title='bbox 1545 1975 1664 2009; x_wconf 85' lang='lat' dir='ltr'><strong>Astius</strong></span> 
     </span>
     <span class='ocr_line' id='line_1_75' title="bbox 1004 2021 1666 2076; baseline -0.006 -20"><span class='ocrx_word' id='word_1_366' title='bbox 1004 2025 1279 2076; x_wconf 80' lang='lat' dir='ltr'><strong>interpretantur.</strong></span> <span class='ocrx_word' id='word_1_367' title='bbox 1327 2021 1494 2065; x_wconf 84' lang='lat' dir='ltr'>Equidem</span> <span class='ocrx_word' id='word_1_368' title='bbox 1525 2023 1666 2064; x_wconf 79' lang='lat' dir='ltr'><strong>propter</strong></span> 
     </span>
     <span class='ocr_line' id='line_1_76' title="bbox 1006 2064 1666 2113; baseline -0.006 -11"><span class='ocrx_word' id='word_1_369' title='bbox 1006 2079 1151 2113; x_wconf 79' lang='lat' dir='ltr'><strong>sequens</strong></span> <span class='ocrx_word' id='word_1_370' title='bbox 1185 2064 1274 2102; x_wconf 82' lang='grc' dir='ltr'><em>ὅσον</em></span> <span class='ocrx_word' id='word_1_371' title='bbox 1303 2070 1337 2100; x_wconf 89' lang='lat' dir='ltr'><em>et</em></span> <span class='ocrx_word' id='word_1_372' title='bbox 1362 2066 1451 2111; x_wconf 91' lang='lat' dir='ltr'><strong>quod</strong></span> <span class='ocrx_word' id='word_1_373' title='bbox 1476 2065 1567 2099; x_wconf 84' lang='lat' dir='ltr'><strong>servi</strong></span> <span class='ocrx_word' id='word_1_374' title='bbox 1591 2077 1666 2099; x_wconf 84' lang='lat' dir='ltr'><strong>ser—</strong></span> 
     </span>
     <span class='ocr_line' id='line_1_77' title="bbox 1005 2109 1664 2168; baseline -0.005 -21"><span class='ocrx_word' id='word_1_375' title='bbox 1005 2126 1136 2158; x_wconf 84' lang='lat' dir='ltr'><strong>vaeque</strong></span> <span class='ocrx_word' id='word_1_376' title='bbox 1161 2126 1224 2147; x_wconf 92' lang='lat' dir='ltr'><em>non</em></span> <span class='ocrx_word' id='word_1_377' title='bbox 1249 2118 1327 2147; x_wconf 81' lang='lat' dir='ltr'><strong>sunt</strong></span> <span class='ocrx_word' id='word_1_378' title='bbox 1342 2124 1441 2168; x_wconf 85' lang='lat' dir='ltr'><strong>pars</strong></span> <span class='ocrx_word' id='word_1_379' title='bbox 1475 2111 1542 2145; x_wconf 82' lang='grc' dir='ltr'><em>τοῦ</em></span> <span class='ocrx_word' id='word_1_380' title='bbox 1575 2109 1664 2155; x_wconf 88' lang='grc' dir='ltr'><em>πλή-</em></span> 
     </span>
     <span class='ocr_line' id='line_1_78' title="bbox 1005 2156 1665 2214; baseline -0.008 -19"><span class='ocrx_word' id='word_1_381' title='bbox 1005 2162 1124 2202; x_wconf 79' lang='grc' dir='ltr'><em>θους,</em></span> <span class='ocrx_word' id='word_1_382' title='bbox 1158 2161 1221 2193; x_wconf 90' lang='lat' dir='ltr'><em>hoc</em></span> <span class='ocrx_word' id='word_1_383' title='bbox 1245 2160 1287 2192; x_wconf 83' lang='lat' dir='ltr'><em>ad</em></span> <span class='ocrx_word' id='word_1_384' title='bbox 1311 2156 1353 2193; x_wconf 85' lang='grc' dir='ltr'><em>τὸ</em></span> <span class='ocrx_word' id='word_1_385' title='bbox 1390 2156 1543 2214; x_wconf 86' lang='grc' dir='ltr'><em>ε’σχατον</em></span> <span class='ocrx_word' id='word_1_386' title='bbox 1574 2159 1665 2191; x_wconf 84' lang='lat' dir='ltr'><strong>refe-</strong></span> 
     </span>
     <span class='ocr_line' id='line_1_79' title="bbox 1006 2201 1666 2249; baseline -0.006 -9"><span class='ocrx_word' id='word_1_387' title='bbox 1006 2207 1143 2240; x_wconf 86' lang='lat' dir='ltr'><strong>rendum</strong></span> <span class='ocrx_word' id='word_1_388' title='bbox 1185 2210 1220 2238; x_wconf 89' lang='lat' dir='ltr'><em>et</em></span> <span class='ocrx_word' id='word_1_389' title='bbox 1262 2206 1332 2239; x_wconf 89' lang='grc' dir='ltr'><em>πλ</em></span> <span class='ocrx_word' id='word_1_390' title='bbox 1311 2206 1408 2249; x_wconf 80' lang='grc' dir='ltr'><em>ηθος</em></span> <span class='ocrx_word' id='word_1_391' title='bbox 1453 2201 1666 2247; x_wconf 78' lang='grc' dir='ltr'><em>ἐλευθερίας</em></span> 
     </span>
     <span class='ocr_line' id='line_1_80' title="bbox 1007 2249 1666 2304; baseline -0.008 -18"><span class='ocrx_word' id='word_1_392' title='bbox 1007 2251 1272 2296; x_wconf 79' lang='lat' dir='ltr'><strong>magnitudinem</strong></span> <span class='ocrx_word' id='word_1_393' title='bbox 1318 2250 1486 2304; x_wconf 51' lang='lat' dir='ltr'><strong>libent-:itis</strong></span> <span class='ocrx_word' id='word_1_394' title='bbox 1541 2249 1666 2283; x_wconf 81' lang='lat' dir='ltr'><strong>dictum</strong></span> 
     </span>
     <span class='ocr_line' id='line_1_81' title="bbox 1008 2294 1663 2343; baseline -0.005 -12"><span class='ocrx_word' id='word_1_395' title='bbox 1008 2304 1108 2343; x_wconf 91' lang='lat' dir='ltr'><strong>puto</strong></span> <span class='ocrx_word' id='word_1_396' title='bbox 1133 2303 1171 2331; x_wconf 92' lang='lat' dir='ltr'><em>ut</em></span> <span class='ocrx_word' id='word_1_397' title='bbox 1194 2298 1340 2340; x_wconf 76' lang='grc' dir='ltr'><em>πλῆθος</em></span> <span class='ocrx_word' id='word_1_398' title='bbox 1363 2294 1500 2340; x_wconf 84' lang='grc' dir='ltr'><em>χρόνον</em></span> <span class='ocrx_word' id='word_1_399' title='bbox 1518 2296 1663 2329; x_wconf 76' lang='lat' dir='ltr'><strong>Theaet-</strong></span> 
     </span>
     <span class='ocr_line' id='line_1_82' title="bbox 1010 2339 1665 2389; baseline -0.006 -11"><span class='ocrx_word' id='word_1_400' title='bbox 1010 2357 1042 2389; x_wconf 93' lang='lat' dir='ltr'><em>p.</em></span> <span class='ocrx_word' id='word_1_401' title='bbox 1057 2346 1131 2378; x_wconf 87' lang='lat'><strong>158.</strong></span> <span class='ocrx_word' id='word_1_402' title='bbox 1150 2344 1190 2377; x_wconf 93' lang='lat' dir='ltr'><em>D.</em></span> <span class='ocrx_word' id='word_1_403' title='bbox 1217 2345 1336 2386; x_wconf 83' lang='lat' dir='ltr'><strong>Thucy</strong></span> <span class='ocrx_word' id='word_1_404' title='bbox 1341 2344 1372 2377; x_wconf 79' lang='lat' dir='ltr'><em>d.</em></span> <span class='ocrx_word' id='word_1_405' title='bbox 1397 2343 1425 2376; x_wconf 94' lang='lat' dir='ltr'><em>I.</em></span> <span class='ocrx_word' id='word_1_406' title='bbox 1448 2345 1475 2377; x_wconf 87' lang='lat'><em>1.</em></span> <span class='ocrx_word' id='word_1_407' title='bbox 1502 2347 1537 2375; x_wconf 85' lang='lat' dir='ltr'><em>et</em></span> <span class='ocrx_word' id='word_1_408' title='bbox 1562 2339 1665 2375; x_wconf 70' lang='grc' dir='ltr'><em>ἀσελ-</em></span> 
     </span>
     <span class='ocr_line' id='line_1_83' title="bbox 1008 2388 1664 2434; baseline -0.006 -10"><span class='ocrx_word' id='word_1_409' title='bbox 1008 2391 1107 2434; x_wconf 83' lang='grc' dir='ltr'><em>γείας</em></span> <span class='ocrx_word' id='word_1_410' title='bbox 1145 2389 1207 2423; x_wconf 84' lang='grc' dir='ltr'><em>καὶ</em></span> <span class='ocrx_word' id='word_1_411' title='bbox 1250 2389 1462 2430; x_wconf 82' lang='grc' dir='ltr'><em>πλεονεξίας</em></span> <span class='ocrx_word' id='word_1_412' title='bbox 1491 2388 1664 2422; x_wconf 82' lang='lat' dir='ltr'><strong>Demosth.</strong></span> 
     </span>
     <span class='ocr_line' id='line_1_84' title="bbox 1008 2435 1518 2492; baseline -0.004 -23"><span class='ocrx_word' id='word_1_413' title='bbox 1008 2436 1152 2492; x_wconf 86' lang='lat' dir='ltr'><strong>Philipp.</strong></span> <span class='ocrx_word' id='word_1_414' title='bbox 1178 2436 1259 2469; x_wconf 81' lang='lat'><strong>1111.</strong></span> <span class='ocrx_word' id='word_1_415' title='bbox 1285 2437 1321 2489; x_wconf 77' lang='lat'><em>§.</em></span> <span class='ocrx_word' id='word_1_416' title='bbox 1343 2437 1375 2469; x_wconf 72' lang='lat'><em>2.</em></span> <span class='ocrx_word' id='word_1_417' title='bbox 1409 2435 1518 2469; x_wconf 81' lang='lat' dir='ltr'><strong>Bekk.</strong></span> 
     </span>
    </p>

    <p class='ocr_par' dir='ltr' id='par_1_29' title="bbox 1053 2478 1618 2538">
     <span class='ocr_line' id='line_1_85' title="bbox 1053 2478 1618 2538; baseline -0.002 -24"><span class='ocrx_word' id='word_1_418' title='bbox 1053 2479 1282 2538; x_wconf 79' lang='grc' dir='ltr'><em>ἐωνημένοι]</em></span> <span class='ocrx_word' id='word_1_419' title='bbox 1311 2478 1512 2524; x_wconf 68' lang='grc' dir='ltr'><em>ἐωνημένοι</em></span> <span class='ocrx_word' id='word_1_420' title='bbox 1532 2480 1618 2513; x_wconf 89' lang='lat' dir='ltr'><strong>Lob.</strong></span> 
     </span>
    </p>

    <p class='ocr_par' dir='ltr' id='par_1_30' title="bbox 1007 2523 1667 2665">
     <span class='ocr_line' id='line_1_86' title="bbox 1055 2523 1667 2571; baseline -0.005 -10"><span class='ocrx_word' id='word_1_421' title='bbox 1055 2527 1094 2561; x_wconf 77' lang='grc' dir='ltr'><em>αἱ</em></span> <span class='ocrx_word' id='word_1_422' title='bbox 1143 2525 1368 2571; x_wconf 78' lang='grc' dir='ltr'><em>ἐωνημέναι]</em></span> <span class='ocrx_word' id='word_1_423' title='bbox 1440 2523 1667 2569; x_wconf 81' lang='grc' dir='ltr'><em>αὶωνημέναι</em></span> 
     </span>
     <span class='ocr_line' id='line_1_87' title="bbox 1007 2571 1664 2616; baseline -0.006 -7"><span class='ocrx_word' id='word_1_424' title='bbox 1007 2576 1106 2611; x_wconf 87' lang='lat' dir='ltr'><strong>Vind.</strong></span> <span class='ocrx_word' id='word_1_425' title='bbox 1118 2575 1159 2608; x_wconf 89' lang='grc' dir='ltr'><strong>Ε.</strong></span> <span class='ocrx_word' id='word_1_426' title='bbox 1185 2571 1389 2616; x_wconf 76' lang='grc' dir='ltr'><em>ἐωνημέναι</em></span> <span class='ocrx_word' id='word_1_427' title='bbox 1410 2573 1504 2606; x_wconf 82' lang='lat' dir='ltr'><strong>Flor.</strong></span> <span class='ocrx_word' id='word_1_428' title='bbox 1530 2573 1574 2606; x_wconf 94' lang='lat' dir='ltr'><em>T.</em></span> <span class='ocrx_word' id='word_1_429' title='bbox 1594 2573 1664 2605; x_wconf 84' lang='lat' dir='ltr'><strong>Ast.</strong></span> 
     </span>
     <span class='ocr_line' id='line_1_88' title="bbox 1007 2632 1060 2665; baseline 0 -12"><span class='ocrx_word' id='word_1_430' title='bbox 1007 2632 1060 2665; x_wconf 84' lang='lat' dir='ltr'><em>pr.</em></span> 
     </span>
    </p>

    <p class='ocr_par' dir='ltr' id='par_1_31' title="bbox 1008 2661 1664 2746">
     <span class='ocr_line' id='line_1_89' title="bbox 1054 2661 1664 2709; baseline -0.007 -9"><span class='ocrx_word' id='word_1_431' title='bbox 1054 2663 1264 2709; x_wconf 81' lang='grc' dir='ltr'><em>ἐλεύθεροι]</em></span> <span class='ocrx_word' id='word_1_432' title='bbox 1289 2661 1494 2708; x_wconf 76' lang='grc' dir='ltr'><em>ἐλεύθεραι,</em></span> <span class='ocrx_word' id='word_1_433' title='bbox 1519 2675 1592 2709; x_wconf 88' lang='lat' dir='ltr'><strong>sup.</strong></span> <span class='ocrx_word' id='word_1_434' title='bbox 1616 2674 1664 2705; x_wconf 88' lang='grc' dir='ltr'><em>οι,</em></span> 
     </span>
     <span class='ocr_line' id='line_1_90' title="bbox 1008 2712 1161 2746; baseline -0.007 0"><span class='ocrx_word' id='word_1_435' title='bbox 1008 2713 1087 2746; x_wconf 84' lang='lat' dir='ltr'><strong>Vat.</strong></span> <span class='ocrx_word' id='word_1_436' title='bbox 1112 2712 1161 2745; x_wconf 87' lang='grc' dir='ltr'><strong>Μ.</strong></span> 
     </span>
    </p>

    <p class='ocr_par' dir='ltr' id='par_1_32' title="bbox 1052 2756 1444 2802">
     <span class='ocr_line' id='line_1_91' title="bbox 1052 2756 1444 2802; baseline -0.008 -10"><span class='ocrx_word' id='word_1_437' title='bbox 1052 2758 1150 2802; x_wconf 86' lang='grc' dir='ltr'><em>τῶν]</em></span> <span class='ocrx_word' id='word_1_438' title='bbox 1186 2769 1250 2792; x_wconf 86' lang='lat' dir='ltr'><em>om.</em></span> <span class='ocrx_word' id='word_1_439' title='bbox 1285 2758 1370 2801; x_wconf 83' lang='lat' dir='ltr'><strong>Ang.</strong></span> <span class='ocrx_word' id='word_1_440' title='bbox 1403 2756 1444 2790; x_wconf 90' lang='lat' dir='ltr'><em>B.</em></span> 
     </span>
    </p>
   </div>
  </div>
 </body>
</html>
