1764 3176
468 182 794 226 CIVITAS
839 183 962 226 LIB.
994 184 1054 225 X.
1083 187 1152 225 614

1408 188 1490 229 271

117 293 258 350 ἔλεγεν
290 293 320 339 ἃ
349 294 441 339 ἐκεῖ
465 295 565 339 ἴδοι.
607 294 691 351 ε’φη
722 293 790 346 δὲ,
830 292 977 352 ἐπειδὴ
1011 292 1065 339 οὗ
1095 295 1275 353 ἐκβῆναι
1302 313 1384 353 την
1412 305 1495 350 ψυ-

115 379 216 418 χην,
255 363 526 418 πορεύεσθαι
565 362 670 420 μετὰ
713 366 913 415 nonai-,v
956 365 1029 406 καὶ
1060 362 1346 421 ἀφικνεῖσθαι
1379 369 1496 422 σφᾶς
1526 371 1558 414 C

115 433 176 482 εἰς
213 430 352 475 τόπον
388 432 488 477 τινοὶ
530 431 785 487 δαιμόνιον,
829 432 876 475 ἐν
915 425 951 488 ᾧ
979 436 1056 488 τῆς
1093 450 1137 476 τε
1165 437 1244 490 γῆς
1274 435 1354 479 δύο
1384 433 1497 479 εἶναι

113 499 311 556 χάσματα
346 500 535 558 ἐχομένω
573 499 781 558 ἀλλήλοιν
809 500 884 543 καὶ
919 503 1002 544 τοῦ
1032 498 1234 554 οὐρανοῦ
1268 498 1326 546 αὖ
1359 504 1406 548 ἐν
1434 521 1496 562 τῳ

113 568 206 612 ἅνω
236 568 346 613 ἄλλα
375 568 652 623 καταντικρύ.
705 568 912 619 δικαστὰς
953 568 1000 611 δὲ
1029 569 1188 624 μεταξυ
1220 571 1391 615 τούτων
1422 589 1496 616 κα-

111 641 306 694 θῆσθαι,
340 636 443 691 οὓς,
483 636 630 694 ἐπειδή
674 636 998 690 διαδικάσειαν,
1039 637 1146 690 τούς
1181 640 1262 695 μὲν
1298 643 1497 692 δικαίους

158 786 384 832 δεκαταίων]
420 799 484 821 om.
510 787 605 821 Mon.
629 788 672 822 Β.
699 790 780 833 post

112 833 188 867 τῶν
205 833 346 889 νεκρῶν
366 834 491 868 Euseb.
506 832 691 868 δεκατέων
683 845 778 867 ‘cum

113 882 157 914 αῖ
179 892 281 925 super
308 877 325 913 ε’
349 881 447 914 Vind.
472 881 513 914 F.

157 927 245 970 τῶν]
273 938 339 961 om.
365 927 457 960 Mon.
484 927 523 960 B.
549 925 683 961 Theod.

157 992 469 1039 διεφθαρμένων]
497 992 775 1040 πεφθαρμένων

110 1041 244 1075 Theod.

156 1083 280 1143 νγιὴς]
306 1083 407 1132 ’ὑγιὲς
423 1087 524 1123 Vind.
540 1088 584 1121 F.
609 1099 629 1120 a
652 1098 696 1120 m.
721 1098 774 1132 pr.

159 1130 354 1189 ἀνῃρέθη]
387 1134 444 1168 Ita
479 1134 579 1167 Vind.
604 1133 644 1168 F.
677 1145 697 1166 a
732 1145 774 1167 m.

110 1191 164 1223 pr.
189 1177 377 1225 ἀνευρέθη
405 1180 495 1214 idem
519 1192 540 1214 a
563 1191 606 1213 m
633 1190 660 1214 5.
681 1179 774 1212 Flor.

110 1226 153 1260 R.
189 1232 225 1261 et
259 1238 335 1260 cum
364 1238 387 1270 η
421 1235 524 1272 super
554 1237 594 1259 ευ
619 1229 705 1269 Ang.
732 1225 773 1258 Β.

109 1272 150 1306 In
161 1272 259 1307 Vind.
270 1274 312 1307 B.
327 1284 366 1306 ευ
381 1284 486 1318 super
497 1285 520 1318 ῃ
535 1272 701 1316 scriptum
710 1276 774 1305 est.

156 1340 212 1384 δὲ]
236 1338 275 1375 δ’
297 1341 397 1375 Vind.
415 1341 459 1376 F.
484 1341 570 1384 Aug.
587 1341 627 1374 B.

155 1385 310 1442 μέλλων]
335 1385 399 1421 καὶ
422 1398 457 1430 μ.
485 1388 566 1420 vat.
587 1387 637 1421 Μ.

155 1430 388 1475 θάπτεσθαι,
402 1430 772 1476 δωδεκαταῖος]θοὶτ-

109 1481 243 1514 τεσθαι
261 1476 515 1518 δώδεκαταῖος
540 1479 637 1512 Vind.
660 1479 704 1512 Ε.

157 1523 309 1571 ἀνεβίω]
336 1522 466 1571 ἐνέβίω
493 1526 580 1569 Ang.
604 1526 646 1560 Β.

156 1592 363 1651 ἀναβιοὺς]
397 1590 582 1640 ἀναβιοῦς
608 1593 706 1629 Vind.
731 1593 773 1627 F.

110 1638 288 1698 ἀνεβιονς
310 1641 392 1675 Bas.
416 1642 450 1675 b.

157 1684 221 1732 δ’]
247 1684 287 1721 δὲ
311 1686 413 1720 Vind.
428 1687 469 1721 F
494 1686 622 1719 Euseb.
639 1685 772 1719 Theod.

158 1733 248 1777 ἴδοι]
275 1729 371 1766 εἶδεν
394 1732 526 1766 Theod.
551 1732 641 1777 quod
657 1732 775 1765 Astius

109 1779 143 1813 in
166 1783 247 1814 tert.
272 1778 535 1824 praeferendum
559 1784 687 1812 censet.

157 1845 283 1892 ἐπειδὴ
314 1841 375 1892 ου]
398 1844 526 1892 ἐπειδή
556 1846 593 1881 οὶ
617 1859 661 1881 ου
689 1847 774 1881 Lob.

113 1891 240 1938 ἐπειδή
262 1894 298 1929 οὶ
318 1895 395 1928 Vat.
404 1894 455 1928 M.
480 1894 573 1927 Flor.
583 1894 625 1927 T.
640 1894 776 1929 Theod.

112 1938 161 1997 (ἐ.
199 1953 243 1976 ου
271 1941 346 1975 cod.
370 1940 504 1983 Vrsin.)
539 1936 666 1985 ἐπειδὴ
704 1939 774 1973 οὖν

112 1999 157 2021 ου
183 1989 269 2031 Ang.
295 1987 334 2021 Β.
369 1983 495 2030 ἐπειδὴ
530 1985 599 2020 οὐν
630 1986 709 2021 Par.
733 1987 774 2020 A.

111 2034 213 2068 Vind.
237 2033 311 2068 ΒΕ.
336 2033 409 2066 Pal.
434 2033 474 2066 A.
503 2033 582 2066 Vat.
606 2032 653 2067 H.
679 2032 775 2066 Flor.

110 2080 215 2114 ACV.
242 2079 332 2125 quod
356 2078 460 2112 multo
489 2077 639 2112 deterius
663 2082 726 2112 est.

156 2123 324 2182 ἐκβῆναι]
349 2121 424 2158 ἐκεῖ
446 2121 474 2160 ἐ.
497 2124 629 2159 Theod.
652 2125 750 2170 Sylb.

156 2171 265 2216 μετὰ]
291 2169 364 2216 ἤδη
388 2183 424 2214 μ.
450 2171 584 2205 Theod.

156 2218 316 2262 πολλῶν]
340 2217 416 2251 τῶν
438 2228 478 2251 π.
506 2217 592 2251 Lob.
617 2218 696 2254 vat.
723 2216 775 2252 M.

159 2283 421 2330 ἀφικνεῖσθαι]
446 2282 652 2330 ἀφικέσθαι
673 2287 774 2321 Vind.

113 2332 158 2366 Ε.
205 2333 271 2366 Est
294 2344 456 2377 praesens
479 2332 685 2366 historicum.

161 2379 274 2422 σφᾶς]
291 2390 355 2412 om.
375 2378 588 2412 Theodoreti
600 2379 675 2412 edd.
694 2382 775 2412 ante

113 2425 209 2468 Sylh.
247 2424 304 2468 qui
343 2436 385 2457 ex
418 2424 592 2457 codicibus
633 2425 773 2459 addidit.

112 2468 212 2514 σφὰς
237 2470 336 2504 Vind.
361 2470 401 2503 F.
427 2470 554 2504 Euseb.

111 2586 141 2619 B
157 2551 286 2619 ’ἕψε
298 2538 470 2618 ἕῆςὲὲἢ
479 2538 772 2620 {inid-0313&

111 2631 184 2666 Pal.
212 2633 250 2666 A.
285 2632 365 2666 Vat.
389 2631 472 2665 HM.
505 2631 595 2665 Flor.
621 2632 665 2665 U.
698 2632 772 2665 Eu-

113 2679 184 2712 seb.
210 2678 342 2712 Theod.
376 2677 454 2710 Bas.
478 2678 511 2711 b.
543 2678 611 2722 τῆς
642 2675 771 2722 στέγης

112 2723 212 2759 Vind.
241 2724 280 2757 F.
306 2723 374 2768 τῆς
396 2722 464 2767 γῆς
487 2724 588 2758 Vind.
613 2724 656 2757 Ε.
681 2725 769 2769 Ang.

112 2770 152 2804 B.
188 2770 255 2814 τῆς
289 2781 328 2814 γε
369 2769 436 2813 γῆς
467 2769 591 2814 reliqui
622 2770 770 2813 codices,

111 2815 186 2850 Ald.
212 2817 290 2850 Bas.
317 2828 348 2850 a.
382 2816 502 2859 Steph.
526 2816 599 2850 Ast.
624 2827 675 2860 pr.
723 2817 770 2850 At

111 2861 191 2896 nihil
208 2873 350 2897 caussae
371 2866 458 2905 erat,
480 2874 540 2897 cur
560 2868 676 2898 terrae
693 2863 769 2908 plus

835 786 1065 830 tribueretur,
1092 801 1192 834 quam
1217 789 1324 823 coelo.
1378 789 1416 822 Si
1441 801 1497 823 es-

835 838 907 873 set,
942 845 980 878 γε
1013 846 1078 868 non
1113 835 1320 881 displiceret.
1369 836 1429 869 Sic
1453 836 1497 871 L.

835 859 947 915 V11'11.
963 892 1020 936 p.
1056 883 1136 916 578.
1173 883 1223 915 A:
1234 926 1242 937 ,
1276 879 1401 937 φόβου
1440 880 1497 926 γε’-

833 937 915 968 μειν
953 921 1000 969 οἶρ
1053 925 1123 961 οὐκ
1168 940 1254 961 ανα
1247 941 1311 972 ,νκη
1348 925 1417 971 τήν
1456 940 1496 972 γε

832 971 1013 1027 τοιαύτην
1036 972 1148 1008 πόλιν
1171 973 1240 1009 τόν
1258 985 1296 1008 τε
1320 975 1497 1008 τοιοῦτον

832 1014 975 1063 ἄνδρας

879 1086 975 1132 δυό]
1017 1089 1194 1122 Bekkerus
1227 1101 1269 1122 ex
1304 1091 1382 1124 Vat.
1420 1089 1496 1122 BH.

832 1135 919 1168 Ven.
931 1135 969 1169 B.
995 1137 1080 1178 Ang.
1100 1137 1141 1170 B.
1165 1136 1239 1170 Pal.
1265 1137 1306 1169 A.
1332 1132 1396 1169 δύ’
1423 1136 1498 1169 edi-

833 1180 895 1214 dit.
935 1182 1112 1214 Accedunt
1137 1193 1178 1214 ex
1197 1181 1280 1215 meis
1302 1182 1404 1215 Vind.
1423 1182 1496 1216 BF.

833 1238 904 1260 curn
933 1227 1082 1261 Eusebio
1117 1234 1151 1260 et
1181 1228 1364 1261 secundum
1389 1228 1497 1261 Stall-

832 1273 1022 1316 bammum,
1054 1273 1111 1318 qui
1143 1277 1178 1307 et
1200 1275 1276 1318 ipse
1299 1286 1374 1307 cuin
1399 1275 1497 1308 Astio

831 1319 865 1352 in
897 1323 978 1354 tert.
1014 1319 1064 1352 sic
1098 1320 1260 1364 scripsit,
1306 1320 1497 1354 Florentini

831 1376 956 1399 omnes.
993 1366 1032 1399 In
1055 1378 1093 1399 re
1117 1365 1272 1410 ancipiti,
1297 1366 1340 1399 de
1364 1378 1430 1411 qua
1451 1367 1496 1400 cf.

832 1412 906 1446 Vol.
934 1412 962 1444 I.
995 1424 1028 1456 p.
1057 1414 1148 1456 309,
1179 1425 1210 1446 a.
1248 1413 1291 1445 ΙΙ.
1332 1414 1420 1454 352,
1448 1413 1497 1455 b.,

831 1457 1022 1491 etiamnunc
1058 1459 1223 1503 optimum
1256 1459 1406 1492 codicem
1440 1471 1497 1493 se-

830 1515 928 1548 quor.
977 1505 1016 1538 In
1041 1505 1119 1538 Par.
1139 1505 1183 1538 K.
1209 1507 1252 1538 et
1248 1505 1358 1553 apud
1379 1506 1497 1539 Theo-

832 1550 987 1584 doretum
1019 1548 1091 1584 δύο
1116 1557 1197 1597 post
1227 1554 1325 1585 εἰναι
1349 1551 1497 1597 positum

832 1602 897 1630 est.

877 1630 1070 1709 χάσματα]
1114 1663 1276 1709 χάσματε
1321 1666 1413 1700 Mon.
1455 1667 1496 1700 B.

831 1710 924 1744 Flor.
950 1711 994 1745 U.
1028 1712 1118 1756 quod
1150 1712 1184 1745 in
1219 1724 1335 1746 comm.
1370 1713 1504 1757 proba-

831 1762 903 1789 tum
936 1768 956 1790 a
992 1758 1150 1791 Bekkero
1184 1758 1220 1791 in
1262 1770 1330 1793 sec.
1366 1759 1498 1803 recepit

832 1802 1083 1837 Stallbaumius.
1135 1805 1190 1837 Cf.
1217 1804 1257 1838 L.
1280 1805 1342 1838 III.
1370 1817 1403 1849 p.
1414 1805 1496 1839 395.

829 1850 879 1882 Α.
907 1846 954 1882 τὰ
982 1850 1169 1883 δοκοῦντα
1201 1848 1304 1894 ἐγγύς
1329 1847 1496 1895 ἀλλήλων

831 1891 926 1928 εἶναι
962 1893 1032 1929 δυο
1049 1894 1273 1951 μιμήματα.
1312 1900 1347 1930 et
1381 1899 1495 1951 paullo

830 1945 925 1986 post:
959 1937 982 1995 η’
1010 1938 1057 1976 ov’
1080 1941 1272 1986 μιμήματα
1294 1939 1379 1985 ἄρτι
1407 1940 1495 1977 τού-

829 1999 881 2021 τω
915 1984 1079 2029 ε’κοὶλεις,·
1115 2001 1180 2034 quo
1212 1990 1287 2023 loco
1320 1989 1497 2022 Stallbau-

829 2033 915 2067 mins
938 2034 973 2067 in
993 2046 1061 2069 sec.
1080 2042 1173 2068 recte
1190 2035 1354 2079 pluralem
1373 2035 1495 2077 tenuit,

830 2079 949 2112 sedin
983 2082 1163 2114 referenda
1195 2081 1350 2114 lectionis
1382 2082 1496 2115 variess

828 2130 904 2159 tate
928 2126 1034 2159 falsus
1058 2131 1122 2160 est.

878 2168 1049 2227 ἐχομένω]
1080 2170 1234 2216 ἐχόμενα
1258 2173 1391 2206 Theod.

879 2215 1065 2263 ἀλλήλοιν]
1095 2217 1262 2263 ἀλλήλων
1287 2219 1417 2253 Euseb.

878 2280 929 2321 αὐ
956 2284 995 2320 ἐν
1019 2288 1070 2334 τῷ
1099 2284 1178 2321 ἅνω
1204 2283 1297 2321 ἅλλα
1324 2301 1494 2323 καταντι·

830 2331 924 2377 κρύ]
968 2334 1033 2367 Pro
1072 2334 1124 2367 bis
1164 2334 1299 2368 codices
1344 2336 1495 2369 nonnulli

831 2379 1041 2413 Theodoreti
1066 2375 1090 2412 ἃ
1116 2376 1184 2413 οὐκ
1204 2379 1295 2414 εἰσὶν
1318 2376 1395 2415 ἅνω
1417 2378 1493 2416 ἀλλ’

833 2421 988 2469 ἀντικρύ
1022 2427 1193 2459 exhibent.
1259 2427 1350 2460 Vera
1390 2428 1494 2462 lectio

830 2471 865 2505 in
900 2483 967 2505 uno
997 2472 1105 2505 Vrsin.
1140 2476 1276 2516 exstat,
1307 2473 1372 2507 nisi
1402 2475 1492 2519 quod

831 2513 920 2551 ἀλλο
945 2529 1007 2562 pro
1045 2514 1157 2561 ἄλλα,
1184 2523 1222 2551 ut
1245 2519 1279 2551 in
1305 2520 1405 2553 Vind.
1432 2521 1492 2563 Ε,

829 2564 992 2608 scriptum
1026 2569 1088 2598 est.
1146 2566 1184 2598 In
1208 2564 1294 2598 Lob.
1326 2566 1426 2601 Vind.
1450 2567 1489 2599 B.

828 2610 907 2643 Par.
934 2610 975 2643 D.
1003 2610 1092 2643 Flor
1116 2610 1190 2644 AC.
1226 2607 1319 2645 ἀλλὰ
1353 2612 1488 2657 legitur.

829 2656 877 2689 αὐ
903 2668 968 2689 om.
993 2656 1086 2691 Mon.
1110 2657 1151 2691 B.

875 2722 998 2768 ἐπειδὴ
1034 2723 1312 2771 διαδικάσειαν]
1339 2724 1492 2761 ἐπειδὰν

827 2769 1018 2804 δικάσαιεν
1044 2772 1175 2806 Theod.

825 2817 1060 2897 γι,Ξίιὲιιοιιόνῃ
1083 2815 1174 2858 τούς
1197 2818 1231 2853 δ.
1257 2818 1388 2853 Theod.
1415 2819 1488 2853 cod.
