1764 3176
202 97 284 138 152
644 96 1120 140 PLATONIS

195 204 251 248 τὰ
279 204 492 261 μέλλοντα
531 209 674 258 καλῶς
710 208 1028 266 κριθήσεσθαις
1070 202 1145 262 ἆρ’
1186 205 1269 251 οὐκ
1307 207 1503 266 ἐμπειρίᾳ
1532 224 1577 251 τε

194 273 269 316 καὶ
300 271 514 353 φρονήσει
552 273 626 316 καὶ
664 273 806 331 λόγῳς
847 294 874 332 η
903 276 1072 320 τούτων
1111 275 1199 330 ἔχοι
1229 273 1286 318 α’ν
1313 293 1378 327 τις
1407 276 1576 332 βέλτιον

192 339 446 396 κριτήριονς
488 340 576 382 Καὶ
615 346 707 393 πῶς
737 340 813 393 ἅνς
851 343 948 400 ἔφη.
1007 343 1176 386 Σκόπει
1216 343 1282 398 δή.
1329 348 1464 399 τριῶν
1494 342 1577 388 ὅν-

191 423 280 450 των
319 411 406 450 τῶν
440 405 619 461 ἀνδρῶν
657 410 722 459 τίς
763 411 1068 465 ἐμπειρότατος
1105 415 1261 454 πασῶν
1301 412 1362 453 ὠν
1401 413 1577 467 εἴπομεν

190 475 391 531 ἡδονών;
431 474 619 531 πότερον
658 476 681 520 ὁ
724 478 1009 535 φιλοκερδής,
1052 478 1298 534 μανθάνων
1330 478 1469 536 αὐτὴν
1497 480 1578 536 τήν

193 541 406 600 ἀλήθειαν
437 542 535 588 οἷόν
576 543 717 597 ἐστιν,
750 545 1058 602 ἐμπειρότερος
1100 551 1225 593 δοκεῖ
1252 560 1322 591 σοι
1351 545 1464 591 εἶναι
1501 552 1577 604 τῆς

121 618 158 659 Β
193 609 279 654 dno*
314 615 396 655 τοῦ
434 613 595 655 εἰδέναι
626 611 809 668 ἡδονῆς,
848 614 877 670 ἢ
913 613 936 658 ὁ
973 616 1223 673 φιλόσοφος
1255 620 1332 673 τῆς
1370 613 1456 658 ἀπὸ
1496 619 1578 659 τοῦ

191 681 461 734 κερδαίνειν;
502 679 654 731 Πολὺ,
697 681 804 738 ἔφη,
843 684 1052 737 διαφέρει.
1086 690 1146 742 τῷ
1177 687 1256 740 μὲν
1293 683 1376 739 γάρ
1411 682 1579 740 ἀνάγκη

190 745 400 802 γεύεσθαι
429 751 519 790 τῶν
550 747 708 802 ἑτέρων
746 749 793 792 ἐκ
822 750 979 802 παιδὸς
1011 749 1257 810 ἀρξαμένῳ·
1289 755 1351 808 τῷ
1382 751 1428 795 δὲ
1459 756 1580 806 φιλο-

190 817 340 868 κερδεῖ
376 815 461 870 ὅπη
500 815 672 871 πέφυκε
716 817 769 860 τὰ
817 816 922 861 ὄντα
955 819 1251 874 μανθάνοντι,
1288 823 1366 875 τῆς
1410 817 1578 873 ἡδονῆς

190 882 371 939 ταύτης,
404 883 464 934 ὠς
497 884 676 939 γλυκεῖά
715 885 853 938 ἐστιν,
895 886 978 930 οὐκ
1018 885 1186 944 ἀνάγκη
1226 884 1437 942 γεύεσθαι
1469 883 1576 930 οὐδ’

192 949 380 1008 ἐμπείρῳ
421 953 673 1008 γίγνεσθαι,
711 958 879 1010 μᾶλλον
922 955 969 999 δὲ
1007 956 1080 999 καὶ
1120 953 1479 1013 προθυμουμένῳ
1523 952 1578 998 οὐ

239 1092 286 1143 ἆρ
298 1097 330 1144 ’]
354 1096 426 1154 ἄρ’
451 1101 550 1136 Vind.
577 1103 618 1137 F.

239 1144 432 1202 φρονήσει]
447 1146 629 1192 εἰρονήσει
644 1149 720 1184 Ald.
731 1151 810 1185 Bas.
824 1163 854 1185 a.

238 1189 278 1235 ἢ]
303 1205 367 1226 om.
395 1194 493 1227 Vind.
518 1195 561 1228 F.

239 1235 327 1283 ε’χοι]
355 1236 408 1282 ἕεχ
413 1252 425 1272 ι
447 1240 542 1273 Flor.
567 1241 610 1274 R.

237 1296 317 1335 πῶς
338 1290 397 1340 ἄν]
426 1293 473 1330 dv
498 1310 562 1332 orn.
587 1298 681 1331 Flor.
707 1299 751 1333 T.
799 1300 857 1334 Cf.

192 1341 235 1375 L.
267 1342 295 1376 Ι.
329 1354 361 1387 p.
387 1344 466 1377 353.
491 1343 531 1378 C.
569 1356 643 1376 cum
674 1345 738 1379 III.
776 1347 856 1381 396

191 1386 230 1421 Β.
257 1387 337 1423 402.
362 1389 403 1422 E.
431 1389 473 1422 V.
499 1388 579 1424 455.
606 1390 649 1422 Ε.

240 1431 383 1468 Σκόπει
408 1432 467 1478 δή.
492 1435 620 1481 τριῶν]
647 1433 777 1471 σκόπει
800 1435 858 1482 δή.

199 1481 323 1523 Τριῶν
346 1480 422 1513 Ald.

240 1526 315 1559 τῶν
343 1524 506 1573 ἀνδρῶν]
533 1528 610 1562 τῶν
634 1541 700 1563 om.
725 1529 859 1563 Par.K.

191 1583 260 1605 sec.
285 1573 363 1617 Bip.

238 1618 308 1662 τίς]
335 1630 390 1658 τις
415 1618 519 1652 editio
543 1619 704 1656 Bekkeri.

239 1673 524 1720 ἐμπειρότερος]
598 1675 864 1722 ἐμπειρότατος

192 1722 471 1757 Pa1.DK.Ald.
498 1723 576 1756 Bas.
604 1725 659 1758 ab.
703 1738 706 1739 ⁷

248 1775 525 1828 ὁφιλόσοφος]
553 1777 572 1814 ὁ
603 1780 864 1825 φιλοσοφώτα-

200 1836 265 1864 τος
288 1825 367 1859 Par.
396 1825 439 1858 Κ.
466 1829 485 1859 ό
522 1838 586 1860 om.
620 1828 706 1871 Ang.
735 1829 775 1861 B.
823 1829 865 1861 In

194 1871 263 1904 fine
292 1871 389 1904 huius
422 1871 702 1916 interrogationis
726 1874 864 1907 Fieinus

194 1929 241 1951 an
255 1919 370 1961 potius
390 1918 539 1951 contra?
564 1919 607 1951 de
631 1931 693 1952 suo
719 1920 863 1954 addidit.

241 1975 317 2008 τῶν
332 1972 480 2019 ἑτέρων]
501 1977 644 2010 alterius
654 1976 728 2010 Fic.
753 1977 865 2010 Glau-

195 2032 235 2054 co
280 2021 379 2054 simul
433 2023 591 2067 utrisque
630 2022 864 2067 philosophum

195 2068 351 2112 praefert
377 2068 602 2112 experientia,
619 2069 777 2112 quoniam
798 2070 864 2102 So—

196 2116 310 2146 crates
335 2113 409 2157 quis
435 2115 580 2148 omnium
605 2115 864 2158 experientissi-

195 2170 268 2192 mus
288 2165 379 2192 esset
403 2162 616 2205 voluptatum
642 2165 839 2204 rogaverat.

196 2214 398 2295 Επαιδὸς]
422 2217 570 2252 παίδων
594 2219 680 2252 Ven.
697 2219 736 2252 B.
762 2218 865 2253 vind.

243 2317 403 2365 πέφυκε]
430 2319 580 2366 πέφυκη
604 2321 706 2355 Viud.
731 2323 772 2356 B.

245 2385 292 2421 τὰ
319 2383 412 2422 ὄντα
433 2387 684 2445 μανθάνοντι]
711 2388 758 2424 τὰ
785 2387 867 2425 ὄντι

198 2446 234 2477 μ.
261 2435 346 2468 V.en
373 2436 412 2468 C
448 2434 496 2470 τὰ
523 2432 616 2470 ὅντα
648 2435 866 2481 μανθάνον-

198 2492 246 2513 τα
280 2480 359 2514 Par.
385 2481 430 2515 K.
456 2495 522 2515 om.
547 2483 633 2517 Lob.
660 2485 739 2519 Vat.
764 2484 843 2517 ΒΜ.

248 2545 337 2583 οὐδ’
346 2549 359 2593 ]
388 2547 476 2584 ου’δὲ
505 2551 606 2586 Vind.
630 2552 674 2585 Ε.

249 2616 352 2652 Πολὺ
380 2614 447 2662 ἄρ’
460 2645 469 2662 ,
500 2619 548 2662 ἠν
574 2617 614 2654 δ’
624 2622 636 2665 ]
674 2619 784 2657 πολυ.
809 2615 867 2664 αρ’

200 2676 248 2707 ην
281 2661 322 2698 δ
357 2677 431 2698 cum
466 2665 568 2699 litura.
604 2673 681 2710 post
715 2664 755 2700 δ’
782 2667 868 2701 Lob.

199 2705 362 2800 giardi&
393 2712 427 2745 in
454 2712 552 2745 Vind
578 2713 684 2746 BEF
717 2709 795 2756 ἄρα
820 2713 869 2747 le-

960 1104 1145 1150 διαφέρει]
1171 1103 1335 1149 διαρέρει
1357 1105 1433 1141 Ald.

961 1172 1142 1221 ἐμπειρίᾳ]
1169 1173 1196 1209 ε’.
1220 1174 1286 1218 μὲν
1313 1176 1392 1209 Par.
1416 1175 1460 1208 K.

961 1243 1180 1286 φιλοτι’μου,·

915 1284 990 1332 ἄρα
1016 1289 1116 1323 Vind.
1146 1289 1185 1322 B.

965 1352 1130 1400 ἄπειρος]
1161 1353 1293 1400 ἄτιμος
1316 1358 1396 1391 Par.
1421 1357 1498 1392 DK.
1522 1355 1580 1400 ἔμ-

916 1414 1044 1446 πειρος
1069 1404 1189 1446 steph.
1226 1406 1302 1437 Ast.
1332 1415 1384 1448 pr.
1419 1416 1487 1438 sec.
1524 1403 1582 1444 „in

917 1449 1077 1495 praeced.
1111 1449 1193 1482 edit.
1228 1446 1402 1492 ἄπειροςε
1436 1450 1496 1482 sed
1522 1447 1582 1492 ἐμ·

916 1506 1045 1538 πειρος
1096 1495 1249 1539 agnoscit
1312 1500 1347 1528 et
1397 1495 1546 1528 Ficinus.
1559 1497 1582 1514 “

918 1542 1038 1586 steph.
1075 1541 1108 1573 in
1142 1553 1184 1576 in.
1231 1540 1371 1574 Ficinus
1406 1542 1584 1574 Socratem

918 1588 1003 1620 haec
1038 1587 1206 1619 dicentem
1239 1587 1338 1620 fecit:
1374 1588 1583 1621 Ambitiosus

918 1645 999 1667 vero
1040 1633 1196 1676 nunquid
1230 1635 1347 1678 magis
1376 1634 1584 1678 sapientiae,

921 1691 1024 1724 quam
1052 1680 1273 1722 philosophus
1294 1681 1432 1713 honoris
1457 1685 1584 1724 gusta-

920 1728 971 1760 vit
999 1725 1278 1759 oblectamenta?
1333 1725 1368 1759 Is
1405 1725 1511 1769 igitur
1548 1729 1584 1759 et

921 1769 1075 1814 ἅπειρος
1111 1771 1197 1815 legit
1231 1777 1267 1804 et
1300 1783 1433 1805 sensum
1458 1772 1584 1805 verbo-

921 1829 995 1851 rum
1022 1823 1135 1858 recte,
1169 1818 1229 1850 sed
1253 1817 1393 1850 liberius
1416 1817 1586 1862 interpre-

920 1868 1014 1896 tatus
1039 1869 1101 1896 est.
1128 1863 1258 1896 Contra
1276 1864 1480 1906 Grynaeus:
1501 1866 1585 1896 Am-

922 1911 1064 1943 bitiosus
1082 1921 1162 1942 vero
1189 1910 1355 1953 numquid
1382 1911 1498 1954 magis
1519 1911 1586 1942 im-

919 1957 1051 1999 peritus
1072 1960 1122 1988 est
1142 1956 1336 1998 voluptati8‚
1358 1967 1445 1998 quae
1465 1968 1504 1989 ex
1523 1957 1585 1988 ho·-

921 2013 1003 2034 ποι-ο
1021 2002 1222 2045 percipitur,
1248 2013 1350 2044 quam
1365 2003 1586 2045 philosophus

922 2048 1007 2087 eius,
1033 2059 1120 2091 quac
1142 2059 1180 2080 ex
1199 2047 1416 2090 prudentia?
1440 2047 1586 2092 quidum

922 2093 1032 2126 Ficini
1038 2093 1374 2148 interpretationem
1400 2094 1442 2126 ad
1467 2093 1588 2126 lectio-

921 2151 998 2172 nem
1030 2135 1184 2182 α’πειρος
1218 2145 1420 2172 convertere
1459 2140 1587 2182 studet,

923 2191 1030 2219 totam
1063 2184 1241 2239 pervertit.
1299 2184 1352 2218 De
1386 2164 1587 2230 pbilosophd

923 2230 1013 2264 enim
1036 2230 1116 2264 illud
1142 2226 1315 2274 ἄπειρος,
1340 2231 1383 2265 de
1408 2231 1587 2265 ambitioso

922 2288 1107 2321 pronomen
1150 2275 1289 2316 ἐκεῖνος
1322 2277 1587 2321 intelligendum,

923 2323 967 2356 ad
991 2322 1059 2356 τοῦ
1085 2323 1281 2366 φιλοτίμου
1306 2335 1400 2365 vero,
1428 2323 1590 2368 quemad-

923 2369 1058 2402 modum
1102 2369 1297 2425 Stephanus
1339 2369 1413 2414 ipse
1466 2381 1498 2414 p.
1529 2371 1586 2404 26.

923 2415 1073 2455 monuit,
1098 2426 1164 2447 non
1188 2413 1293 2458 περὶ,
1327 2416 1387 2449 sed
1419 2413 1590 2459 διαφέρει

925 2461 1204 2494 subaudiendum.

971 2526 1067 2562 Ἀλλιὶ
1093 2527 1177 2572 τιμὴ
1208 2526 1298 2573 μὲν]
1339 2530 1395 2564 Ita
1429 2530 1519 2574 Ang.
1546 2531 1589 2563 B.

927 2575 1005 2608 Vat.
1038 2576 1078 2609 B.
1122 2583 1297 2609 correctus
1331 2580 1366 2609 et
1398 2576 1588 2609 Bekkerus.

928 2622 1047 2654 Honor
1078 2623 1215 2665 quidem
1251 2622 1323 2655 Fic.
1359 2618 1451 2655 αλλὰ
1480 2620 1588 2666 τιμὴν

926 2679 992 2710 μεν
1017 2668 1117 2701 Vind.
1131 2668 1174 2700 F.
1199 2667 1234 2700 τί
1251 2667 1299 2711 μὴ
1322 2680 1388 2723 μεν
1409 2666 1479 2711 ε’φη
1498 2679 1590 2700 mar-

927 2725 970 2756 go
996 2713 1085 2746 Flor.
1105 2714 1148 2746 T.
1173 2710 1273 2747 Ἀλλὰ
1278 2711 1374 2768 τιμή
1396 2714 1509 2767 (Flor.
1522 2714 1587 2756 U.)

927 2759 1002 2793 Ald.
1024 2760 1143 2803 steph.
1171 2761 1243 2793 Ast.
1264 2757 1356 2793 αλλὰ
1375 2760 1411 2793 τί
1426 2756 1476 2802 μή
1494 2759 1588 2793 Μοιι.

1227 1236 1303 1286 ἆρα
1317 1246 1330 1287 ]
1381 1243 1582 1286 φιλοτίμου
