1764 3176
246 84 328 123 108

244 190 372 234 Πάνυ
413 189 490 244 μὲν
531 183 629 231 οὖν·

242 260 363 302 ἰδεῖν.

669 79 1140 122 PLATONIS

680 189 754 231 καὶ
792 188 941 233 σκόπει
976 189 1022 245 γ’
1065 189 1091 233 ὃ
1128 190 1174 233 ἐν
1214 188 1367 240 αὐταῖς
1402 187 1620 246 βούλομαι

421 257 508 299 ἔστι
540 256 585 299 δὲ
613 254 740 299 τόδε·
774 261 862 299 τῶν
892 258 950 314 μή
984 257 1235 313 ἀναγκαίων
1264 257 1440 313 ἡδονῶν
1473 273 1516 300 τε
1546 256 1619 299 καὶ

241 325 488 378 ἐπιθυμιῶν
527 326 708 367 δοκοῦσι’
744 323 856 376 τινές
892 343 967 381 μοι
1007 323 1118 368 εἶναι
1147 325 1418 379 παράνομοι,
1450 328 1494 367 αἳ
1522 341 1617 367 κιν-

243 391 479 438 δυνεύουσι
520 391 598 445 μὲν
638 392 912 447 ἐγγίγνεσθαι
948 393 1101 444 παντὶ,
1141 391 1427 445 κολαζόμεναι
1457 392 1502 434 δὲ
1532 391 1619 434 ὑπό

241 477 285 505 τε
324 464 412 503 τῶν
453 458 605 515 νόμων
644 460 716 502 καὶ
752 464 841 502 τῶν
875 460 1113 516 βελτιόνων
1144 462 1391 515 ἐπιθυμιῶν
1421 459 1524 512 μετα
1554 457 1621 501 λό-

241 545 325 584 γου
356 528 483 571 ἐνίων
513 528 590 581 μὲν
621 526 874 581 ἀνθρώπων
904 528 931 582 ἢ
962 527 1240 572 παντάπασιν
1271 526 1622 570 ἀπαλλάττεσθαι

241 597 271 653 ἢ
304 595 448 653 ὀλίγαι
488 597 712 639 λείπεσθαι
754 596 827 638 καὶ
865 594 1087 650 ἀσθενεῖς,
1131 600 1220 639 τῶν
1261 595 1307 640 δὲ
1345 594 1623 652 ἰσχυρότεραι

288 766 342 813 γ’]
367 781 431 802 om.
456 768 540 801 Lob.
565 768 643 802 Vat.
664 768 714 802 M.
738 779 776 812 γε
801 767 900 802 Vind.

243 815 348 849 BEF'.
376 815 466 848 Flor.
491 814 632 847 ARTV.

289 858 437 915 αὐταῖς]
465 857 558 903 αὐτῆ
592 861 672 894 Par.
699 859 742 893 K.

288 907 363 940 τῶν
395 918 442 950 μη
480 903 690 949 ἀναγκαίων
718 925 763 930 ——
799 904 904 950 ἔνδη-

244 955 318 986 λον.
349 954 426 988 572.
446 952 504 996 Β.)
540 952 711 995 excerpsit
734 952 903 985 Stobaeus

243 1010 342 1032 seim.
369 998 409 1030 V.
438 1010 469 1042 p.
493 999 547 1032 75.
574 1002 610 1030 et
632 997 728 1030 initio
751 996 792 1040 μὲ
779 1010 816 1030 ν
842 1010 903 1042 pro

243 1041 304 1088 μή,
328 1044 418 1089 quod
445 1046 621 1078 Gesnerus
656 1045 689 1077 in
720 1044 906 1085 111.habet,

243 1091 369 1135 posuit.

289 1138 366 1180 μοι]
394 1132 474 1178 ἐμοὶ
499 1136 596 1170 Stob.

288 1180 546 1216 κινδυνεύουσι
561 1181 642 1225 μὲν]
667 1178 905 1214 κινδυνεύου-

244 1238 300 1262 σιν
325 1230 425 1263 Stob.

292 1271 534 1318 ἐγγίγνεσθαι]
562 1270 668 1316 ἐγγίν.
694 1273 777 1306 Lob.
806 1273 905 1308 Vind.

243 1321 287 1355 Ε.
326 1321 416 1354 Mon.
450 1320 488 1353 Β.
524 1320 618 1352 Flor.
655 1319 793 1352 ACTU.
828 1319 904 1352 Ald.

243 1367 322 1400 Bas.
359 1367 412 1399 ab.
449 1366 568 1411 Steph.
593 1361 803 1410 ἐγγίνεσθαι
842 1363 908 1409 μὲν

245 1410 284 1447 ἓν
306 1413 404 1446 Stob.

291 1455 383 1503 ὑπό]
413 1471 476 1492 οηι.
502 1459 582 1492 Vat.
607 1457 648 1490 Β.
674 1467 695 1489 a
719 1468 760 1490 m.
787 1468 837 1501 pr.

290 1516 330 1538 τε
361 1516 437 1538 των
460 1501 586 1547 νόμων
618 1501 681 1536 καὶ
713 1503 802 1547 τῶν]
830 1514 908 1536 των

246 1548 504 1595 τυγχανόντων
550 1549 906 1582 Stob.Trinc.1n

246 1598 322 1631 Vat.
351 1597 388 1630 Β.
413 1608 451 1630 τε
477 1596 645 1629 omissum.

293 1640 423 1687 ολίγαι]
453 1639 557 1685 ὀλίγα
577 1640 811 1675 Stob.T1·inc.
832 1638 908 1674 ὀλί-

244 1701 311 1732 γας
346 1689 446 1722 Vind.
489 1689 532 1722 E.
582 1684 690 1730 ὁλίγω
735 1687 814 1722 Vat.
859 1688 904 1723 H.

244 1735 339 1768 Flor.
366 1735 412 1767 T.

291 1780 497 1823 λείπεσθαι]
524 1778 698 1812 λέπεσθαι
722 1778 819 1812 Vind.
841 1779 881 1812 F.

295 1824 478 1868 ἀσθενεῖς]
507 1822 680 1858 ἀσθενεῖν
703 1825 798 1858 Flor.
817 1825 861 1858 T.

294 1870 420 1916 Λέγεις
445 1870 504 1915 δὲ]
541 1883 605 1904 om.
631 1872 716 1915 Ang.
739 1872 780 1903 B.
804 1873 833 1905 λ,
860 1868 905 1914 δὴ

248 1920 345 1954 Stob.
372 1924 515 1962 excepto
539 1917 611 1950 cod.
637 1918 677 1950 B.

294 1964 507 2007 καὶτίνας]
543 1963 598 1996 Ita
629 1964 709 1997 Par.
735 1963 773 1996 Α.
807 1962 906 1996 Vind.

248 2012 321 2045 ΒΕ.
347 2012 433 2046 Ven.
459 2010 498 2043 B.
527 2011 604 2044 Vat.
628 2010 673 2042 H.
697 2009 907 2042 Flor.ACV.

249 2058 440 2091 Bekkerus.
466 2055 602 2100 Reliqui
628 2055 760 2088 codices
782 2058 816 2087 et
837 2055 910 2088 edi—

249 2104 277 2137 ti
301 2115 374 2136 cum
399 2103 548 2135 Stobaeo
577 2102 686 2145 (cuius
709 2101 743 2134 in
768 2100 842 2134 cod.
870 2102 908 2136 Β.

249 2154 285 2183 et
309 2150 361 2183 ed.
383 2149 500 2182 Trinc.
523 2160 627 2187 τινας
643 2147 819 2181 encliticon
837 2148 908 2190 est)

248 2195 311 2229 καὶ
343 2195 511 2229 omittunt.
572 2195 665 2236 Quas
695 2195 909 2238 potissimum

248 2243 335 2276 istas
362 2241 489 2274 vocas?
532 2240 683 2281 Ficinus,
709 2240 909 2284 particulae,

248 2299 348 2341 quam
373 2293 408 2320 et
432 2287 507 2330 ipse
532 2286 567 2319 in
594 2299 654 2320 suo
679 2286 821 2319 codice
812 2298 909 2318 mve-

249 2333 347 2374 nerit‚
368 2333 646 2378 significationem
664 2337 834 2377 utcunque
850 2332 909 2365 de-

249 2380 381 2414 clarare
406 2384 558 2413 conatus.
595 2379 776 2423 Significat
797 2383 911 2412 autem

248 2426 476 2460 accessionem
508 2426 653 2470 aliquam
678 2437 740 2469 pto
764 2424 910 2457 interro-

251 2472 361 2517 gantis
394 2472 569 2505 voluntate
605 2470 831 2505 necessariam
854 2470 910 2504 vel

253 2518 413 2552 maiorem
454 2517 488 2550 in
533 2519 667 2555 modum
711 2517 907 2572 expetitam.

252 2564 311 2598 Sic
335 2563 435 2598 Polit.
460 2575 491 2616 p.
502 2565 581 2597 291.
601 2564 644 2596 Α·
673 2564 740 2597 Τίν
743 2560 831 2603 αςδ’
845 2559 910 2597 αὕ-

252 2608 341 2649 τοὺς
364 2608 426 2643 καὶ
444 2606 582 2663 λέγεις;
612 2607 676 2646 Ξέ.
712 2609 788 2643 Καὶ
812 2607 911 2653 μάλα

252 2654 358 2695 τινὰς
383 2651 560 2694 ἀτόπους.
596 2656 740 2690 Pbaedr.
775 2667 806 2701 p.
832 2657 911 2691 266

253 2703 304 2736 D:
338 2698 484 2736 λεκτέον
517 2698 579 2755 δὲ,
621 2701 659 2735 τί
690 2699 818 2745 μέντοι
850 2699 912 2735 καὶ

253 2746 329 2783 ἔστι
362 2745 405 2783 τὸ
431 2744 646 2792 λειπόμενον
677 2749 744 2793 τῆς
768 2747 911 2793 ῥητορι-

960 769 1038 812 πῆς.
1064 769 1215 812 Euthyd.
1241 781 1273 813 p.
1295 770 1375 805 271
1395 769 1449 802 A:
1473 767 1537 801 καί
1559 779 1623 810 μοι

962 813 1086 856 εδοξεν
1122 827 1218 848 ειναι
1243 813 1348 856 ξένος
1378 826 1432 853 τις
1457 827 1484 860 ῳ
1512 811 1621 847 διελέ-

959 873 1038 904 γον.
1074 860 1129 900 τίς
1153 861 1223 908 ἠν;
1251 860 1295 895 Σ
1329 849 1533 902 Οπότερον
1557 858 1623 892 καὶ

960 905 1111 962 ἐρωτᾷς,
1137 908 1165 939 ω’
1186 908 1359 961 Κρίτων,·
1392 903 1437 939 ου’
1462 904 1532 949 γὰρ
1558 902 1622 948 εἷς,

961 950 1053 985 ἀλλὰ
1080 950 1150 986 δύο
1178 948 1305 995 ἤστην.
1331 952 1383 985 cui
1409 957 1503 984 recte
1518 951 1624 985 Hein-

959 999 1086 1031 dmfius
1131 999 1270 1031 similem
1314 1009 1389 1031 esse
1429 996 1626 1031 observavit

963 1044 1072 1077 locum
1097 1044 1281 1077 Theaeteti
1311 1055 1343 1098 p.
1376 1045 1450 1077 144.
1482 1044 1530 1077 B:
1566 1036 1624 1076 Εὐ

964 1087 1032 1133 οἷγγ
1036 1088 1155 1129 ε’λλεις.
1181 1090 1281 1128 τίνος
1306 1087 1345 1122 δε
1365 1088 1427 1122 καὶ
1451 1087 1526 1122 ε’στι
1549 1089 1625 1122 τῶν

963 1137 1144 1175 πολιτῶνς
1173 1133 1258 1170 Θεό.
1283 1132 1436 1190 Ἀκήκοα
1454 1147 1519 1189 μεν
1537 1130 1623 1169 τοῧ-

963 1193 1079 1224 νομα,
1122 1179 1339 1225 μνημονεύω
1381 1178 1421 1214 δε
1465 1177 1521 1214 ου’.
1564 1181 1625 1214 sed

963 1240 1063 1272 quem
1095 1229 1137 1261 ad
1172 1229 1258 1261 hunc
1293 1227 1486 1283 adscripsit
1517 1227 1625 1260 locum

965 1272 1373 1329 Civ.1‚.1111.p.434
1395 1274 1444 1305 D.
1470 1270 1537 1306 ἐὰν
1560 1285 1625 1316 μεν

964 1316 1055 1375 ἡμῖν
1090 1318 1151 1353 καὶ
1185 1320 1236 1358 εἰς
1274 1317 1339 1353 ε’να
1372 1316 1526 1352 ε’καστον
1550 1320 1625 1352 τῶν

967 1363 1182 1420 ανθρώπων
1217 1362 1276 1398 ἰὸν
1311 1362 1354 1399 τό
1389 1361 1488 1403 εἶδος
1511 1365 1624 1398 τοῦτο

966 1409 1189 1469 ὁμολογῆται
1213 1410 1274 1444 καὶ
1305 1408 1380 1444 ἐκεῖ
1410 1408 1626 1465 δικαιοσύνη

966 1461 1082 1499 εῖναι,
1116 1455 1426 1513 συγχωρησόμεθα
1458 1453 1554 1500 ἤδη·
1589 1456 1626 1490 τί

964 1503 1042 1558 γὰρ
1059 1502 1136 1537 καὶ
1161 1501 1335 1556 ἐροῦιιενς
1363 1502 1396 1535 εἰ
1418 1499 1457 1536 δε
1479 1501 1543 1546 μὴ,
1564 1500 1626 1537 τό·
1652 1514 1655 1516 ’

963 1561 1002 1584 τε
1028 1545 1115 1583 ἄλλο
1140 1562 1176 1582 τι
1199 1546 1429 1591 σκεψόιιεθα
1451 1548 1484 1581 in
1503 1561 1542 1581 eo
1559 1549 1626 1583 So-

967 1602 1079 1629 crates
1107 1592 1274 1638 ἀφασίαν
1300 1606 1393 1627 suam
1425 1599 1460 1628 et
1484 1606 1627 1628 consen-

964 1642 1091 1676 sionem
1126 1653 1186 1685 pro
1220 1641 1268 1674 rei
1306 1646 1429 1674 natura
1469 1651 1628 1674 necessa-

963 1689 1048 1722 riam
1081 1689 1154 1720 fore
1194 1686 1387 1731 significat:
1429 1688 1520 1720 deun
1556 1699 1629 1720 was

965 1736 1101 1768 wolltcn
1134 1735 1197 1766 wir
1226 1734 1315 1766 auch
1341 1733 1459 1766 weiter
1490 1733 1629 1777 Sagen?

965 1785 1005 1814 ut
1027 1780 1358 1813 Schleiermacher‘us
1382 1778 1628 1824 interpretatus

965 1830 1029 1860 est.

1010 1870 1079 1906 τὸν
1109 1866 1253 1914 ὕπνον]
1287 1870 1356 1904 τοῦ
1390 1866 1514 1905 ν’πνου
1549 1873 1628 1905 ante

966 1930 1054 1951 corr.
1104 1918 1191 1951 Lob.
1234 1917 1312 1950 τῶν
1354 1912 1484 1950 ὕπνων
1529 1918 1627 1951 Stob.

964 1964 1082 1998 Trinc.

1012 2006 1255 2065 εγειοομένας]
1273 2005 1514 2051 ἐγειρομένας
1526 2007 1625 2041 Vind.

965 2057 1008 2090 F.
1032 2052 1262 2111 ἐγγινομένας
1287 2055 1370 2087 Lob.
1396 2056 1474 2089 vat.
1501 2054 1549 2087 M.

1013 2099 1123 2145 εὕδῃ]
1151 2096 1240 2144 εῧδη
1266 2096 1627 2136 vind.B.L0b.ae-1⁷5-

967 2149 1080 2192 δηλον
1104 2147 1204 2181 Vind.
1230 2147 1268 2180 Β.

1014 2189 1238 2237 λογιστικόν]
1286 2190 1433 2236 λογικὸν

967 2241 1050 2273 Ven.
1078 2240 1117 2272 B.
1143 2240 1241 2272 Stob.
1267 2239 1346 2272 Bas.
1369 2240 1404 2272 b.

1476 2193 1552 2226 Vat.
1586 2193 1627 2225 B.

1452 2238 1629 2282 „Legitur

966 2287 1067 2320 etiam
1100 2281 1266 2328 λογικὸν,
1299 2285 1484 2329 itidemque
1516 2284 1630 2328 paullo

966 2337 1054 2377 post.
1080 2332 1153 2375 (D.)
1214 2331 1284 2364 Sed
1310 2337 1344 2364 et
1369 2342 1475 2375 supra
1501 2343 1533 2375 p.
1558 2331 1627 2364 550

968 2379 1043 2422 (Β.)
1080 2378 1197 2411 eadem
1229 2377 1420 2421 scripturae
1453 2376 1630 2409 diversitas

966 2425 1031 2458 suit
1056 2425 1253 2457 annotata.“
1295 2423 1414 2465 Steph.
1446 2423 1480 2455 in
1504 2423 1629 2459 [1].λο-

967 2467 1128 2514 γιστικόν
1161 2481 1199 2502 τε
1233 2469 1318 2502 Lob.
1346 2470 1421 2502 Vat.
1455 2469 1502 2501 M.
1550 2468 1628 2501 Ex-

967 2516 1094 2573 pressit
1118 2517 1203 2549 haec
1237 2515 1314 2548 inde
1346 2527 1365 2548 a
1397 2514 1510 2547 verbis
1537 2510 1629 2548 ὅταν

967 2561 1011 2596 τὸ
1046 2560 1112 2605 μὲν
1139 2557 1225 2595 αλλο
1250 2573 1357 2640 usgue
1383 2561 1424 2593 ad
1449 2560 1525 2594 τῶν
1550 2557 1637 2594 {vv-⁴

968 2608 1086 2643 πνίων
1111 2621 1144 2654 p.
1170 2608 1250 2642 572.
1278 2608 1318 2641 B.
1357 2607 1479 2640 Cicero
1512 2606 1555 2639 de
1579 2606 1629 2638 di-

967 2656 1035 2688 vin.
1062 2655 1102 2687 L.
1123 2654 1150 2687 I.
1177 2655 1277 2689 c.29.
1304 2655 1368 2687 hoc.
1391 2653 1508 2686 modo:
1533 2653 1629 2694 lide,

969 2701 1052 2745 quid
1077 2702 1238 2734 Socrates
1266 2701 1301 2733 in
1330 2700 1485 2733 Platonis
1507 2699 1630 2732 Politia

970 2749 1139 2793 loquatur.
1189 2747 1282 2782 Dicit
1303 2747 1404 2789 enim,
1429 2757 1532 2791 quum
1550 2745 1630 2778 dor-
