1764 3176
462 179 964 236 CIVITASVLIB.
988 179 1048 232 X.
1078 183 1146 217 620

1396 181 1481 221 297

100 294 220 337 λείαν
237 308 282 336 τε
301 291 374 336 καὶ
394 289 623 345 οὐρανίαν.
666 289 829 347 ταύτην
844 290 928 347 γάρ
949 289 1002 346 δή
1021 289 1105 346 ἔφη
1125 288 1205 346 τήν
1223 287 1335 332 θέαν
1355 286 1482 341 ἀξίαν

102 360 214 405 εἶναι
233 356 354 410 ἰδεῖν,
376 359 434 411 (ὃς
452 359 629 403 ἕκασται
650 361 696 402 αἱ
717 359 851 414 ψυχαὶ
870 357 1062 415 ᾑροῦντο
1087 357 1192 409 τοὺς
1209 358 1335 413 βίους
1349 371 1358 380 ·

101 427 222 484 εινήν
239 443 283 471 τε
310 427 396 484 γὰρ
418 430 528 472 ἰδεῖν
557 425 667 471 εἶναι
693 426 768 470 καὶ
787 428 962 481 γελοίαν
980 426 1052 469 καὶ
1075 426 1346 480 θαυμασίαν.
1376 425 1487 469 κατα

103 494 345 551 συνήθειαν
373 496 458 553 γοέρ
491 499 573 539 τοῦ
609 495 828 549 προτέρου
858 495 961 549 βίου
990 493 1042 537 τοὶ
1076 491 1217 536 πολλοὶ
1250 494 1485 545 αἱρεῖσθαι.

102 566 212 608 ἰδεῖν
231 563 312 620 μὲν
331 564 418 620 γαρ
438 564 583 620 ψυχήν
605 563 687 620 ἔφη
716 561 797 620 τήν
814 578 915 606 ποτε
933 560 1129 618 Ὀρφέως
1156 563 1395 618 γενομένην
1413 561 1487 605 κύ-

101 649 212 687 κνου
224 633 324 688 βίον
342 633 624 688 αἱρουμένην,
643 632 757 687 μίσει
776 634 856 673 τοῦ
876 632 1131 685 γυναικείου
1150 629 1306 685 γένους
1321 629 1393 673 διά
1410 630 1488 674 τὸν

102 697 182 743 ὑπ’
207 700 384 743 ἐκείνων
407 698 607 743 θάνατον
629 698 713 758 οὐκ
731 697 971 742 ἐθέλουσαν
997 698 1043 742 έν
1067 697 1241 754 γυναικὶ
1265 704 1488 754 γεννηθεῖ-

104 778 189 810 σαν
210 768 437 824 γενέσθαι·
474 769 583 811 ἰδεῖν
614 767 761 823 δὲτὴν
793 766 1006 821 Θαμύρου
1037 763 1228 822 αἠδόνος
1255 765 1486 824 ἑλομένην·

103 836 216 879 ἰδεῖν
236 835 372 880 δὲκαὶ
392 835 560 880 κύκνον
579 836 902 893 μεταβάλλοντα
921 836 979 886 εἰς
1000 831 1286 888 ἀνθρωπίνου
1307 836 1409 892 βίου
1427 837 1488 880 αἵ-

103 1021 189 1044 των.
236 1009 314 1044 Huc
344 1009 517 1054 pertinent
544 1023 632 1056 quae
652 1010 764 1044 Ploti-

104 1066 167 1088 nus
191 1055 280 1089 Eun.
305 1056 369 1091 111.
388 1057 434 1110 L.
453 1058 486 1092 4.
512 1069 541 1090 c.
562 1059 594 1092 Ξ.
622 1068 663 1108 p.
685 1058 766 1091 284.

102 1102 145 1134 A.
181 1101 338 1135 disserit:
384 1099 466 1137 ὅσοι
498 1115 564 1146 μεν
593 1100 662 1137 οὖν
696 1101 766 1136 τὸν

104 1142 316 1201 ανθρωπον
338 1145 542 1192 ἐτήρησαν,
567 1147 678 1182 πάλιν
703 1144 766 1181 ἄν·

103 1193 266 1249 θρωποι,
293 1189 378 1228 ὅσοι
401 1193 440 1228 δε
449 1193 634 1251 αἰσθήσει
651 1192 767 1236 μόνον

98 1236 259 1294 ,ε’ζησαν,
292 1239 380 1281 ζῶα.
433 1236 517 1274 οἷλλ
553 1241 588 1274 εἰ
616 1252 682 1296 μεν
711 1241 766 1273 αι’-

104 1282 239 1340 σθήσει
267 1284 359 1328 μετὰ
387 1287 538 1341 θυμοῦ,
564 1285 611 1320 τὰ
642 1283 726 1329 ’ἇγιρ
716 1298 766 1327 α,

103 1330 168 1365 καὶ
193 1327 216 1374 ἡ
247 1330 411 1375 διαφορὰ
439 1329 461 1376 ἡ
487 1330 525 1366 ἐν
554 1330 702 1371 τούτοις
723 1330 765 1366 τὸ

103 1374 293 1432 διάφορον
321 1377 396 1411 τῶν
429 1376 612 1412 τοιούτων
655 1381 766 1411 ποιεῖ.

90 1419 188 1457 ’ὅσοι
214 1421 253 1456 δὲ
278 1419 364 1477 μετ’
384 1420 588 1467 ἐπιθυμίας
610 1424 673 1458 καὶ
704 1425 769 1467 τῆς

102 1465 258 1512 ἡδονῆς,
282 1481 330 1502 τοι
350 1465 565 1504 οἷκολάστων
584 1469 685 1512 ζώων
705 1470 769 1504 καὶ

102 1515 365 1570 γαστρίμαργοι.
411 1516 446 1549 εἰ
465 1514 503 1549 δὲ
521 1514 612 1571 μηὸε
634 1515 768 1559 αἰσθή-

105 1570 159 1594 σει
192 1558 284 1603 μετὰ
317 1558 481 1617 τούτων,
513 1559 604 1596 ἄλλα
632 1563 768 1596 νοθεία

104 1604 314 1660 αἰσθήσεως
337 1604 419 1649 μετ’
442 1598 589 1649 αύτῶν,
615 1608 677 1642 καὶ
698 1621 767 1651 φυ-

103 1649 163 1685 τοὲ.
189 1650 308 1695 μόνον
326 1651 403 1707 γὰρ
431 1654 545 1688 τοῦτο
569 1652 592 1698 ἢ
610 1653 768 1699 μάλιστα

105 1695 270 1753 ἐνήργει,
297 1695 339 1732 τὸ
364 1698 535 1742 φυτικὸν,
553 1700 616 1734 καὶ
635 1713 682 1744 ην
702 1698 767 1733 αύ-

105 1747 185 1784 τοῑς
209 1742 339 1786 μελέτη
371 1745 632 1801 ὃενδρωθῆναι
679 1745 769 1786 τοὺς

107 1787 146 1824 δε
171 1789 424 1845 φιλομούσους
450 1803 534 1834 μεν,
558 1793 768 1847 καθαρίους

106 1833 146 1870 δε
173 1834 220 1869 τὰ
242 1834 347 1877 ἄλλα,
380 1837 432 1875 εἰς
453 1836 500 1871 τὰ
522 1835 652 1893 ῷδικὰ,
678 1836 769 1877 τούς

94 1879 149 1937 δὲ
174 1879 332 1936 οἷλόγους
358 1872 543 1927 βασιλέαξ,
568 1882 716 1927 οἷετοὺς,
739 1884 773 1919 εἰ

105 1926 154 1972 μὴ
188 1923 278 1971 ἄλλη
312 1928 424 1962 κακία
457 1931 603 1974 παρείη.
638 1943 720 1973 μετε
725 1943 770 1964 ω-

45 1986 49 1992 ’
106 1972 286 2028 ρολόγούς
311 1971 350 2008 δὲ
376 1970 466 2009 ἄνευ
487 1975 708 2020 φρονήσεως
719 1977 770 2016 εἰς

104 2017 172 2054 τὸν
198 2017 364 2061 ούρανόν
396 2017 454 2055 cisi
475 2021 701 2077 αιρομένους
726 2025 769 2067 (f.

107 2061 340 2110 ὁρωμένους)
377 2067 429 2106 εἰς
471 2064 592 2111 ὄρνεις
637 2080 771 2111 μετεω

46 2118 50 2121 ’
106 2123 196 2155 ρους
227 2115 310 2151 ταῖς
338 2111 528 2166 πτήσεσιν.
573 2112 592 2149 ὁ
628 2112 668 2148 δὲ
700 2114 770 2170 τὴν

104 2155 297 2213 πολιτικὴν
324 2155 474 2213 ἀρετὴν,
502 2157 722 2202 ἄνθρωπος·
748 2158 767 2195 ὁ

88 2200 148 2257 ἦδε
179 2197 291 2246 ἧττον
322 2201 458 2261 ἀρετῆς
489 2207 681 2250 πολιτικῆς
709 2218 770 2251 με·

105 2247 241 2305 τέχων,
265 2249 455 2285 πολιτικὸν
480 2253 595 2296 ζῶον,
619 2252 770 2297 μέλιττα

104 2290 129 2339 ἢ
159 2293 207 2329 τὰ
233 2295 401 2346 τοιαῦτα.

150 2361 246 2408 γὰρ]
271 2376 354 2398 vero
377 2365 452 2402 Fic.
500 2367 579 2401 Non
608 2367 685 2401 ideo
710 2369 772 2402 mi-

105 2410 215 2444 rabile
239 2412 468 2454 spectaculum
489 2413 584 2452 dicit,
606 2415 694 2458 quod
715 2427 770 2448 se-

106 2456 253 2489 cundum
283 2455 407 2500 prioris
435 2459 528 2493 vitae
553 2461 771 2494 consuetudi-

106 2513 183 2535 nem
215 2502 413 2555 plerumque
437 2505 558 2539 electio
592 2507 686 2540 facta
713 2507 769 2549 sit,

106 2547 141 2581 id
175 2547 261 2580 enim
291 2546 426 2582 minime
460 2552 646 2585 mirandum
681 2558 769 2594 enat,

107 2593 168 2627 sed
193 2593 284 2638 quod
301 2595 379 2627 talis
403 2597 477 2631 fuer
480 2597 519 2641 it,
535 2598 666 2642 qualem
684 2599 769 2632 fuis-

108 2650 146 2673 se
179 2639 337 2683 deinceps
362 2647 499 2684 narrat,
533 2645 626 2677 cuius
650 2656 770 2678 narra-

106 2684 208 2718 tionis
230 2685 265 2718 in
285 2687 447 2729 proximis
471 2691 691 2724 annuntiatae
708 2691 771 2724 hoc

106 2731 217 2776 ipsum
239 2731 368 2765 initium
393 2740 458 2771 est.
490 2736 611 2782 ltaque
629 2749 700 2780 γαρ
717 2742 771 2770 est

107 2782 260 2812 nostrum
277 2780 438 2815 m'imlich.

155 2850 250 2885 ἰδεῖν
267 2871 312 2877 -
334 2849 548 2893 μίγνυσθαι.
570 2851 628 2894 D.]
652 2850 770 2886 laudat

822 1008 992 1090 13⁰2ngOE
1041 1019 1160 1053 praep.
1208 1019 1259 1041 ev.
1306 1007 1347 1041 L.
1387 1008 1486 1044 XIII.

822 1067 855 1100 p.
956 1081 963 1088 .

869 1132 1008 1180 ψυχήν]
1033 1138 1112 1180 post
1137 1133 1208 1179 ἔφη
1233 1135 1361 1169 Euseb.

869 1213 986 1258 ἐΟρφ
981 1212 1052 1258 ’ως]
1079 1215 1316 1248 Theodoretus
1335 1215 1487 1271 Therap.

825 1262 866 1295 L.
894 1261 954 1295 XI.
991 1273 1022 1305 p.
1050 1263 1140 1296 998:
1176 1259 1244 1294 τὸν
1277 1259 1348 1304 γὰρ
1375 1273 1487 1302 ουρα-

825 1306 894 1342 νὸν
919 1309 1001 1345 ταῖς
1027 1304 1219 1345 τοιαύταις
1243 1310 1381 1350 ψυχαῖς
1400 1305 1491 1341 α’πε-

824 1351 984 1396 κλήρωσε
988 1365 1008 1386 ν
1043 1351 1080 1386 ἐν
1112 1353 1157 1408 τῇ
1193 1354 1387 1387 Πολιτεία·
1422 1352 1491 1396 τὴν

825 1397 994 1443 Ὀρφέως
1031 1397 1155 1442 ψυχὴν
1196 1390 1366 1433 κύκνειον
1407 1397 1491 1443 (κύ-

825 1457 928 1480 κνιον
954 1446 1070 1487 S>lb.)
1104 1445 1174 1488 εφη
1209 1445 1314 1487 σῶμα
1349 1447 1490 1489 λαχεῖν·

826 1491 890 1526 καὶ
916 1488 956 1524 οἷε
962 1489 1028 1524 τὸν
1053 1488 1092 1533 μὲ
1098 1504 1118 1523 ν
1137 1503 1206 1534 εφη
1227 1490 1490 1535 (σῶμα-εφη

827 1551 892 1571 om.
920 1549 1008 1570 nnus
1031 1538 1136 1570 codex
1165 1538 1330 1591 Nrsi11.;)
1332 1536 1492 1572 ἐνέσθαι

826 1583 894 1618 τὸν
921 1581 1176 1627 ἎΙαμέμνονα,
1202 1564 1334 1616 λέοντα
1361 1582 1399 1617 δε
1423 1583 1491 1618 τὸν

826 1630 987 1670 Αἴαντα,
1022 1627 1193 1673 ἀθλητὴν
1230 1627 1269 1663 δὲ
1304 1627 1372 1673 τήν
1396 1627 1491 1663 'Aw-

826 1674 964 1719 λάντην
996 1675 1059 1709 καὶ
1091 1677 1257 1720 πίθηκον
1297 1675 1364 1710 τὸν
1401 1676 1491 1720 Θερ-

826 1733 940 1766 σιτην.

873 1792 969 1837 βίον]
996 1791 1056 1836 βίε
1079 1791 1155 1826 Ald.
1178 1792 1259 1826 Bas.
1286 1803 1318 1825 a.

875 1857 1038 1903 ἐκείνων]
1064 1857 1205 1894 ἐκεῖνον
1230 1859 1332 1895 Vind.
1357 1860 1398 1893 F.

877 1938 1078 1984 Θαμύρου]
1113 1941 1314 1975 Holstenius
1342 1941 1384 1974 ad
1411 1942 1493 1975 Ste-

826 1987 972 2032 phanum
997 1988 1080 2028 B>z.
1106 1999 1137 2032 p.
1163 1989 1238 2022 106.
1256 1988 1294 2020 Β.
1326 1986 1492 2030 Θαμύρι-

828 2034 894 2073 δος
923 2033 1100 2076 legendum
1125 2041 1262 2076 censet,
1296 2046 1315 2067 a
1342 2035 1492 2068 nomina—

826 2080 897 2113 tivo
934 2077 1118 2122 Θάμυρις,
1150 2091 1216 2124 quo
1251 2080 1417 2113 Homerus
1451 2080 1492 2113 ΙΙ.

826 2126 872 2160 ΙΙ.
906 2127 985 2160 595.
1019 2133 1054 2158 et
1086 2126 1275 2169 Sophocles
1308 2125 1342 2158 in
1376 2126 1494 2159 fabula

828 2172 1015 2215 cognomini
1051 2178 1086 2204 et
1118 2172 1305 2204 Pausanias
1339 2172 1379 2205 L.
1408 2172 1492 2205 1111.

827 2230 856 2251 c.
879 2220 936 2253 33.
974 2223 1008 2250 et
1033 2218 1256 2261 Apoliodorus
1288 2218 1327 2250 L.
1350 2218 1376 2250 1.
1402 2230 1431 2251 c.
1458 2220 1492 2253 3.

826 2265 858 2308 §
879 2266 910 2298 3.
947 2268 1098 2298 utuntur.
1155 2265 1223 2297 Sed
1250 2265 1425 2318 Stephano
1458 2264 1493 2297 in

828 2307 977 2352 Δώριον
1001 2309 1174 2353 genitivus
1203 2308 1380 2353 Θαμύρα,
1408 2310 1493 2343 Par-

827 2357 943 2389 thenio
968 2367 1058 2389 narn
1082 2358 1137 2391 29.
1169 2356 1304 2389 dativus
1334 2336 1494 2403 Θαμύρᾳ

828 2410 900 2445 est,
927 2406 962 2435 et
987 2402 1120 2436 codices
1144 2403 1178 2436 in
1206 2399 1386 2446 Θαμύρου
1412 2415 1494 2436 con-

827 2449 988 2482 sentiunt.

871 2514 1030 2560 κύκνον]
1055 2514 1194 2550 κύκνου
1222 2517 1323 2553 vind.
1349 2518 1387 2551 B.
1414 2519 1493 2552 Vat.

826 2563 870 2597 H.
895 2561 1046 2597 Κύκνον
1071 2564 1152 2596 Bas.
1178 2564 1233 2597 ab.

874 2640 1178 2687 μεταβάλλοντα]
1223 2642 1303 2688 post
1352 2643 1494 2723 αἵρεσιν

827 2687 1397 2779 ῗεεὲτιοῖὲίῐέἐίᾏΐαμ
1452 2690 1492 2723 ¹³·

876 2800 1121 2848 ανθρωπίνου
1139 2805 1185 2849 ]

826 2850 913 2885 Lob.

1242 2801 1484 2848 ἀνθρωπείου

1401 356 1482 400 ἐλε-
1506 370 1576 405 620
