1764 3176
248 101 333 141 278

248 208 420 251 ἰδιῶταί
448 224 562 260 τινες
597 213 689 252 τοῖν
717 209 884 265 μεγάλα
912 208 1254 267 ἡμαρτηκότων·

701 98 1171 142 PLATONIS

1296 208 1375 261 οὓς
1405 208 1635 265 οἰομένους

182 280 217 320 Ε
247 275 331 332 ἤδη
362 275 663 333 ἀναβήσεσθαι
694 277 778 322 οὐκ
800 278 963 333 ἐδέχετο
994 278 1041 322 τὸ
1073 276 1270 333 στόμιον,
1301 276 1400 322 ἀλλ’
1431 277 1634 333 ἐμυκᾶτο,

247 341 380 387 ὁπότε
409 361 474 395 τις
503 349 593 388 τῶν
634 345 775 397 οὕτως
814 345 1003 397 ἀνιάτως
1043 345 1232 402 ἐχόντων
1262 347 1322 397 εἷς
1359 348 1577 404 πονηρίαν
1606 345 1634 403 ἢ

245 411 303 468 μὴ
343 413 507 463 ἷκανῶς
546 414 748 465 δεδωκώς
783 416 909 471 δίκην
948 415 1160 470 ἐπιχειροῖ
1199 413 1381 458 ἀνιέναι.

1440 415 1636 458 ἐνταῦθα

246 480 300 536 δή
337 479 521 535 ἄνδρες,
564 481 674 538 ἔφη,
721 481 892 537 ἄγριοι,
937 483 1151 538 διάπυροι
1196 485 1325 532 ἰδεῖν,
1365 485 1636 533 παρεστῶτες

244 548 318 592 καὶ
347 550 764 605 καταμανθάνοντες
791 550 840 594 τὸ
872 552 1076 607 φθέγμα,
1108 549 1212 602 τοὺς
1242 551 1322 607 μὲν
1353 547 1635 607 διαλαβόντες

297 693 378 731 ἀλλ’
389 698 402 742 ]
431 695 524 731 αλλὰ
549 699 633 732 Iust.

293 740 466 788 ἐμυκᾶτο]
493 743 652 787 ἐμυκᾶτο
678 745 780 779 Vind.
802 746 845 779 Ε.
866 765 912 770 -

243 789 417 822 Proclus‘
410 803 442 823 in
469 791 542 824 Civ
570 803 600 835 Ρ.
622 793 784 833 38219:
818 789 910 825 αλλὰ

244 833 290 868 τὰ
321 833 359 869 ἐν
380 834 503 889 ταύτῃ
518 849 573 892 τῃ
599 837 832 893 πραγματεία
856 850 912 893 γε·

244 879 434 936 yqagigie'vct
458 881 553 939 πρὸς
577 884 627 928 τῷ
650 882 743 917 τέλει
763 885 843 923 πῶς
863 881 910 918 ου’

244 928 311 970 τῆς
336 929 453 972 αυτῆς
476 930 551 962 εστὶ
572 930 744 969 διανοίας
764 930 829 973 τῆς
851 927 911 964 O-

244 974 398 1027 μηρικῆς
418 973 613 1022 ποιήσεως,
627 974 670 1009 τὸ
693 974 845 1019 στόμιον
866 974 909 1010 τὸ

244 1017 472 1063 μυκώμενον,
499 1017 518 1055 ὁ
547 1020 752 1078 Τάρταρος
774 1034 811 1055 01.
830 1019 912 1055 διοί-

244 1078 358 1119 πυροι
376 1067 562 1110 δαίμονες,
586 1068 622 1101 οὶ
642 1067 709 1102 τὸν
728 1065 912 1111 Ἀρδιαῖον

245 1110 484 1155 κνάπτοντες,
498 1113 536 1146 αἱ
553 1114 683 1157 μεσταὶ
701 1112 839 1154 κόνεως
849 1113 913 1148 καὶ

246 1159 389 1202 αυχμοῦ
417 1160 556 1203 ψυχαί,

292 1213 468 1260 ιὶνιάτως]
491 1221 568 1261 post
583 1214 742 1260 ἐχόντων
758 1218 788 1249 Υ
791 1216 912 1252 ind.B.

292 1262 344 1301 εἰς
366 1263 565 1307 πονηρίαν]
591 1276 658 1298 om.
682 1263 757 1296 Fic.

291 1303 339 1352 ἢ]
369 1308 403 1342 εἰ
425 1309 511 1343 Iust.

291 1362 486 1410 ἐπιχειροῖ]
533 1363 708 1410 ἐπιχειρεῖ
746 1366 826 1400 vat.
863 1366 911 1400 M.

244 1409 442 1456 ἐπιχειροίη
464 1413 550 1448 Iust.
571 1414 644 1448 Ast.
665 1425 735 1447 sec.
761 1413 816 1446 Cf.
838 1412 911 1446 V.ol

244 1458 274 1493 Ι.
298 1470 331 1515 p.
350 1460 431 1501 356,
453 1459 486 1492 b.

291 1505 463 1538 ενταῦθα
486 1524 533 1530 —-
556 1502 809 1548 κνάμπτοντες
834 1506 914 1540 616.

243 1551 300 1595 Α.]
318 1551 457 1584 laudant
478 1552 636 1585 Clemens
661 1552 757 1584 Alex.
784 1552 912 1585 Strom.

245 1596 286 1631 L.
300 1598 341 1630 V.
361 1609 394 1642 p.
406 1599 486 1632 700.
501 1598 744 1632 Theodoretus
757 1597 912 1641 Tberap.

246 1642 287 1676 L.
315 1643 376 1677 XI.
413 1655 445 1688 p.
477 1646 556 1680 988.
591 1651 626 1678 et
658 1655 700 1677 ex
737 1643 916 1677 Clemente

245 1689 417 1723 Eusebius
458 1701 578 1736 praep.
627 1702 680 1725 ev.
724 1689 766 1723 L.
812 1689 913 1724 XIII.

306 1737 385 1770 391.

245 1746 280 1781 P
294 1780 362 1826 δὴ]
391 1793 457 1816 om.
481 1781 566 1815 Iust.

293 1834 438 1882 ἄνδρες,
463 1836 548 1882 ἔφη,
569 1834 707 1895 ι’ἰ-,ριοι]
733 1835 760 1872 ἔ.
781 1833 915 1894 ανδρες

247 1880 287 1928 ἄ,
289 1897 371 1927 ριοι
395 1886 472 1918 Par.
502 1885 542 1918 K.
571 1881 611 1927 ἄ·
613 1897 695 1927 ριοι
727 1883 754 1918 ἒ.
781 1881 915 1927 ἄνδρες

246 1910 348 1965 Vind.
375 1932 449 1965 BE.
476 1932 561 1964 V.en
588 1932 627 1964 Β.
661 1933 741 1965 V.at
762 1931 807 1965 H.
842 1937 914 1975 εφη

247 1989 312 2011 om.
336 1978 423 2012 Iust.
453 1977 558 2011 Clem.
584 1977 718 2011 Theod.

293 2032 487 2079 διάπυροι]
513 2033 577 2068 καὶ
602 2035 634 2068 δ.
647 2035 697 2078 (Υ
700 2046 752 2068 en
765 2034 805 2066 B.
817 2033 913 2068 Flor-

247 2080 313 2125 U.)
339 2081 416 2114 Ald.
441 2081 521 2114 Bas.
549 2082 602 2114 ab.
628 2081 748 2125 steph.
774 2083 849 2112 Ast.
871 2099 913 2104 —

246 2126 389 2160 Proclus
419 2127 453 2160 in
478 2128 567 2161 Tim.
593 2139 625 2171 p.
643 2128 732 2163 338
753 2127 817 2160 27:
841 2124 914 2180 τὴν

246 2171 372 2216 ψυχὴν
398 2173 449 2226 τῷ
474 2171 616 2216 σώματι
639 2172 805 2216 συνῆψεν
827 2169 914 2213 οἷμέ-

247 2228 343 2261 σως,
369 2217 495 2252 πάντα
536 2218 583 2252 τὰ
619 2218 705 2261 περὶ
738 2216 913 2252 καθόδου

246 2265 370 2308 ψυχῆς
413 2262 620 2307 ἐπεκτεμών
655 2262 912 2320 προβλήματα,

247 2309 315 2345 τὸν
348 2310 570 2355 προφήτην,
607 2309 698 2350 τοὺς
740 2309 912 2353 κλήρους,

247 2355 338 2396 τοὺς
369 2357 494 2401 βίους,
528 2369 596 2397 τας
617 2354 808 2413 αἱρέσεις,
843 2354 912 2390 τὸν

251 2403 432 2445 δαίμονα,
493 2401 562 2447 τὴν
610 2400 648 2437 ἐν
692 2403 744 2449 τῷ
795 2402 912 2458 πεδίῳ

248 2449 317 2501 τῆς
342 2446 474 2492 Λήθης
497 2438 799 2503 κατασκήνωσιν,
824 2447 914 2487 τοὺς

249 2491 416 2536 ὕπνους,
451 2493 493 2529 τὸ
529 2493 635 2538 πόμα
662 2496 736 2549 τῆς
767 2493 914 2550 Λήθηςέ

249 2553 317 2580 τας
341 2538 502 2585 βροντας
530 2542 592 2575 καὶ
617 2553 765 2583 παντα,
794 2539 866 2576 ὅσα
892 2536 912 2575 ὁ

251 2584 290 2621 ἐν
332 2588 507 2632 Πολιτείᾳ
546 2588 670 2630 μῦθος
708 2587 916 2630 διεξῆλθεν.

252 2630 337 2666 αλλ’
365 2630 454 2666 ου’δε
487 2631 535 2666 τὰ
564 2645 656 2676 μετα
689 2632 759 2677 τὴν
784 2632 914 2675 «ἔξοδον

251 2676 372 2722 αυτῆς
389 2691 427 2712 εν
448 2677 596 2719 τούτοις
617 2677 845 2734 παραδώσει,
864 2677 912 2713 τὰ

251 2725 430 2768 δείματα,
466 2724 556 2764 τοὺς
594 2737 820 2783 ποταμρυς,
844 2724 914 2761 τὸν

257 2769 474 2815 Τάρταρον,
531 2769 647 2811 τοὺς
707 2770 915 2815 αᾳρίους

972 696 1197 739 ἐκείνους
1236 697 1318 733 καὶ
1361 695 1636 741 διαπύρους

969 746 1085 788 δαίμ
1099 758 1231 789 ονας,
1256 744 1347 785 τοὺς
1376 742 1634 787 ασπαλοὶθους,

969 790 1011 826 τὸ
1045 790 1217 835 στόμιον,
1248 790 1335 836 τὴν
1347 790 1518 844 τρίοδον,
1544 789 1637 829 τοὺς

969 836 1163 877 δικαστάς·
1189 837 1273 879 περὶ
1303 837 1356 871 ιον
1383 832 1406 870 o'
1427 848 1466 870 τε
1495 834 1535 870 ἐν
1559 837 1635 869 Πο-

970 884 1084 929 λιτείᾳ
1108 883 1171 918 καὶ
1195 881 1214 918 ὁ
1237 882 1275 922 ἐν
1297 881 1438 925 Γοργία
1461 881 1527 916 καὶ
1552 878 1572 916 ὁ
1596 879 1637 921 ἐν

971 930 1137 964 Φαίδωνι
1157 931 1283 974 μῦθος
1303 918 1531 970 ἄνεδίδαξεν.

1014 987 1091 1032 καὶ]
1120 1001 1185 1022 om.
1213 986 1399 1021 Clementis
1423 987 1498 1020 cod.
1524 986 1634 1021 Paris.

969 1037 1004 1068 et
1028 1035 1170 1069 Eusebii
1194 1034 1267 1068 cod.
1292 1034 1387 1066 Ioan.

968 1137 986 1171 I
1016 1088 1182 1137 φθέγμα]
1220 1090 1363 1136 φλέγμα
1391 1090 1535 1125 Eusebii
1561 1091 1636 1124 cod.

988 1149 1061 1171 oan.

1017 1191 1274 1240 διαλαβόντες]
1294 1195 1347 1229 Ita
1364 1195 1452 1229 Lob.
1472 1196 1573 1229 Vind.
1591 1196 1637 1230 F.

970 1241 1063 1275 Mon.
1088 1242 1128 1273 B.
1154 1241 1230 1274 Par.
1250 1241 1295 1275 K.
1319 1243 1405 1285 Aug.
1429 1243 1471 1275 B.
1497 1242 1637 1277 Vat.M.

970 1287 1066 1320 Flor.
1099 1287 1242 1321 ARTU.
1276 1291 1310 1320 et
1347 1299 1367 1320 a
1400 1299 1443 1320 m.
1478 1299 1531 1333 pr.
1554 1289 1635 1322 Par.

971 1333 1044 1367 AD.
1082 1333 1158 1366 V.at
1185 1334 1226 1366 B.
1263 1340 1299 1366 et
1327 1334 1501 1367 referente
1532 1335 1566 1367 in
1589 1343 1634 1369 m.

973 1379 1148 1432 Stephano
1172 1379 1331 1412 Iustinus.
1363 1379 1442 1413 ἰδία
1469 1382 1635 1422 παραλα-

972 1423 1102 1479 βάντες
1128 1424 1235 1459 Clem.
1261 1425 1390 1459 Euseb.
1417 1416 1496 1471 ἰδίᾳ
1515 1438 1638 1481 παρα-

971 1469 1224 1516 λαμβάνοντες
1243 1471 1376 1505 Theod.
1403 1462 1485 1517 ἰδίᾳ
1501 1470 1638 1518 λαβόν-·

970 1529 1029 1556 τες
1048 1517 1169 1562 reliqui
1192 1517 1327 1550 codices
1339 1508 1489 1551 Platonis
1510 1524 1545 1552 et
1561 1519 1636 1552 Ald.

971 1564 1052 1597 Bas.
1076 1563 1131 1596 ab.
1161 1563 1282 1607 steph.
1303 1566 1378 1598 Ast.
1403 1565 1463 1597 hos
1485 1576 1637 1599 seorsum

970 1610 1167 1653 rapiebant,
1190 1611 1381 1643 Ardiaenm
1399 1612 1528 1645 scilicet
1546 1613 1637 1645 eius-

970 1667 1048 1735 {³35
1061 1657 1638 1745 P351²⁷25325fi0323ss223⁸ffi⁸.‘3.

970 1749 1050 1785 fert,
1069 1752 1183 1780 utrum
1196 1748 1274 1781 ἰδία
1292 1747 1481 1793 λαβόντες,
1500 1761 1542 1783 an
1557 1749 1637 1783 δια-

971 1791 1150 1838 λαβόντες
1175 1794 1290 1838 legas3
1315 1806 1391 1829 nam
1414 1795 1504 1840 quod
1530 1796 1636 1830 Stall-

970 1839 1126 1874 baumius
1151 1839 1343 1893 διαλαβεῖν
1368 1843 1521 1875 medium
1545 1854 1638 1876 com—

970 1887 1183 1930 prehendere
1200 1887 1459 1932 interpretatur,
1480 1888 1638 1921 ducenti-

972 1933 1037 1965 bus
1055 1932 1193 1975 gravius
1214 1933 1371 1976 iniungst,
1389 1945 1489 1978 quam
1512 1934 1637 1975 ductis,

973 1985 1009 2011 et
1019 1978 1278 2022 descriptionem
1292 1979 1403 2012 inutili
1414 1985 1534 2012 onerat
1546 1991 1636 2013 com-

971 2031 1103 2065 mento;
1135 2024 1195 2057 sed
1227 2025 1360 2058 codices
1395 2024 1638 2070 διαλαβόντες

972 2070 1145 2115 praeferri
1165 2070 1294 2111 iubent,
1313 2071 1408 2104 cuius
1425 2073 1570 2105 alterum
1581 2073 1639 2105 vel

971 2116 1140 2160 glossema
1175 2120 1227 2149 est
1262 2117 1317 2150 vel
1349 2117 1550 2162 depravatio
1586 2118 1638 2152 sic

971 2167 1059 2199 orta.
1081 2168 1120 2195 ut
1143 2162 1184 2196 L.
1207 2163 1323 2197 VIIII.
1350 2175 1384 2208 Ρ.
1403 2164 1484 2199 577.
1496 2166 1535 2198 A.
1557 2164 1636 2198 ἰδία

972 2205 1085 2242 ἀνοία
1109 2219 1151 2241 ex
1178 2208 1338 2243 διανοία.
1387 2210 1517 2243 Contra
1544 2211 1638 2243 Iam-

971 2254 1075 2287 blichi
1101 2254 1143 2287 de
1168 2262 1268 2297 m)·.st
1293 2257 1404 2300 p.33,
1416 2258 1448 2291 7.
1474 2256 1554 2290 Gal.
1574 2268 1636 2300 pro

969 2312 1039 2335 κατ
1083 2300 1183 2333 ἰδίαν
1203 2267 1562 2355 πρα)ματεν’σασθαι
1581 2302 1638 2336 alii

969 2346 1362 2390 διαπραῇματεύεσθαι
1389 2348 1612 2393 scripserunt.

1013 2400 1220 2449 Ἀρδιαῖον]
1263 2402 1438 2447 α’ρδίαιον
1483 2405 1558 2439 Pal.
1591 2406 1634 2439 A.

971 2445 1158 2493 αριδαῖον,
1182 2463 1257 2505 sup.
1283 2449 1470 2494 αρδιαῖον,
1490 2452 1569 2485 Par.
1590 2452 1635 2486 K.

970 2508 1039 2530 sec.
1065 2496 1138 2541 Bip.
1175 2493 1349 2539 οἷριδαιον
1378 2509 1451 2532 cum
1484 2497 1505 2531 δ
1532 2509 1635 2553 super

973 2554 1010 2584 ρι
1034 2546 1069 2575 et
1094 2555 1107 2575 ι
1131 2555 1233 2587 super
1260 2556 1299 2577 αι
1322 2556 1390 2577 sec.
1414 2544 1522 2578 Bekk.
1549 2541 1634 2586 Ἀρί-

973 2588 1083 2622 δαιον
1106 2589 1212 2623 Clem.
1238 2594 1272 2623 et
1295 2590 1427 2624 Theod.
1459 2590 1553 2622 cuius
1577 2602 1636 2624 co-

971 2634 1037 2667 dex
1071 2635 1267 2669 Vrsinianus
1299 2639 1386 2670 alter
1423 2631 1633 2680 α’ρισταῖον,

971 2681 1059 2714 alter
1084 2677 1260 2724 οἷρδιαῖον
1284 2682 1434 2716 exhibet.

1018 2722 1174 2772 ἄλλους]
1199 2740 1288 2768 τους
1313 2725 1350 2763 ἄ.
1375 2728 1482 2763 Clem.
1506 2728 1633 2762 Euseb.

1017 2774 1321 2819 συμποδίσαντες]
1345 2774 1454 2817 ξυμπ.
1477 2774 1568 2809 Flor.
1588 2775 1634 2808 T.
