1764 3176
268 121 325 161 38
734 117 1202 159 I‘LATONIS

266 227 488 283 πτωχοὺς,
531 228 598 270 ὅτι
641 229 722 271 εἰσί
763 242 853 271 που
887 228 933 271 ἐν
962 228 1106 286 τούτῳ
1137 232 1197 285 τῷ
1226 226 1346 286 τόπῳ
1378 224 1651 283 ἀποκεκρυμ-

267 298 390 352 μένοι
418 295 596 338 κλέπται
632 311 675 338 τε
714 294 787 339 καὶ
827 295 1188 353 βαλλαντιοτόμοι
1219 295 1293 339 καὶ
1323 292 1548 349 ἱερόσυλοι
1576 295 1652 338 καὶ

266 363 444 407 πάντων
472 367 562 406 τῶν
595 363 812 407 τοιούτων
843 369 991 408 κακῶν
1021 365 1295 421 δημιουργοί.
1353 366 1525 419 Δῆλον,
1554 362 1648 419 ἔφη.

270 431 324 473 Τι’
353 425 456 480 οὗνς
504 430 551 473 ἐν
590 438 684 483 ταῖς
723 430 1114 488 ὀλιγαρχουμέναις
1153 431 1303 475 πόλεσι
1341 430 1538 487 πτωχούς
1569 430 1650 488 οὐχ

266 495 373 556 ὁρᾷς
405 498 605 550 ἐνόνταςς
640 498 818 555 Ὀλίγον
846 500 889 555 γ’
892 535 901 553 ,
933 500 1040 557 ἔφη,
1079 499 1247 549 πάντας
1276 515 1380 550 τους
1411 497 1534 550 ἐκτὸς
1560 503 1649 544 τῶν

267 564 509 622 ἀρχόντων.
569 567 650 624 Μή
693 564 777 612 οὖν
814 568 1019 624 οἰόμεθα,
1063 568 1175 624 ε’φην
1213 566 1320 622 ἐγώ,
1357 568 1432 611 καὶ
1459 568 1650 624 κακούρ-

264 651 371 690 γους
399 635 593 687 πολλούς
628 636 675 679 ἐν
706 636 858 687 αὐταῖς
887 634 1000 680 εἶναι
1027 635 1186 691 κέντρα
1215 635 1413 691 ἔχοντας,
1454 634 1533 687 οὓς
1561 637 1647 680 ἐπι-

263 707 358 759 μελ
368 705 412 760 ίᾳ
451 705 526 761 βίᾳ
566 703 824 759 κατέχουσιν
873 705 921 748 αἱ
972 702 1131 760 doymi,-
1183 702 1382 758 Οἰόμεθα
1430 704 1510 760 μὲν
1549 722 1648 759 ουν,

262 770 362 828 ἔφη.
415 766 508 826 Αρ’
554 766 638 815 οὖν
679 770 733 815 οὐ
775 772 837 816 δι’
871 772 1159 816 απαιδευσίαν
1197 788 1270 815 και
1309 772 1448 829 κακὴν
1477 773 1650 831 τροφήν

262 839 336 882 καὶ
364 837 628 883 κατάστασιν
669 844 744 895 τῆς
784 842 1002 892 πολιτείας
1040 839 1239 897 φήσομεν
1274 840 1380 892 τοὺς
1417 841 1650 895 τοιούτους

310 997 405 1042 εἰσι]
442 996 503 1033 ciel
526 1000 619 1035 Mon.
644 1002 683 1034 B.
709 1001 769 1035 sed
798 1013 812 1034 8
839 1013 858 1034 a
884 1012 925 1034 111.

261 1056 288 1077 5.
313 1045 518 1099 pr.ofectmn

309 1088 439 1124 cino-,ta
431 1104 568 1135 ,ιρνιιμε
553 1091 654 1137 ’νοι]
683 1090 929 1135 ἁποκεκρνμὲ·

261 1147 322 1169 νοι
348 1137 425 1169 Bas.
452 1139 506 1171 ab.

308 1182 639 1229 βαλλαντιοτόμοι]
677 1184 812 1229 Duplex
841 1186 860 1217 λ,
885 1196 926 1218 ex

262 1228 341 1262 Par.
365 1230 404 1261 A.
434 1230 534 1264 Vind.
558 1231 632 1265 BE.
661 1232 746 1265 Ven.
768 1230 808 1264 C.
846 1237 881 1264 et
907 1242 927 1264 a

262 1285 305 1307 111.
332 1286 384 1318 pr.
405 1275 445 1309 B.
470 1276 561 1309 Flor.
588 1277 661 1311 AC.
687 1287 748 1321 pro
771 1276 926 1321 simplici,

262 1321 352 1364 quod
376 1319 411 1353 in
435 1322 574 1367 reliquis
599 1328 636 1356 et
660 1323 695 1356 in
722 1322 926 1356 editionibus

261 1366 413 1399 omnibus
438 1374 511 1410 est,
542 1369 698 1414 recipere
729 1380 795 1402 non
827 1368 927 1402 dubi-

261 1412 352 1453 tavi,
375 1413 469 1446 sed
459 1425 495 1446 111
520 1414 785 1459 antepenultima
810 1425 834 1447 α
852 1425 927 1448 cum

262 1469 329 1491 uno
353 1459 433 1493 Par.
463 1461 502 1493 A.
512 1472 590 1514 ‘pro
619 1472 638 1495 ο
667 1472 796 1506 ponere
819 1461 927 1494 minus

262 1507 373 1537 tutum
403 1511 456 1538 est
488 1506 618 1548 visum,
648 1518 850 1552 quamquam
875 1518 928 1548 ea,

262 1562 352 1596 quae
374 1550 569 1586 Lobeckius
595 1553 637 1586 ad
663 1554 789 1596 Ρ111311.
801 1565 835 1597 p.
848 1555 926 1589 652.

263 1608 339 1641 sqq.
365 1597 521 1642 collegit,
556 1598 599 1632 ad
625 1599 746 1644 optimi
769 1599 848 1632 libri
869 1611 928 1632 au-

261 1643 461 1677 ctoritatem
499 1642 746 1680 defendendam
787 1645 929 1679 faciunt.

262 1689 316 1723 De
367 1690 406 1723 λλ
452 1691 494 1724 cf.
536 1691 611 1725 Vol.
655 1692 683 1725 I.
726 1704 759 1736 p.
795 1692 861 1733 75,
897 1702 928 1724 a.

263 1734 306 1768 de
331 1736 625 1778 grammaticorum
652 1737 930 1771 hariolationibus

261 1781 517 1816 Bornemannus
551 1783 594 1816 ad
629 1783 785 1829 Xenoph.
811 1784 930 1828 Symp-

307 1873 458 1917 Δῆλον,
485 1871 590 1918 ἔφη]
626 1886 691 1909 om.
725 1875 803 1909 Par.
827 1876 867 1909 Α.

309 1927 381 1973 οὐχ
406 1927 523 1977 ὁρᾷς]
550 1927 711 1975 ου’χορᾶς
733 1933 834 1968 Vind.
859 1933 902 1966 F.

307 1985 475 2033 πάντας]
503 1986 655 2022 πάντων
684 1990 793 2030 idem,
816 1990 929 2024 incer-

262 2037 334 2068 tum
359 2040 438 2068 ante
462 2046 505 2068 an
528 2040 608 2081 post
625 2036 904 2072 emendationem.

310 2090 493 2137 οῐόμεθα]
522 2091 690 2136 οἰώμεθα
716 2093 802 2128 Lob.
829 2093 927 2127 Vind.

262 2137 304 2172 B.
330 2137 408 2174 Vat.
433 2139 546 2174 BHM.
572 2141 656 2175 Ven.
677 2141 716 2173 B.
742 2140 835 2174 Flor.
853 2140 927 2172 AV.

263 2190 300 2217 et
326 2196 346 2218 a
369 2197 409 2219 m.
432 2197 460 2220 s.
484 2186 564 2220 Par.
591 2186 631 2221 A.
665 2185 742 2220 Ald.
766 2187 846 2219 Bas.
872 2187 927 2220 ab.

264 2230 333 2271 Qui
365 2231 395 2264 si
429 2243 542 2265 omnes
580 2232 723 2266 eundem
750 2231 928 2265 Adimanto

263 2277 482 2321 respondenti
500 2278 632 2312 modum
649 2279 852 2320 tribuerent,
864 2278 927 2311 du—

263 2322 366 2356 bitari
385 2330 511 2367 posset,
535 2330 614 2358 uter
633 2329 837 2369 praestaret
861 2325 928 2358 So—

263 2368 312 2401 let
334 2370 420 2402 enim
447 2368 496 2414 μὴ
529 2371 564 2404 111
588 2370 855 2415 interrogatione
878 2370 928 2404 ita

264 2426 340 2448 cum
372 2415 556 2451 indicativo
587 2418 760 2458 construi,
801 2423 840 2450 ut
867 2428 927 2450 ne-

261 2461 410 2504 gationis
426 2463 715 2507 exspectationem
734 2463 848 2498 faciat.
869 2462 926 2496 cf.

264 2507 410 2540 Graseri
440 2509 620 2552 Specimen
656 2509 927 2543 adversariorum

263 2565 296 2598 p.
317 2552 374 2588 34.
423 2554 537 2595 Quid,
565 2556 654 2600 quod
674 2556 757 2589 ferri
781 2556 928 2600 quodam

265 2599 361 2632 modo
404 2599 585 2634 diversitas
623 2603 732 2646 possit
759 2608 796 2635 et
820 2613 925 2645 quae-

263 2646 355 2679 renti
383 2646 462 2679 Non
477 2648 587 2690 igitur
609 2654 839 2691 putemus-.
830 2648 848 2672 P
872 2659 926 2681 re-

263 2703 422 2736 sponsum
455 2692 565 2726 videri
603 2694 770 2728 Putamus
794 2695 924 2739 utique,

262 2737 296 2772 h.
325 2750 354 2771 e.
389 2738 529 2772 facimus
561 2739 615 2781 id,
649 2740 739 2785 quod
770 2743 808 2774 tu
848 2752 926 2774 1111111

265 2795 329 2817 11011
354 2779 468 2818 facere
492 2766 675 2820 debeamus
696 2797 807 2831 iogaS.
856 2787 926 2820 Ve-

986 1013 1058 1036 rum
1108 1006 1223 1034 tamen
1269 1010 1311 1033 ea
1352 1000 1484 1035 ratione
1527 1004 1646 1047 utpote

984 1046 1148 1100 quaesita
1166 1045 1404 1080 abstinendum
1427 1058 1538 1093 neque
1563 1059 1647 1083 vero

983 1093 1050 1126 11115
1086 1092 1168 1126 locis
1209 1092 1373 1126 utendum
1414 1098 1519 1138 puto,
1562 1105 1648 1139 quos

985 1141 1160 1173 Graserus
1203 1150 1238 1184 p.
1278 1139 1334 1173 35.
1376 1150 1419 1172 ex
1456 1140 1648 1184 Protagora

984 1197 1019 1230 p.
1042 1187 1119 1220 312.
1146 1186 1185 1218 A.
1218 1189 1252 1217 et
1276 1184 1425 1219 Menone
1457 1197 1491 1230 p.
1517 1188 1572 1222 89.
1604 1186 1645 1219 C·

984 1238 1156 1276 tamquam
1199 1230 1387 1275 particulae
1433 1243 1508 1266 cum
1551 1233 1648 1266 affir-

984 1277 1140 1311 mationis
1165 1277 1418 1321 exspectatione
1436 1278 1570 1322 positae
1587 1289 1648 1312 ex—

984 1323 1094 1368 empla
1118 1322 1258 1365 citavit,
1293 1333 1435 1367 quorum
1469 1324 1563 1369 prior
1585 1325 1649 1358 (111-

983 1369 1074 1403 biam
1097 1369 1286 1410 lectionem,
1309 1374 1431 1402 neuter
1454 1369 1649 1415 interroga-

984 1415 1112 1449 tionem
1138 1415 1252 1448 habet.
1302 1415 1352 1448 Et
1383 1416 1543 1460 quoniam
1565 1416 1650 1450 illud

982 1459 1032 1505 μὴ
1070 1472 1172 1506 saepe
1214 1460 1266 1494 ita
1302 1461 1461 1505 ponitur,
1503 1467 1543 1495 ut
1575 1473 1648 1496 rem

986 1507 1138 1552 quamvis
1160 1506 1391 1540 incredibilem
1415 1512 1450 1541 et
1473 1508 1586 1563 talem3
1609 1512 1650 1542 ut

985 1553 1140 1597 neganda
1170 1553 1351 1606 videatur,
1398 1553 1499 1588 nihilo
1539 1554 1649 1588 minus

987 1599 1083 1633 credi
1125 1600 1168 1632 ab
1209 1599 1446 1642 interrogante
1480 1604 1516 1634 et
1550 1601 1650 1634 affir-

986 1645 1141 1680 mandam
1164 1645 1299 1690 potius,
1334 1657 1435 1690 quam
1458 1646 1649 1690 negandam

987 1692 1174 1725 existimari
1197 1691 1392 1735 significet,
1418 1692 1523 1726 veluti
1546 1704 1649 1747 quum

986 1738 1138 1793 Euthyd.
1166 1750 1198 1783 p.
1224 1740 1304 1772 291.
1332 1739 1372 1771 A.
1406 1738 1569 1772 Socrates
1597 1738 1649 1772 di-

984 1784 1032 1818 cit
1077 1781 1172 1827 αλλ’,
1217 1783 1245 1817 (ὁ
1281 1781 1450 1826 δαιμόνιε
1487 1784 1647 1828 Κρίτων,

983 1828 1034 1885 μή
1068 1842 1122 1869 τις
1153 1829 1228 1863 τῶν
1260 1827 1481 1874 κρειττόνων
1515 1830 1649 1875 παρὼν

984 1873 1083 1909 αυτεὶ
1120 1873 1352 1931 ἐφθέγξατος
1391 1882 1426 1910 et
1459 1876 1557 1911 Crito
1590 1889 1647 1911 re·

983 1923 1146 1973 spondet
1151 1921 1213 1956 ναὶ
1237 1919 1289 1964 μοὶ
1314 1922 1409 1964 Δία,
1435 1922 1464 1956 ω’
1481 1921 1645 1977 Σιόκρα-

983 1979 1062 2024 τες,
1095 1967 1170 2001 τῶν
1193 1965 1413 2011 κρειττόνων
1443 1966 1570 2011 μέντοι
1592 1981 1648 2008 τις

984 2011 1066 2057 ἐμοὶ
1091 2014 1213 2056 δοκεῖ,
1246 2013 1309 2047 και
1341 2011 1438 2047 πολύ
1461 2025 1524 2058 γε,
1559 2026 1648 2060 quae

984 2060 1094 2116 omnia
1115 2039 1234 2109 eadein
1258 2060 1393 2101 forent,
1427 2061 1454 2093 si
1482 2061 1648 2095 Socrates

985 2103 1050 2162 ἄρ’
1094 2105 1163 2140 οὐν
1202 2117 1279 2139 των
1323 2103 1544 2149 κρειττόνων
1593 2118 1648 2146 τις

985 2149 1083 2186 αὐτὰ
1125 2149 1334 2195 ἐφθέγξατο
1379 2152 1541 2195 dixisset,
1585 2153 1649 2187 hac

982 2198 1089 2242 igitur
1122 2210 1159 2231 re
1192 2199 1319 2231 factum
1344 2204 1448 2241 puto,
1483 2204 1522 2232 ut
1545 2199 1649 2233 etiam

983 2245 1042 2278 ubi
1074 2256 1130 2278 res
1154 2244 1287 2277 minime
1311 2243 1518 2278 incredibilis
1543 2249 1648 2287 esset,

983 2290 1028 2325 ad
1074 2291 1140 2324 vim
1174 2290 1339 2323 orationis
1373 2291 1564 2334 augendam
1611 2297 1648 2325 et

983 2337 1127 2370 animum
1181 2335 1347 2370 auditoris
1402 2337 1647 2371 advertendum

986 2383 1209 2417 dubitationis
1245 2383 1377 2427 species
1408 2395 1469 2428 pro
1504 2383 1647 2429 simplici

982 2428 1249 2475 interrogatione
1273 2435 1505 2463 assumeretur
1537 2436 1573 2464 et
1595 2428 1644 2474 μὴ

984 2487 1045 2520 pro
1072 2470 1147 2519 ἆρα
1172 2474 1355 2508 diceretur.
1391 2475 1446 2509 Cf.
1475 2477 1647 2510 Bernhar-

983 2522 1028 2565 d)
1052 2528 1142 2566 synt.
1171 2533 1202 2566 p.
1229 2523 1307 2557 397.

1029 2577 1112 2622 και]
1140 2591 1205 2614 om.
1229 2579 1332 2612 Vind.
1356 2579 1395 2615 B.
1420 2579 1498 2614 vat.
1517 2580 1566 2616 Η.

1023 2653 1068 2703 ἐν
1092 2643 1247 2689 αὐταῖς]
1281 2645 1320 2681 ἐν
1349 2645 1462 2693 αὖτῆι
1493 2648 1578 2683 Lob.
1606 2647 1644 2683 ἐν

982 2705 1077 2736 αντη
1113 2695 1191 2726 Vat.
1218 2694 1266 2728 Μ.
1302 2695 1337 2727 in
1373 2707 1415 2728 ea
1447 2695 1523 2728 Fic.
1558 2695 1643 2740 (qui

982 2740 1015 2773 in
1042 2739 1272 2784 superioribus
1298 2737 1426 2775 πόλεσι
1449 2743 1644 2776 civitatibus

981 2785 1140 2820 ieddidit.
1145 2786 1162 2829 )

1677 2572 1710 2612 E
