1764 3176
47 1246 86 1288 D

459 182 794 226 CIVITAS
839 181 1191 225 LIB.V]11.545
1442 184 1495 223 11

115 295 225 350 Φέρε
265 295 444 347 τοίνυν,
477 289 536 352 ἦν
565 291 608 338 δ’
638 293 744 350 ἐγώ,
773 293 1028 349 πειρώμεθα
1059 293 1223 350 λέγειν,
1263 293 1362 336 τίνα
1391 292 1498 347 τρό-

112 379 199 408 πον
236 364 495 419 τιμοκρατία
533 360 696 418 γένοιτ’
738 361 796 405 ἂν
837 363 880 415 ἐξ
928 360 1272 416 ἀριστοκρατίας.
1320 360 1350 418 ἦ
1399 359 1499 404 τόδε

112 431 192 488 μὲν
228 431 427 484 ἁπλοῦν,
475 431 544 475 ὅτι
580 435 699 474 πᾶσα
740 431 936 474 πολιτεία
977 428 1235 484 μεταβάλλει
1273 430 1315 482 ἐξ
1358 427 1499 473 αὐτοῦ
1524 429 1561 469 D

111 503 194 544 τοῦ
235 499 410 554 ἔχοντος
448 499 526 550 τοὶς
563 497 721 554 ἀρχὰς,
777 498 886 542 ὅταν
924 497 971 541 ἐν
1010 496 1132 556 αὐτῳ
1169 498 1311 555 τούτῳ
1352 497 1503 548 στάσις

111 565 354 623 ἐγγένηται,
386 565 686 623 ὁμονοοῦντος
719 566 778 619 δε,
809 565 894 610 κᾶν
923 564 1043 609 πάνυ
1073 565 1224 622 ὀλίγον
1252 569 1302 623 ἡ,
1336 565 1503 610 αδύνα-

110 652 190 679 τον
227 639 488 692 κινηθῆναις
518 633 640 677 ’Ἐστι
683 652 769 690 γαρ
808 635 937 678 οὕτω.
1007 638 1110 685 Πῶς
1140 636 1224 677 οὐν
1257 634 1332 691 δὴ,
1364 632 1504 686 εἶπον,

112 698 146 747 ὦ
179 702 418 756 Γλαύκων,
448 703 475 760 ἡ
506 702 631 754 πόλις
659 701 768 760 ἡμῖν
795 703 1104 761 κινηθήσεται,
1134 703 1206 745 καὶ
1239 707 1299 758 πῆ
1331 702 1502 746 στασιά-

111 782 266 814 σουσιν
306 773 351 815 οἱ
390 772 616 825 ἐπίκουροι
644 773 716 816 καὶ
748 775 791 816 οἱ
822 772 1027 828 ἄρχοντες
1064 771 1176 826 πρὸς
1209 769 1426 828 ἀλλήλους
1457 787 1502 814 τε

110 839 185 884 καὶ
226 839 337 896 πρὸς
384 839 591 892 ἕαυτούςς
652 840 681 896 ἢ
730 841 905 897 βούλει,
968 840 1111 894 ὥσπερ
1149 839 1370 896 ”Ομηρος,
1434 836 1501 882 εὕ-

109 909 287 966 χώμεθα
331 914 425 959 ταῖς
466 907 677 960 Μούσαις
730 911 866 953 εἰπεῖν
917 909 1046 968 ἡμῖν,
1096 907 1214 958 ὅπως
1269 906 1323 964 δή
1372 910 1499 963 ’πρῶψ

109 993 189 1022 τον
231 977 381 1028 στάσις
418 976 593 1034 ἔμπεσε,
632 978 708 1021 καὶ
755 983 907 1034 φῶμεν
964 975 1100 1028 αὐτας
1148 979 1386 1032 τραγικῶς,
1440 974 1501 1026 ὥς
1529 973 1562 1013 Ε

111 1045 222 1101 πρὸς
263 1048 424 1098 παῖδας
467 1045 580 1103 ἡμᾶς
629 1045 870 1100 παιζούσας
927 1046 1002 1090 καὶ
1054 1044 1391 1102 ἐρεσχηλούσας,
1442 1041 1500 1095 ὥς

157 1190 209 1240 ἢ]
244 1195 335 1237 Quin
368 1195 443 1229 Fic.
476 1228 481 1231 ,
835 1195 1031 1238 Homerici,
1078 1206 1120 1229 ex
1154 1206 1221 1239 quo
1266 1194 1352 1226 haec
1390 1193 1502 1237 petita

158 1241 229 1275 τοῦ
256 1239 424 1285 ε’χοντος]
450 1241 519 1275 τοῦ
541 1253 605 1275 om.
628 1242 716 1286 Ang.
736 1241 776 1275 Β.
835 1245 935 1284 sunt,
962 1243 999 1276 Il.
1021 1222 1121 1276 XVI.
1148 1243 1225 1275 112.
1251 1235 1406 1274 Ἔσπετε
1430 1238 1501 1272 νῦν

160 1285 397 1343 ἐγγένηται,]
452 1283 651 1331 εγγένηται.
701 1288 777 1321 Ald.
834 1299 898 1344 μοι
924 1268 1083 1322 ἶΜοῦσαι
1127 1284 1312 1342 Ὀλύμπια
1350 1282 1500 1328 δώματ’

114 1334 198 1368 Bas.
223 1334 279 1368 ab.
305 1330 520 1377 ἐγγένηταις
545 1334 667 1379 Steph.
685 1334 778 1368 Bek-
836 1331 1007 1378 ἔχουσαι,
1057 1330 1190 1372 ὅππως
1247 1330 1292 1376 δὴ
1350 1332 1504 1373 πρῶτον

115 1381 221 1414 kerus
258 1383 294 1413 et
327 1379 583 1413 Stallbaumius.
640 1380 688 1414 Hi
725 1380 779 1413 vi-
835 1380 911 1423 πῦρ
941 1379 1070 1424 ε’μπεσε
1091 1378 1224 1423 νηυσὶν
1246 1377 1405 1422 Ἀχαιῶν.
1431 1378 1505 1411 Eo-

113 1426 236 1460 dentur
261 1422 300 1460 δὲ
330 1429 410 1470 post
435 1422 690 1469 ὁμονοοῦντος
721 1438 778 1459 re-
836 1427 911 1460 dem
937 1439 1019 1460 usus
1045 1432 1100 1460 est
1124 1426 1247 1460 Cicero
1272 1425 1314 1458 ad
1339 1425 1410 1458 Att.
1424 1424 1464 1457 L.
1476 1424 1502 1460 I.

112 1472 291 1507 ferendum
332 1475 485 1527 putasse
513 1472 556 1506 ad
602 1470 668 1516 μὲν
700 1477 778 1517 post
835 1486 890 1519 ep.
919 1474 973 1508 16.
1009 1474 1044 1507 in
1068 1484 1107 1506 re
1131 1484 1198 1506 non
1222 1471 1377 1505 absimili.

112 1516 224 1553 τόδεε
258 1517 338 1552 mihi
361 1518 424 1551 hoc
447 1516 536 1562 μὲν,
571 1524 612 1552 ut
635 1530 778 1552 sexcen-

113 1565 181 1599 ties
204 1568 285 1609 post
308 1575 516 1608 pronomen,
540 1565 707 1619 elliptice
716 1576 778 1609 po—

113 1611 215 1645 situm
239 1615 275 1644 et
307 1609 450 1643 alterum
480 1612 662 1644 membrum
688 1606 779 1653 ὁμο-

113 1656 296 1695 νοοῦντος
321 1652 361 1689 δε
394 1660 460 1691 ete.
497 1657 778 1711 quemadmodum

113 1703 210 1748 prius
233 1702 337 1736 πᾶσα
357 1703 528 1737 πολιτεία
557 1709 622 1736 etc.
648 1704 691 1736 ab
718 1698 780 1737 ὅτι

114 1749 265 1805 pendere
288 1748 438 1782 videtur.

160 1789 361 1839 παν-ᾖ]
395 1793 458 1828 καὶ
480 1814 527 1820 —
551 1789 574 1838 ἢ
607 1794 711 1831 Vind.
735 1794 778 1827 F.

115 1852 204 1876 corr.
227 1841 262 1874 in
286 1840 386 1874 huius
409 1844 562 1874 accentu.

161 1883 365 1930 ἀδύνατον]
394 1883 584 1926 ἀδύνατος
613 1885 708 1920 Flor.
733 1886 779 1919 U.

162 1929 302 1976 οὕτω]
331 1928 464 1973 οὕτως.
488 1933 679 1966 Bekkerus.

882 1542 1086 1587 τραγικως]
1131 1540 1222 1574 Huic
1256 1539 1290 1572 in
1331 1539 1424 1573 Mon.
1459 1539 1500 1572 B.
1530 1541 1565 1581 E

835 1587 898 1622 int.
931 1600 1023 1623 vers.
1058 1600 1078 1621 a
1118 1599 1162 1621 111.
1195 1598 1224 1621 5
1268 1585 1502 1630 praepositum

836 1638 888 1668 est
912 1646 984 1678 μη,
1010 1635 1065 1668 cui
1088 1632 1271 1667 inserendo
1292 1631 1504 1664 occasionem

836 1681 971 1714 dedisse
1009 1680 1146 1714 videtur
1193 1678 1285 1731 quod
1315 1677 1350 1710 in
1385 1677 1504 1710 eodem

837 1727 954 1760 codice
978 1726 1092 1780 paullo
1116 1728 1197 1769 post
1220 1723 1345 1766 legitur
1370 1720 1409 1756 δὲ
1441 1734 1505 1767 pro

837 1771 883 1816 δὴ
907 1773 998 1806 inter
1022 1784 1074 1811 ως
1095 1777 1130 1804 et
1154 1769 1314 1814 σπουδῇ.
1362 1769 1508 1803 Scilicet

837 1818 1019 1862 τραγικῶς
1047 1815 1163 1861 λέγειν
1194 1816 1261 1850 iste
1302 1827 1367 1849 non
1402 1827 1507 1858 syno-

837 1876 995 1908 nymum,
1030 1868 1070 1897 ut
1103 1867 1156 1896 est
1169 1862 1274 1917 ,5εό
1309 1862 1503 1916 oppositmn

838 1911 1058 1944 existimabat
1097 1909 1152 1956 τῷ
1198 1905 1503 1952 ’ὑψηλολογουμέ-

838 1969 907 1996 νας
941 1954 1019 2000 λε’γε
1024 1968 1069 1989 ιν.
1126 1944 1206 1989 ‘Alio
1241 1955 1340 1987 modo
1374 1954 1504 1988 erravit

163 1979 277 2022 Πως]
305 1979 379 2023 πῆ’
406 1991 481 2025 sup
506 1981 590 2022 ποῖ’
625 1979 707 2012 Par
733 1978 778 2012 K'
837 2003 1171 2037 Schleiermacherus
1219 2011 1403 2046 τραγικως
1459 1999 1502 2034 ad

117 2025 335 2119 δθεοῦῗίρδή,
361 2066 491 2127 εἷπον]
518 2064 567 2114 ἦν
592 2067 631 2104 δε
661 2066 779 2114 εἷπον,
838 2061 967 2094 ‘pamm'
1000 2050 1167 2082 reffflens

119 2129 139 2152 a
163 2119 332 2173 111.5.ήν
361 2115 399 2151 δε
423 2114 513 2160 ἐγω,
543 2117 635 2151 Mon.
660 2117 699 2150 Β.
885 2114 1178 2161 ἐρεσχηλούσας]
1215 2115 1272 2149 Ita
1297 2115 1377 2149 Par.
1402 2115 1444 2149 A.
1469 2118 1504 2148 et

130 2184 134 2188 -
165 2176 194 2197 ω
220 2161 423 2219 Γλαύκων]
451 2176 515 2197 om.
541 2164 622 2198 Vat.
652 2163 701 2197 M.
839 2176 859 2198 a
883 2175 927 2196 m
953 2175 1006 2209 pr.
1033 2165 1119 2198 Ven.
1143 2163 1183 2197 C.
1209 2173 1387 2206 quoscum
1410 2161 1505 2194 Bek-

165 2205 280 2253 ἡμῖν]
304 2206 412 2253 ημῶν
436 2210 530 2243 Flor.
559 2211 600 2243 C.
840 2211 923 2243 kero
965 2210 1169 2265 sequendos
1191 2208 1331 2252 putavi:
1381 2206 1506 2252 reliqui

166 2254 230 2289 καὶ
250 2256 329 2300 πῆ]
356 2255 420 2289 καί
449 2268 500 2300 πη
520 2255 607 2289 Lob.
632 2253 696 2289 καὶ
716 2254 783 2300 πῇ,
842 2256 964 2301 scripti
989 2262 1023 2289 et
1047 2256 1127 2289 editi
1153 2251 1415 2298 ἐρεσχελούσας
1446 2254 1508 2286 ha—

123 2313 203 2362 sup.
226 2304 283 2359 οῖ,
309 2303 389 2336 Par.
408 2302 454 2337 K.
478 2314 547 2336 sec.
570 2302 681 2336 Bekk.
843 2303 936 2336 bent.
961 2302 1061 2336 Haud
1088 2301 1189 2335 aliter
1214 2301 1361 2334 Phaedr.
1383 2311 1415 2343 p.
1426 2301 1506 2335 236.

169 2346 206 2381 οὶ
243 2345 436 2392 ἐπικουροι
468 2361 533 2382 και
572 2347 609 2381 οἱ
653 2343 785 2390 ἄρχον·
843 2349 883 2383 Β.
929 2345 1133 2404 ἓρεσχηλων
1175 2350 1209 2380 et
1251 2346 1336 2390 Leg.
1378 2346 1419 2379 L
1462 2345 1509 2379 X.

122 2394 204 2438 τες]
238 2395 391 2428 Alterum
427 2393 464 2428 οἱ
507 2406 571 2428 om.
607 2394 707 2429 Vind.
741 2394 786 2428 F.
844 2407 879 2439 p.
904 2395 983 2429 885.
1009 2395 1051 2428 C.
1080 2391 1359 2437 ἐρεσχηλοῦντες
1391 2391 1508 2437 optimi

121 2441 208 2492 Ang.
248 2441 291 2475 Β.
328 2441 502 2485 principes
529 2445 563 2475 et
593 2441 787 2484 defensores
844 2441 941 2482 libri,
978 2440 1096 2474 Clark.
1121 2441 1201 2474 Vat.
1225 2440 1266 2473 A.
1304 2440 1379 2474 Ven
1405 2439 1445 2472 C.
1473 2443 1508 2472 et

122 2486 200 2519 F1c.
844 2499 964 2521 novem
996 2486 1054 2520 alii
1088 2486 1120 2519 in
1147 2485 1322 2526 Phaedro,
1355 2485 1436 2519 Par.
1465 2485 1508 2518 A.

171 2527 366 2574 εὐχώμεθα
386 2531 400 2575 ]
449 2529 637 2576 εὐχόμεθα
691 2532 785 2566 Flor.
845 2539 880 2567 et
903 2534 983 2567 vat.
1011 2532 1052 2566 C.
1085 2532 1118 2564 in
1143 2531 1314 2588 Legibus,
1346 2543 1408 2576 pro
1434 2531 1509 2564 vul-

125 2578 198 2612 AC.
845 2579 935 2624 gatis
980 2576 1176 2622 ερεσχελων
1206 2581 1241 2610 et
1279 2574 1508 2622 ἐρεσχελοῦν-

172 2623 336 2667 πρῶτον]
363 2635 428 2657 om.
454 2624 541 2660 Lob.
567 2625 645 2659 vat.
670 2624 750 2658 ΒΜ.
844 2637 903 2664 τες
942 2624 1047 2658 scribi
1094 2624 1233 2664 iubent,
1289 2624 1380 2669 quod
1427 2623 1510 2657 fecit

171 2668 323 2714 ἔμπεσε]
352 2666 456 2703 ε’πεσε
480 2672 560 2705 Vat.
577 2671 619 2706 B.
649 2667 786 2727 ἐμπέση
846 2671 1049 2712 Bekkeiffus
1083 2674 1118 2704 et
1150 2670 1282 2704 Phil.eb
1319 2682 1352 2715 p.
1381 2671 1438 2705 53.
1463 2669 1508 2703 Ε.

126 2717 226 2751 Vind.
250 2716 294 2750 F.
311 2717 398 2759 Ang.
423 2717 463 2749 B.
491 2717 587 2750 Flor.
605 2717 683 2751 RT.
708 2713 788 2751 ενέ-
847 2716 1074 2758 Claikianus‚
1109 2728 1312 2774 quamquam
1344 2717 1436 2750 solus
1474 2720 1510 2749 et

125 2773 212 2796 πεσε
245 2763 326 2796 Bas.
353 2762 387 2796 b.
422 2761 516 2795 Idem
541 2763 787 2796 Stallbaumius
846 2775 888 2797 ex
920 2762 1173 2805 emendatione,
1207 2760 1390 2815 ἐρεσχηλεῖ
1412 2761 1509 2796 exhi-

123 2809 158 2842 in
182 2820 250 2843 sec.
276 2819 343 2841 non
375 2808 502 2842 monito
535 2809 664 2843 lectore
691 2809 790 2842 exhi-
845 2810 917 2844 bet.
963 2809 1095 2842 Eodem
1128 2808 1225 2842 modo
1258 2809 1424 2865 scriptum
1455 2811 1509 2842 est

124 2855 216 2897 buit,
251 2855 425 2892 immemor
458 2866 532 2889 cum
567 2854 692 2889 ceteris
724 2855 790 2890 loci
845 2855 880 2889 in
916 2855 1081 2890 Moeridis
1123 2855 1316 2898 codicibus,
1364 2851 1506 2900 ἐρεσχη-
