1764 3176
169 118 287 158 .112
628 116 1098 158 PLATONIS

203 228 359 270 εἰπεῖν·
412 226 436 270 ὃ
476 226 521 270 δὲ
560 225 814 283 βουλόμεθα
849 231 1035 284 γνῶναι,
1076 225 1174 270 τόδ’
1215 229 1355 280 ἐστὶν,
1396 227 1455 280 ὥς
1494 229 1580 283 ἄρα

203 294 347 338 δεινόν
387 311 427 336 τι
456 295 529 337 καὶ
559 293 714 349 ἄγριον
744 295 817 338 καὶ
848 294 1019 350 ἄνομον
1057 293 1303 350 ἐπιθυμιῶν
1336 294 1450 348 εἶδος
1479 296 1578 339 ἑκά-

202 374 287 419 στῳ
328 362 486 412 ἔνεστι,
525 363 600 405 καὶ
638 361 755 406 πάνυ
796 365 1008 406 δοκοῦσιν
1044 360 1169 418 ἡμῶν
1207 364 1341 415 ἐνίοις
1390 366 1580 419 μετρίοις

199 427 325 472 εἶναι.
383 433 514 472 τοῦτο
557 429 602 473 δὲ
635 429 720 483 ἄρα
759 429 806 472 ἐν
846 435 938 480 τοῖς
967 429 1124 481 ὕπνοις
1161 433 1352 487 γίγνεται
1382 431 1578 487 ἔνδηλον.

199 499 235 540 εἰ
274 493 357 540 οὖν
401 515 442 541 τι
483 500 600 541 δοκῶ
637 498 777 553 λέγειν
816 498 889 540 καὶ
943 503 1199 553 συγχωρεῖς,
1244 498 1382 553 ἄθρει.
1454 498 1580 543 Ἀλλὰ

199 566 419 621 ξυγχωρῶ.
502 566 590 609 Τὸν
640 567 793 609 τοίνυν
836 565 1073 621 δημοτικὸν
1127 565 1429 624 ἀναμνήσθητι
1481 565 1579 611 οἷον

136 640 167 682 C
203 633 369 689 ἔφαμεν
410 631 536 676 εἶναι.
586 627 640 688 ἦν
672 633 717 676 δέ
748 649 836 677 που
869 632 1058 688 γεγονώς
1090 633 1136 677 ἐκ
1166 634 1271 678 νέου
1301 635 1389 679 ὑπὸ
1419 638 1578 691 φειδω-

159 710 161 718 ¹
198 706 260 758 λῷ
307 703 439 756 πατρὶ
485 700 804 756 τεθραμμένος,
844 701 921 751 τοὶς
959 702 1294 757 χρηματιστικὰς
1344 704 1580 758 ἐπιθυμίας

198 774 379 826 τιμῶντι
420 768 580 825 μόνας,
619 767 698 819 τὰς
739 770 784 812 δὲ
823 768 880 824 μὴ
923 767 1212 824 α’ναγκαίους,
1254 770 1366 814 ἄλλα
1403 774 1581 821 παιδιᾶς

199 854 243 881 τε
281 838 355 881 καὶ
394 840 705 892 καλλωπισμοῦ
746 836 872 880 ἕνεκα
911 839 1169 894 γιγνομένας
1218 836 1481 893 ατιμάζοντι.
1550 833 1579 894 ἦ

199 904 310 962 γάρς
350 907 454 948 Ναί.
514 903 796 961 Συγγενομει
800 922 848 957 ος
887 905 932 949 δὲ
971 907 1258 962 κομψοτέροις
1288 905 1478 962 ανδράσι
1508 907 1580 950 καὶ

201 1075 331 1108 kerum.
356 1071 414 1108 ἐπὶ
433 1072 612 1118 οἷνόμοιον
627 1080 692 1109 etc.
712 1075 860 1110 sedecim

912 1080 1142 1120 posteaquam
1184 1089 1206 1110 a
1246 1087 1352 1120 puero
1388 1076 1450 1109 sub
1479 1080 1582 1120 patre

200 1120 372 1154 vocabulis
397 1122 527 1155 omissis
558 1122 652 1155 Vind.
679 1121 720 1156 Ε.

914 1134 1033 1177 parco
1042 1124 1207 1156 educatus
1225 1124 1306 1163 fuit.

247 1163 354 1210 τόδ’]
388 1164 432 1200 τό
459 1165 497 1200 δ’
524 1168 620 1202 Stob.
655 1169 759 1200 Geso.
783 1167 860 1202 Ald.

962 1165 1039 1202 ὑπὸ
1067 1169 1256 1213 φειδωλῷ]
1283 1166 1460 1212 νποφειδ.
1480 1167 1580 1201 Vind.

200 1213 282 1246 Bas.
307 1213 359 1245 ab.
383 1209 426 1246 τό
453 1210 492 1246 δ’
519 1214 616 1247 Stob.
636 1214 755 1248 Txinc.
773 1211 859 1247 τόδε
917 1215 960 1249 Ε.

124 1293 137 1298 ‚
203 1259 289 1292 Lob.
324 1258 464 1292 Ficinus
512 1260 642 1293 Ταῦτα
680 1279 726 1284 -
772 1256 858 1293 τόδ’

199 1302 297 1338 ἐστὶν
320 1305 370 1337 ita
395 1306 582 1338 convertit:
620 1307 711 1348 Quid
727 1305 859 1350 plura?

200 1351 236 1384 id
260 1351 456 1383 summatim
482 1353 645 1385 volumus.

245 1395 307 1429 καὶ
332 1391 482 1442 ἄγριον]
520 1401 598 1443 post
631 1397 694 1432 καὶ
719 1393 863 1441 ἄνομον

198 1443 284 1476 Lob.
313 1443 389 1476 Ver..
419 1443 467 1475 M.

249 1484 401 1531 ἄνομον]
430 1484 602 1533 ἄγνωμον
621 1488 754 1522 Ven.B.
775 1485 866 1522 a'vo'-

198 1546 307 1578 μοιον
335 1534 430 1568 Vind.
454 1536 493 1570 Ε.
519 1537 598 1569 Vat.
613 1536 656 1568 H.
682 1536 776 1570 Flor.
793 1535 864 1569 AC.

247 1578 378 1623 ἔνεστι]
403 1576 460 1615 ἕνε
447 1592 520 1615 στι
543 1582 789 1615 8ῐοὶκΤι-ἱιιε.

246 1626 429 1670 μετρίοις]
466 1627 621 1672 μετρίως
648 1639 721 1661 cum
747 1639 783 1661 οι
806 1638 866 1660 su-

200 1684 263 1718 per
289 1684 316 1705 ω
345 1672 442 1706 Vind.
467 1675 507 1707 Β.

248 1717 423 1761 γίγνεται]
449 1719 519 1773 γίν.
545 1720 645 1753 Stob.

249 1763 418 1808 ἔνδηλον]
446 1760 602 1809 εὔδηλον
625 1766 707 1799 Par.
730 1764 773 1797 K.
798 1763 867 1797 cir-

203 1809 401 1855 cumpositis
449 1823 516 1845 sec.
564 1812 675 1845 Bekk.
717 1814 868 1844 mutatae

204 1867 374 1901 personae
397 1856 514 1899 signis.

252 1904 462 1947 συγχωρεῖς]
487 1903 583 1947 ξυγχ.
608 1902 685 1936 Par.
700 1901 775 1936 DK.
801 1911 868 1934 sec.

205 1948 316 1982 Bekk.
349 1948 442 1984 Mon.
466 1950 507 1983 B.
541 1949 637 1982 Flor.
662 1948 707 1982 U.
735 1947 866 1989 Astius,

206 1995 407 2036 Bekkems,
433 1993 690 2029 Stallbaumius.

252 2040 447 2085 ξυγχωρῶ]
502 2040 724 2084 &vn-11⁰1)-
767 2039 869 2072 Vind.

206 2086 561 2122 BEF.F10r.ACV.

256 2130 426 2189 γεγονώς]
453 2133 568 2166 Astius
592 2132 625 2165 in
648 2143 715 2166 sec.
733 2129 798 2165 καὶ
815 2131 871 2164 vel

212 2188 250 2211 τε
275 2177 349 2218 καὶ,
364 2179 400 2212 ἱιι
424 2184 504 2213 tert.
527 2178 591 2212 καὶ
615 2183 691 2223 post
714 2189 872 2222 γεγονως

205 2223 419 2258 inserendum
437 2225 670 2270 suspicatur,
673 2229 723 2266 ‚ut
746 2224 789 2256 ad
812 2235 868 2266 γε·

206 2281 325 2313 γονως
350 2283 391 2303 ex
419 2272 636 2326 sequentibus
659 2270 869 2313 intelligatur

207 2316 392 2358 φειδωλοῦ
412 2315 570 2361 πατρός’
594 2323 697 2350 natus
715 2322 790 2349 erat
804 2328 870 2360 pa-

208 2368 261 2396 tre
284 2374 388 2406 parco
415 2370 447 2397 et
475 2365 554 2397 inde
574 2375 595 2396 a
613 2364 740 2397 teneris
759 2363 802 2396 ab
829 2373 868 2395 eo

210 2409 386 2442 educatus.
391 2413 413 2427 “
447 2410 518 2443 Sed
539 2409 618 2443 nihil
639 2420 722 2454 opus
743 2414 807 2449 est,
830 2410 870 2440 ut

209 2452 368 2498 γεγονὼς
392 2462 495 2489 natus
519 2455 655 2500 potius,
690 2466 788 2499 quam
814 2466 869 2486 or-

210 2506 266 2534 tus
302 2512 363 2533 seu
380 2504 500 2542 factas
522 2501 589 2535 dici
621 2504 780 2546 putetur,
803 2512 871 2545 qua

210 2546 438 2589 interpnetath
431 2560 493 2581 one
526 2548 680 2581 adhibita
711 2548 871 2580 Socrates

211 2592 356 2625 indolem
389 2592 455 2626 νὶιί
495 2593 668 2638 popularis
714 2598 871 2638 repetens

213 2637 311 2672 simul
340 2640 476 2671 ὴιενθιη
509 2639 647 2682 originis
675 2639 746 2672 eius
779 2651 871 2672 men-

213 2683 337 2718 tionem
362 2684 470 2718 iniicit
493 2686 580 2718 haud
604 2685 756 2718 inutilem
780 2686 870 2719 illam

216 2730 259 2763 ad
284 2730 453 2774 tyrannici
477 2731 618 2764 hominis
643 2731 805 2775 originem
828 2731 870 2763 il-

215 2776 422 2810 lustrandam
446 2779 612 2811 futuram:
638 2779 666 2812 is
678 2783 770 2812 ortus
784 2783 872 2818 erat,

962 1258 1243 1305 τεθραμμένος]
1324 1257 1582 1305 τεθραμμένας

918 1307 1001 1340 Ven.
1033 1306 1072 1340 C.
1121 1307 1378 1349 „Scribendum
1411 1313 1493 1351 puto
1525 1316 1581 1338 τε·

920 1332 1179 1395 θραμμένου.“
1217 1354 1337 1397 Stepb.
1362 1353 1395 1386 in
1420 1365 1463 1385 ln.
1498 1351 1582 1386 Vul-

921 1402 1021 1444 gatae
1045 1398 1200 1432 lectionis
1223 1411 1342 1432 sensus
1364 1399 1454 1432 idem
1479 1403 1542 1431 est.

967 1442 1252 1488 χρηματιστικάς
1266 1447 1277 1489 ]
1359 1455 1585 1489 χρηματικας

921 1491 1007 1524 Lob.
1034 1491 1125 1524 Mon.
1149 1492 1189 1524 B.
1214 1492 1293 1524 Par.
1319 1491 1398 1524 DK.
1433 1490 1508 1523 Vat.
1533 1489 1582 1523 M.

921 1538 1014 1570 Flor.
1040 1537 1084 1571 U
1115 1537 1192 1571 Ald.
1217 1537 1297 1571 Bas.
1323 1549 1354 1571 a.
1379 1537 1501 1581 Steph.
1527 1535 1585 1590 qui

921 1583 957 1616 in
974 1594 1015 1616 m.
1034 1583 1083 1615 ita
1105 1583 1241 1627 pergit.
1269 1584 1335 1616 Pro
1358 1578 1585 1636 χρηματικὰς

922 1632 1035 1663 autem
1066 1628 1192 1672 legitur
1224 1634 1259 1663 et
1289 1623 1584 1681 χρηματιστικάς.

923 1686 1023 1719 quarn
1046 1674 1225 1708 lectionem
1249 1677 1347 1715 malo,
1364 1686 1466 1720 quum
1485 1673 1586 1707 etiam

924 1721 1071 1764 quodam
1107 1721 1255 1764 paginae
1290 1722 1356 1755 558
1395 1721 1469 1754 loco
1510 1718 1586 1763 (qui

925 1767 991 1799 huc
1024 1767 1192 1809 pertinet)
1229 1767 1472 1800 confirmet-ur)
1463 1768 1485 1784 ‘⁶
1529 1765 1586 1798 Cf.

925 1812 968 1845 Ι.
988 1812 1086 1846 VIII.
1112 1823 1145 1868 ρ’.
1165 1814 1244 1848 558.
1266 1813 1307 1846 D.
1333 1818 1426 1857 etp.
1453 1810 1585 1846 559.c.

927 1869 994 1914 quo
1020 1858 1093 1890 loco
1125 1855 1321 1901 ἐπιθυμίαι
1353 1867 1585 1913 χρηματιστι-

925 1902 988 1936 καὶ
1031 1904 1195 1947 appellari
1234 1905 1392 1960 dicunt⁷ur
1430 1901 1494 1938 διὰ
1539 1900 1582 1936 τὸ

925 1948 1127 1993 χρησίμους
1150 1947 1246 1993 πρὸς
1269 1946 1316 1984 τοὶ
1341 1948 1428 1993 ἔργα
1454 1946 1560 1983 εἶναι.

971 1995 1260 2085 ἒιιῖῶέτιὲτιμςξιῖν
1273 1995 1423 2078 ἕῐιιὲῘΕΕ.
1433 1996 1529 2078 {lein
1540 1995 1583 2074 g.

996 2052 1011 2073 ε
1085 2051 1100 2073 ε
1239 2053 1272 2074 1n
1467 2053 1487 2076 a

920 2086 1017 2120 Flor.
1034 2086 1138 2120 ACV.

925 2179 954 2211 B
973 2129 1212 2211 ἅναξκαίους]
1233 2130 1436 2178 ἀναγκαίας
1453 2134 1532 2167 Par.
1542 2133 1586 2167 K.

958 2189 994 2211 as
1032 2190 1052 2211 a

971 2224 1139 2280 παιδιᾶς]
1163 2224 1336 2264 παιδείας
1359 2226 1458 2259 Vind.
1484 2226 1524 2260 [⁴¹.

972 2267 1077 2304 ἕνεκα
1101 2269 1336 2326 γιγνομένας]
1356 2273 1495 2306 comites
1514 2272 1586 2306 Fic.

970 2313 1197 2371 οἷτιμαζοντι]
1223 2314 1410 2360 ἀτιμάζων
1430 2318 1530 2353 Vind.
1541 2318 1584 2351 Ε.

927 2358 1170 2409 οἷτιμαζοντες
1198 2365 1273 2397 Par.
1299 2364 1344 2398 K.

969 2409 1016 2452 ἠ]
1041 2406 1065 2452 ἢ
1090 2409 1188 2443 Vind.
1212 2410 1256 2444 F.

928 2501 968 2535 V
960 2453 1270 2534 Σόυγᾳὲενόμενος]
1330 2453 1587 2500 συγγενόμενοι

960 2513 994 2534 ln

974 2543 1155 2604 ὁρμήσας]
1179 2545 1333 2591 ὁρμίσας
1355 2548 1456 2583 Vind.
1480 2548 1521 2582 Ε.

973 2592 1036 2626 καὶ
1069 2591 1112 2627 τὸ
1138 2591 1285 2628 ἐκείνων
1310 2592 1431 2639 εἶδος]
1455 2606 1585 2629 eorum-

927 2651 991 2683 que
1016 2651 1124 2673 mores
1147 2640 1223 2673 Fic.

974 2683 1100 2730 φύσιν]
1128 2683 1238 2729 φύσει
1261 2687 1347 2720 Ven.
1374 2687 1413 2721 C.
1438 2690 1474 2721 et
1496 2699 1516 2721 a
1541 2699 1582 2721 m.

926 2742 977 2776 pr.
1005 2732 1081 2765 Vat.
1106 2732 1145 2765 B.
1170 2738 1206 2765 et.
1229 2733 1306 2767 Par.
1329 2733 1372 2767 D.

971 2776 1142 2822 κατέστη]
1171 2777 1349 2823 κατέστην
1371 2779 1469 2814 Vind.
1495 2777 1535 2812 F.
