1764 3176
218 137 401 163 xxxvm
645 121 1174 165 PRAEFATIO

220 230 401 280 ἁρμονίας
429 232 634 279 παρέχηται
662 234 740 279 τρὶς
779 232 980 281 αὐξηθεὶς,
1020 234 1090 283 τὴν
1111 235 1178 282 μὲν
1208 237 1293 282 ἴσην
1321 233 1447 277 ἰσάκις
1473 234 1607 272 ἑκατὸν

219 288 451 331 τοσαυτάκις.
481 288 549 335 τὴν
578 288 616 325 δὲ
650 288 806 338 ἰσομήκη
837 292 922 339 μὲν,
952 295 997 341 τῇ
1033 292 1218 340 προμήκει
1251 291 1303 329 δέ.
1341 292 1394 341 (in
1416 296 1520 330 Basil.
1542 295 1607 329 hoc

219 352 295 385 loco
317 351 409 383 nulla
439 350 669 393 interpunctio
690 349 777 396 est.)
816 347 973 385 ἕκαστον
1001 350 1069 394 μὲν
1096 347 1261 394 ἀριθμὸν
1290 345 1365 386 άπὸ
1398 347 1608 394 διαμέτρων

221 404 342 450 ῥητῶν
362 401 568 447 πεμπάδων
583 404 767 449 δεομένων
789 404 873 447 ἑνὸς
893 404 1076 451 ἑκάστων,
1109 403 1280 452 άῤῥήτων
1303 404 1344 441 δὲ
1366 407 1494 450 δυοῖν,
1527 405 1608 441 ἑκα-

219 460 288 496 τὸν
309 458 349 496 δὲ
368 459 494 506 κύβων
511 459 675 503 τριάδος.
707 459 852 506 ξύμπας
883 463 923 498 δὲ
943 459 1055 503 οὗτος
1085 460 1249 509 ἀριθμὸς
1270 459 1514 508 γεωμετρικός
1535 475 1611 497 τοι·

221 515 335 553 ούτου
364 515 494 559 κύριος
522 513 752 563 ἀμεινόνων,
790 532 828 554 τε
856 519 917 555 καὶ
947 518 1126 565 χειρόνων
1166 518 1354 565 γενέσεων,
1421 522 1490 555 Hic
1516 522 1612 555 locus

221 573 351 622 (inquit
371 574 578 621 Bullialdus)
604 577 652 609 ita
681 583 881 621 corruptuS,
908 583 943 612 et
975 580 1138 612 obscurus
1173 583 1244 620 est,
1273 583 1311 611 ut
1338 589 1380 612 ex
1407 579 1464 611 illo
1491 587 1612 611 sensus

220 633 342 675 aliquis
359 633 415 665 vix
434 632 510 665 elici
531 638 647 675 queat.
704 634 909 677 Priusquam
938 640 1051 669 autem
1075 636 1337 678 explicationem
1369 635 1457 668 illius
1487 645 1613 677 aggre-

221 690 375 731 diamur,
409 690 492 722 alias
522 690 687 723 lectiones
714 691 856 724 aliarum
892 691 1076 726 editionum
1103 693 1295 727 afferemus.
1365 691 1481 725 Editio
1511 691 1614 724 Basi-

221 747 345 780 leensis
368 745 588 789 Henricpetri
615 745 720 780 habet
747 743 816 789 τὴν
836 743 876 780 δὲ
904 744 1060 792 ἰσομήκη
1083 745 1170 789 μὲν,
1208 743 1392 791 προμήκει
1420 743 1460 780 δὲ
1481 743 1614 781 ἑκατὸν

220 798 287 846 μὲν
306 795 482 845 ἀριθμόν.
522 800 652 848 (minus
679 808 842 838 accurate
863 805 1048 838 Bullialdus
1080 806 1310 839 Basileensem
1341 805 1528 838 secundam
1560 805 1614 837 in·-

221 860 345 902 spexit,
371 860 405 892 in
427 869 493 901 qna
513 871 582 894 non
606 860 717 901 aliter,
749 871 849 903 quam
869 858 903 894 in
923 862 1045 904 prima,
1074 863 1238 905 scriptum
1259 866 1311 894 est
1331 860 1376 905 τῇ
1397 856 1615 904 προμήκει.)

220 916 337 950 Editio
359 915 501 948 Henrici
534 915 721 959 Stephani,
752 922 787 950 et
820 918 886 950 alia
909 918 1182 952 Francofurtana
1209 908 1356 959 habent,
1385 911 1454 960 τήν
1474 913 1514 950 δὲ
1540 915 1618 950 ἰσο-

222 967 322 1016 μήκη
343 967 408 1013 μὲν
431 965 550 1015 αὐτῇ·
567 968 739 1014 προμήκη
763 970 801 1006 δὲ
828 969 962 1006 ἑκατὸν
989 971 1067 1016 μέν,
1100 972 1187 1017 (hoc
1209 985 1344 1018 quoque
1361 974 1506 1015 falsum3
1537 984 1617 1007 nam

223 1040 264 1063 ea
286 1030 483 1063 coniectura
519 1034 572 1062 est
600 1029 766 1073 Stephani
795 1031 828 1063 in
856 1031 1010 1072 margine
1028 1030 1173 1077 posita.)
1230 1032 1327 1064 Idem
1345 1031 1516 1064 Henricus
1536 1031 1617 1064 Ste-

221 1086 352 1130 phanus
388 1086 423 1119 in
447 1086 536 1119 notis
552 1087 652 1119 aliam
671 1088 773 1120 affert
789 1087 984 1129 lectionem,
1015 1084 1082 1130 τὴν
1106 1084 1145 1120 δὲ
1173 1084 1329 1129 ἰσομήκη
1350 1083 1417 1129 μὲν
1439 1081 1494 1129 οὗ,
1525 1097 1617 1128 προ-

220 1138 320 1186 μήκη
347 1137 408 1185 δὲ,
436 1137 570 1175 ἑκατὸν
594 1139 661 1184 μὶν
701 1138 873 1185 ἀριθμῶν
907 1137 983 1176 άπὸ
1019 1141 1226 1187 διαμέτρων
1258 1141 1380 1186 ῥητῶν
1409 1137 1620 1184 πεμπάδων

222 1194 404 1241 δεομένου
434 1193 518 1236 ἑνὸς
546 1194 719 1235 ἑκάστων.
749 1199 813 1244 (ne
846 1199 932 1234 haec
968 1201 1103 1243 quidem
1141 1202 1269 1234 codicis
1301 1202 1402 1234 lectio
1428 1201 1527 1233 ullius
1553 1204 1619 1241 est,

223 1266 430 1299 quamquam
458 1255 653 1299 Stephanus
675 1257 723 1289 ita
744 1257 912 1298 loquitur;
943 1258 1004 1291 sed
1028 1269 1120 1292 mera
1143 1258 1300 1291 Cornarii
1322 1258 1532 1298 coniectura,
1562 1257 1620 1299 qui

223 1314 258 1347 in
278 1313 420 1357 Eclogis
445 1323 478 1354 p.
515 1313 593 1347 102.
622 1313 678 1347 ed.
708 1314 860 1347 Fischer.
920 1315 1057 1348 Graeca
1081 1315 1267 1348 secundum
1286 1325 1383 1348 suam
1405 1314 1620 1347 emendatio-

223 1381 302 1404 nem
324 1370 372 1403 ita
392 1370 513 1402 vertit:
554 1395 577 1411 „
592 1371 743 1403 Alteram
769 1381 849 1404 vero
880 1372 1033 1414 aequalis
1056 1372 1191 1414 quidem
1215 1371 1435 1413 longitudinis
1455 1381 1544 1412 non,
1576 1379 1621 1403 ex

225 1427 335 1460 altera
359 1430 475 1459 tamen
498 1431 596 1469 parte
615 1427 763 1469 longam,
791 1432 927 1460 centum
959 1428 1095 1470 quidem
1115 1438 1343 1469 numerorum,
1371 1428 1418 1461 ita
1444 1431 1482 1460 ut
1503 1438 1523 1460 a
1544 1426 1620 1460 dia-

223 1483 342 1517 metris
362 1483 529 1516 dictarum
550 1484 781 1525 quinariarum
802 1484 956 1526 singulis,
983 1495 1086 1518 unum
1105 1485 1213 1518 desit:
1245 1485 1287 1518 ab
1308 1484 1359 1517 his
1375 1488 1501 1526 autem,
1532 1493 1621 1526 quae

223 1540 289 1573 dici
311 1550 382 1573 non
401 1543 555 1582 possunt,
590 1540 677 1573 duo:
706 1551 725 1573 a
749 1545 884 1574 centum
903 1551 983 1574 vero
1003 1542 1110 1583 cubis,
1145 1541 1362 1575 ternarius.“
1408 1541 1480 1574 Sed
1504 1540 1621 1573 addit.

223 1598 476 1639 „Quamquam
503 1600 618 1630 autem
647 1607 710 1639 ea,
742 1607 843 1639 quam
873 1598 1048 1641 converti,
1084 1599 1186 1631 lectio
1218 1603 1316 1631 recta
1338 1607 1413 1631 esse
1445 1597 1621 1631 videatur:

223 1659 340 1687 tamen
359 1653 505 1686 obscura
536 1657 590 1686 est
623 1657 697 1686 tota
727 1652 813 1686 haec
831 1655 1120 1696 geometricorum
1141 1665 1360 1689 numerorum
1387 1664 1466 1695 reS,
1494 1658 1533 1686 ut
1553 1663 1622 1686 non

223 1710 325 1744 facile
341 1709 385 1742 sit
404 1709 633 1752 pronunciare
647 1734 657 1751 ‚
689 1720 757 1752 quo
783 1714 938 1753 tempore
960 1721 1122 1753 sponsum
1153 1721 1229 1744 cum
1250 1722 1377 1754 sponsa
1396 1710 1625 1744 concumbere

225 1770 408 1810 oporteat,
441 1770 478 1798 ut
510 1766 678 1807 ingeniosi
699 1771 734 1799 et
752 1766 917 1800 fortunati
939 1768 1035 1800 liberi
1052 1768 1256 1812 gignantur,
1287 1769 1383 1801 iuxta
1413 1767 1624 1810 propositam

225 1823 292 1857 hoc
326 1823 401 1856 loco
427 1833 448 1855 a
475 1822 624 1855 Platone
657 1823 875 1856 sententiam.
934 1822 981 1856 Et
998 1834 1107 1866 neque
1126 1824 1349 1865 Aristoteles,
1381 1824 1437 1866 qui
1458 1823 1548 1856 hunc
1570 1824 1623 1856 lo·-

227 1891 303 1914 cum
320 1879 363 1913 V.
390 1878 495 1913 Polit.
520 1879 644 1921 partim
664 1880 800 1922 probat,
830 1880 954 1922 partim
975 1880 1159 1922 improbat,
1189 1881 1369 1922 quicquam
1392 1879 1509 1920 tradit,
1532 1878 1623 1922 quod

226 1937 271 1971 ad
291 1934 548 1978 intelligendum
567 1935 675 1978 ipsum
703 1935 821 1969 faciat.
835 1934 885 1981 “)
943 1935 1069 1969 Petrus
1088 1937 1220 1970 Prades
1238 1937 1349 1970 locum
1370 1937 1463 1969 illum
1483 1937 1532 1969 ita
1554 1935 1627 1969 edi-

227 1994 279 2027 dit
299 2003 388 2026 anuo
411 1990 512 2025 1625.
543 1986 612 2024 δύο
631 1986 812 2032 ἁρμονίας
831 1986 1029 2034 παρέχεται
1047 1990 1124 2035 τρὶς
1142 1987 1332 2035 αὐξηθείς.
1363 1989 1430 2034 τὴν
1453 1988 1521 2034 μὲν
1541 1989 1628 2034 ι”σην

229 2042 347 2087 ἰσάκις
361 2073 370 2090 ,
400 2043 471 2091 τήν
495 2044 535 2081 δὲ
566 2043 723 2092 ἰσομήκη
745 2059 784 2081 τε
802 2046 864 2081 καὶ
887 2044 1080 2092 προμήκη,
1112 2045 1245 2081 ἑκατὸν
1265 2045 1331 2091 μὲν
1351 2043 1529 2091 άριθμῶν
1549 2041 1625 2081 άπὸ

229 2101 438 2149 διαμέτρων
459 2102 584 2147 ῥητῶν
609 2101 823 2147 πεμπάδος,
855 2101 1040 2146 δεομένων
1060 2101 1145 2144 ἑνὸς
1167 2100 1350 2147 ἑκάστων,
1383 2099 1554 2148 ἆρ’ρήτων
1583 2100 1628 2138 δὲ

229 2162 348 2196 δυοῖν.
379 2157 534 2204 ἐσχάτου
564 2157 604 2194 δὲ
631 2158 750 2204 κύβου
786 2156 950 2204 τριάδος.
1011 2163 1102 2198 Quid
1135 2164 1278 2196 voluerit
1311 2163 1503 2205 exprimere
1521 2162 1627 2195 Plato

228 2221 294 2253 isto
321 2229 463 2253 numero
491 2219 575 2252 satis
599 2223 816 2262 perspectum
835 2223 907 2260 est,
936 2230 1060 2262 nempe
1089 2220 1123 2253 in
1148 2220 1428 2262 generationibus
1452 2218 1627 2253 hominum

228 2276 478 2310 vicissitudines
498 2275 657 2309 accidere
676 2287 786 2319 exque
802 2276 899 2309 bonis
919 2276 1107 2309 deteriores
1126 2277 1241 2319 nasci;
1273 2281 1308 2310 et
1326 2281 1364 2309 ut
1385 2276 1466 2309 boni
1479 2286 1627 2309 nascan-

230 2338 286 2367 tur
308 2343 350 2366 ex
372 2333 489 2373 bonis,
516 2333 584 2365 vult
608 2333 778 2366 observari
803 2334 822 2366 a
846 2334 1123 2376 magistratibus,
1156 2344 1241 2376 quos
1264 2333 1417 2376 appellat
1443 2327 1628 2374 φύλακας,

230 2395 386 2433 tempora
402 2389 526 2422 idonea
550 2390 689 2432 nuptiis,
719 2393 754 2423 et
775 2395 987 2433 opportuna,
1017 2395 1055 2423 ut
1077 2391 1256 2433 ingeniosi,
1288 2394 1322 2423 et
1340 2389 1457 2422 felices
1477 2400 1627 2422 nascan-

231 2452 313 2487 tur3
345 2446 472 2479 docere
501 2445 639 2489 insuper
670 2447 847 2481 contendit
880 2457 923 2479 ev<
951 2447 1049 2480 bouis
1077 2447 1185 2481 bonos
1213 2447 1330 2487 nasci;
1363 2456 1406 2479 ex
1434 2446 1532 2479 malis
1553 2456 1629 2478 ma-

232 2504 306 2544 los,
336 2507 438 2545 atque
475 2503 578 2536 etiam
606 2514 648 2536 ex
675 2504 774 2537 bonis
811 2507 846 2536 et
871 2504 967 2536 malis
996 2504 1109 2537 mixtis
1140 2505 1250 2537 malos
1280 2503 1495 2537 solummodo
1526 2512 1629 2545 posse

232 2559 338 2594 nasci.
398 2559 459 2592 Illa
493 2559 593 2592 radix
624 2561 767 2594 rationis
797 2560 1037 2602 sesquitertiae
1069 2561 1251 2594 coniuncta
1284 2560 1565 2602 sesquiquartae,
1596 2563 1629 2592 et

233 2622 286 2650 ter
306 2619 420 2656 aucta,
455 2615 504 2648 sic
523 2626 560 2649 se
579 2615 701 2650 habet:

849 2672 883 2706 3.
913 2669 946 2705 4.
977 2672 1009 2706 5.

747 2730 780 2763 9.
810 2728 864 2762 12.
897 2729 951 2763 16.
983 2729 1038 2762 ΞΟ.
1069 2729 1124 2762 25.

627 2786 682 2819 27.
714 2785 769 2820 36.
803 2783 858 2823 48.
890 2784 945 2820 64.
976 2787 1031 2820 80.
1065 2787 1139 2819 100.
1175 2785 1249 2819 125.
