1764 3176
285 113 342 152 36
741 70 1250 149 PLATONIS'

287 221 532 274 δοροῦμεν,
582 216 631 260 τὸ
674 222 1059 274 πολυπραγμονεῖν
1098 220 1404 273 γεωργοῦντας
1443 217 1517 260 καὶ
1559 234 1664 273 χρη-

195 295 263 329 552
286 283 600 342 ματιζομένους
639 286 713 329 καὶ
753 289 1054 342 πολεμοῦντας
1094 285 1183 342 ἅμα
1219 285 1322 337 τοὺς
1350 283 1510 335 αὐτούς
1540 285 1586 328 ἐν
1611 289 1665 342 τῇ

285 353 467 409 τοιαύτῃ
500 355 718 411 πολιτείᾳ,
755 349 784 410 ἧ
814 357 935 398 δοκεῖ
962 352 1111 407 ὀρθῶς
1152 353 1281 409 ἔχεως
1327 351 1440 396 Οὐδ’
1474 352 1668 397 ὁπωστι-

285 427 381 466 οῦν.
427 421 542 477 “Ὀρα
571 420 648 478 δή,
687 421 861 465 τούτων
889 422 1069 465 πάντων
1102 425 1190 464 τῶν
1226 424 1377 464 κακῶν
1407 423 1442 464 εἰ
1471 420 1570 465 τόδε
1596 421 1666 477 μέ-

284 502 436 546 γιστον
469 488 578 546 αὕτη
623 489 774 545 πρώτη
815 490 1113 544 παραδέχεται.
1178 489 1238 532 Τὸ
1269 493 1422 538 ποῖον;
1468 489 1526 531 To*
1567 489 1666 541 ἐξεῖ-

284 575 360 602 ναι
388 557 531 601 πάντα
568 557 621 601 τοὶ
657 557 798 601 αὑτοῦ
840 554 1112 607 ἀποδόσθαι,
1153 557 1226 600 καὶ
1266 555 1383 614 ἄλλῳ
1422 555 1666 612 κτήσασθαι

285 627 339 670 τὰ
370 625 558 678 τούτου,
604 625 678 668 καὶ
718 622 996 680 ἀποδόμενον
1038 625 1175 667 οἰκεῖν
1217 624 1264 667 ἐν
1301 629 1353 681 τῇ
1384 624 1508 667 πόλει
1537 625 1671 681 μηδὲν

287 693 394 738 ὄντα
436 697 526 737 ταῖν
562 697 638 750 τῆς
677 691 845 743 πόλεως
884 696 1054 748 μερῶν,
1095 690 1198 747 μήτε
1235 692 1528 748 χρηματιστὴν
1566 692 1670 749 μήτε

287 760 562 818 δημιουργόν
592 759 696 816 μήτε
727 762 857 803 ἱππέα
887 759 992 815 μήτε
1024 758 1204 814 ὁπλίτην
1224 792 1234 809 ,
1266 758 1374 803 omo}
1404 759 1567 817 πένητα
1597 761 1672 805 καὶ

285 830 458 883 ἄπορον
487 829 764 885 κεκλημένον.
825 827 1006 884 Πρώτη,
1038 828 1132 883 ἔφη.
1176 825 1348 870 οὔκουν
1382 829 1738 876 &ammaoni-495

286 915 332 955 γε
365 898 411 941 ἐν
441 902 535 948 ταῖς
567 895 951 952 ὀλιγαρχουμέναις
982 896 1031 938 τό
1062 899 1280 939 τοιοῦτον.
1329 895 1383 939 οὐ
1423 896 1507 951 γάρ
1546 895 1601 939 ἂν
1630 898 1673 941 οἱ

286 967 367 1022 μὲν
397 965 694 1019 ὑπέρπλουτοι
727 960 863 1019 ἦσαν,
906 965 950 1006 οἱ
979 964 1026 1007 δὲ
1055 961 1306 1006 παντάπασι
1335 964 1522 1020 πένητες.
1576 962 1670 1020 Ὀρ-

285 1038 393 1084 θῶς.
453 1031 552 1076 τόδε
592 1033 638 1076 δὲ
679 1031 830 1087 ἄθρει·
881 1027 968 1087 ἆρα
1004 1031 1074 1075 ὅτε
1108 1031 1317 1083 πλούσιος
1347 1029 1410 1076 ὢν
1441 1031 1673 1089 ἀνήλισκεν

287 1100 311 1147 ὁ
343 1105 568 1154 τοιοῦτος,
608 1099 779 1156 μᾶλλόν
809 1117 850 1143 τι
881 1098 977 1143 τότ’
1007 1093 1063 1156 ἦν
1093 1099 1253 1156 ὄφελος
1292 1104 1346 1157 τῇ
1385 1099 1508 1144 πόλει
1548 1104 1608 1153 εἰς
1644 1102 1672 1145 ἃ

197 1261 266 1296 552
335 1257 464 1307 ἧ’]Ιῐθ.
486 1262 573 1296 Lob
599 1261 698 1295 Vind.
725 1261 769 1296 E.
792 1261 886 1296 Mon.
912 1261 953 1294 B.

286 1310 392 1343 Flor.
413 1308 456 1342 U.
492 1304 515 1352 ἢ
540 1308 638 1343 Vind.
665 1308 736 1342 BF.
762 1320 835 1341 cum
855 1307 954 1341 editis

287 1361 368 1389 ante
392 1354 599 1396 Bekkerum,
624 1355 683 1406 qui
707 1355 814 1387 tacite
838 1354 956 1386 vitium

286 1401 445 1436 correxit.
494 1401 610 1433 Astius
635 1399 671 1432 in
701 1411 769 1433 sec.
790 1400 885 1443 signo
903 1400 956 1433 in-

1010 1262 1094 1295 tiam
1119 1262 1232 1295 verbis
1271 1274 1344 1306 ορα
1377 1260 1422 1307 δή
1455 1268 1674 1310 etc.aper1e

1012 1309 1298 1350 demonsttmasset
1332 1310 1556 1362 suffragante
1591 1312 1673 1345 Adi—

1011 1360 1124 1388 manto
1169 1365 1286 1388 rursus
1331 1354 1547 1390 indubium
1601 1357 1675 1390 sine

1012 1412 1134 1434 caussa
1166 1411 1236 1433 rem
1270 1412 1394 1433 vocare
1427 1414 1491 1435 non
1517 1404 1675 1437 debebat.

285 1447 484 1503 terrogandi
510 1450 587 1491 post
613 1446 780 1479 πολιτεία
803 1445 956 1491 ponendo

285 1489 309 1537 ἢ
335 1492 512 1527 tolerabile
544 1492 641 1525 reddi
665 1493 824 1536 putabat.

335 1545 590 1604 ὁπωστιοῦν]
615 1544 831 1582 ὁπωστιοῦν
857 1548 955 1582 Vind.

288 1597 330 1630 E.
353 1592 455 1635 ὅπως
480 1595 516 1629 τί
542 1594 612 1628 ούν
638 1595 739 1629 Vind.
765 1595 806 1628 F.

334 1650 504 1696 τούτων]
532 1651 566 1686 εἰ
592 1665 624 1685 τ.
654 1652 740 1686 Lob.
770 1653 852 1687 Vat.
877 1651 956 1685 ΒΜ.

292 1699 376 1733 Ven.
401 1700 442 1732 B.
470 1699 552 1733 Bas.
576 1700 610 1732 b.

337 1751 455 1798 αῦτη]
501 1752 596 1798 αὐτὴ
640 1755 725 1788 Lob.
781 1753 874 1788 Mon.
917 1755 959 1787 Β.

288 1800 490 1881 }i{}‚1¹}K'
535 1813 604 1834 sec.
641 1801 753 1834 Bekk.
790 1800 868 1834 Vat.
910 1800 961 1834 M.

335 1901 501 1948 πρώτη]
571 1906 649 1948 post
711 1899 961 1945 παραδέχεται

292 1950 384 1984 Flor.
410 1950 455 1983 T.

338 1992 483 2038 αὑτοῦ]
511 1991 572 2028 αυ’.
606 1994 693 2028 Lob.
728 1993 830 2029 Vind.
858 1993 935 2028 EF.

340 2048 458 2097 ἄλλῳ]
484 2047 576 2084 ἄλλα
600 2050 680 2084 vat.
706 2051 750 2085 H.
774 2051 869 2084 Flor.
887 2050 959 2085 Ac.

294 2096 406 2133 ἄλλον
432 2098 533 2132 Vind.
565 2097 608 2131 E.
634 2097 730 2131 Flor.
756 2097 800 2131 T.
827 2092 961 2136 ἄλλους

292 2145 394 2179 Vind.
419 2144 458 2178 Β.

339 2186 588 2234 δημιουργὸν]
615 2187 698 2231 δνμ.
726 2189 808 2224 Bas.
832 2190 866 2224 b.

339 2244 583 2290 κεκλημένον]
626 2246 757 2290 passim
787 2247 961 2291 cognomi—

293 2300 398 2328 natus
422 2294 501 2326 Fic.

343 2337 505 2383 Πρώτη]
542 2334 683 2382 ἀνάγκη
706 2338 787 2371 Bas.
812 2338 846 2372 b.

343 2392 504 2440 οὔκουν]
534 2392 689 2429 Ου’κοῦν
732 2396 961 2440 Steph.cun1

297 2442 396 2476 Vind.
421 2442 460 2475 F.
483 2445 518 2475 et
540 2446 620 2474 ante
641 2453 730 2475 corr.
749 2441 787 2475 B.
801 2437 959 2485 (ου’κουν

297 2501 317 2523 e
360 2489 475 2540 corr..)
519 2487 582 2521 ld.
603 2487 780 2521 Bekkerus
823 2488 958 2522 silentio

291 2533 485 2580 praeteriit.
510 2533 604 2565 Idem
628 2545 702 2566 cum
726 2534 864 2578 reliquis
884 2535 958 2568 edi-

294 2581 425 2615 toribus
439 2583 474 2612 et
490 2577 736 2623 interpretibus
755 2580 840 2613 haec
852 2592 958 2626 usque

295 2627 340 2662 ad
363 2623 518 2668 πένητες
552 2625 689 2659 Socrati
720 2626 859 2667 tribuit,
900 2627 957 2672 qui

295 2684 401 2718 quum
451 2682 634 2723 paucorum
681 2652 958 2715 gubernationem

293 2720 442 2763 primam
460 2716 542 2750 illud
558 2716 677 2750 vitium
701 2718 854 2763 recipere
878 2730 957 2763 per-

294 2775 430 2799 suasum
460 2763 605 2797 haberet
643 2774 784 2809 eamque
819 2768 956 2799 senten-

1014 1447 1145 1479 Contra
1187 1446 1399 1480 Adimantum
1444 1448 1588 1483 decebat
1620 1461 1675 1482 as-

1014 1503 1148 1526 sensum
1182 1494 1328 1525 fontasse
1364 1494 1515 1538 cupidius
1541 1495 1675 1539 praebi-

1013 1542 1083 1571 tum
1126 1538 1249 1571 finibus
1285 1538 1492 1594 quibusdmam
1533 1542 1676 1574 circum-

1015 1584 1164 1617 scribere
1199 1588 1234 1617 et
1258 1585 1348 1628 quod
1373 1586 1513 1620 rationis
1536 1588 1677 1631 ignarus

1016 1629 1222 1663 concessisse
1254 1631 1363 1664 videri
1395 1637 1549 1676 poterat,
1574 1645 1676 1678 quum

1012 1677 1163 1720 primam
1191 1676 1280 1710 illam
1313 1677 1345 1709 in
1367 1677 1457 1712 istud
1480 1679 1600 1713 vitium
1625 1680 1677 1713 in-

1017 1733 1153 1755 currere
1186 1723 1408 1765 affirmasset,
1439 1726 1489 1758 ita
1513 1726 1620 1779 quasi
1633 1726 1675 1760 li-

1016 1780 1129 1808 mare,
1165 1774 1202 1802 ut
1239 1780 1314 1802 esse
1346 1774 1439 1804 certe
1470 1772 1504 1804 in
1528 1784 1568 1806 ea
1593 1772 1676 1806 civi·

1015 1820 1089 1847 tate
1122 1814 1244 1847 vitium
1276 1815 1359 1848 illud
1387 1817 1527 1851 diceret.
1575 1818 1676 1851 Simi-

1015 1859 1094 1892 liter
1127 1872 1160 1905 p.
1196 1861 1274 1895 554.
1307 1861 1345 1894 B.
1379 1859 1459 1906 ἐμοὶ
1484 1864 1599 1908 γοῦν,
1622 1864 1676 1897 in-

1016 1906 1108 1950 quit,
1143 1906 1264 1940 δοκεῖ·
1295 1905 1466 1951 χρήματα
1488 1910 1580 1952 γοῦν
1605 1907 1676 1953 μα’-

1016 1953 1120 1984 λιστα
1161 1949 1287 1995 ε’ντιμα
1320 1954 1365 2006 τῇ
1406 1966 1444 1988 τε
1479 1954 1585 1989 πόλει
1613 1954 1676 1990 καὶ

1015 2008 1120 2039 παρα
1148 1998 1198 2043 τῷ
1229 1997 1399 2045 τοιούτῳ.
1448 2001 1678 2041 Quamobrem

1015 2043 1100 2075 haec
1145 2044 1346 2086 Adimanto,
1404 2058 1549 2092 sequens
1594 2059 1677 2081 vero

1018 2085 1176 2131 ὀρθῶς,
1227 2090 1318 2134 quod
1373 2093 1473 2137 vulgo
1515 2093 1582 2138 ipsi
1620 2105 1676 2127 as-

1015 2135 1187 2178 signatur,
1229 2147 1297 2170 una
1346 2148 1421 2170 cum
1459 2140 1678 2184 sequentibus

1016 2179 1103 2214 τόδε
1128 2180 1167 2215 δὲ
1189 2188 1256 2215 etc.
1283 2183 1419 2217 Socrati
1443 2186 1557 2219 tribui.
1606 2186 1677 2219 Co-

1017 2226 1111 2259 dices
1144 2228 1177 2260 in
1209 2229 1272 2261 hac
1305 2240 1342 2261 re
1365 2242 1430 2264 non
1453 2232 1591 2265 multum
1616 2243 1677 2265 au-

1018 2273 1188 2307 ctoritatis
1231 2275 1366 2308 habent.
1425 2277 1497 2311 Mei
1539 2278 1676 2322 quidem

1015 2319 1190 2362 vulgatam
1232 2320 1481 2357 distinctionem
1527 2335 1675 2369 sequun-

1016 2369 1085 2398 tur.

1061 2413 1145 2450 ταῖς
1170 2408 1510 2466 ὀλιγαρχουμέναις]
1533 2415 1578 2458 τῆ
1601 2412 1674 2449 ὀλι-

1014 2456 1244 2501 γαρχουμένη
1270 2459 1348 2492 Par.
1366 2460 1411 2494 K.

1015 2514 1255 2593 ΒΝτΙοιοῦτον]
1290 2517 1443 2552 τοιοῦτο
1477 2518 1562 2553 Lob.
1597 2520 1674 2553 iat

1061 2599 1158 2650 ἆρα]
1186 2602 1261 2650 ἄρα
1286 2608 1371 2642 Lob.
1397 2609 1497 2644 Vind.
1521 2609 1564 2643 F.

1060 2663 1250 2708 τοιοῦτος]
1275 2666 1427 2706 τιοῦτος
1450 2666 1543 2700 Mon.
1566 2667 1605 2699 Β.

1057 2720 1116 2764 τι]
1144 2716 1166 2763 ἢ
1199 2722 1299 2756 vind.
1330 2724 1384 2756 Β-
1408 2725 1486 2758 vat.
1511 2724 1555 2757 H.
1579 2724 1672 2758 Flor.

1012 2766 1116 2801 Acv.
1142 2766 1178 2800 ει
1199 2767 1298 2803 vind.
1326 2769 1369 2803 E.
