1764 3176
226 163 283 189 cu
635 143 1169 188 PRAEFATIO

225 265 322 306 dine
348 278 500 318 regem,
537 264 735 318 gradibus
753 266 907 318 viginti
931 279 1074 304 novem
1104 269 1147 303 et
1169 263 1457 316 septingentis.
1490 255 1610 301 Glau.

227 355 416 397 Mirabile
445 356 614 395 nimium
636 357 896 396 intervallum
930 356 1002 395 hoc
1030 357 1141 395 inter
1171 354 1271 393 iusti
1298 359 1340 392 et
1367 354 1511 393 iniusti
1537 354 1617 393 viri

225 449 353 488 vitam
392 446 526 500 quoad
562 449 816 501 voluptatem
846 453 971 501 atque
1002 439 1180 486 dolorem
1204 444 1471 484 cumulavisti.
1543 443 1614 483 So.

237 536 364 577 Verus
391 538 455 577 liic
489 543 602 577 certe
634 544 677 577 et
708 539 952 578 conveniens
975 537 1070 576 vitis
1100 536 1305 575 hominum
1332 547 1550 574 numerus:
1583 536 1620 574 si

227 627 390 682 quidem
416 629 516 682 ipsis
547 630 795 668 conveniunt
831 628 939 676 dies,
977 633 1139 675 noctes.
1168 639 1404 680 mensesque
1434 630 1476 665 et
1504 614 1623 665 anni:

228 719 348 758 Glau.
398 718 656 758 Conveniunt
683 719 876 773 quidem.)
947 718 1136 771 „Nostra
1156 718 1250 757 verb
1273 718 1490 756 eorundem
1510 717 1618 756 fide-

227 809 276 848 lis
298 810 452 849 tralatio
473 811 524 849 sit
547 810 788 849 huiusmodi.
860 809 1007 849 Scisne
1025 811 1178 862 quanto
1202 811 1302 848 vivit
1327 810 1483 848 tristior
1500 809 1622 861 Rege

232 901 485 953 Tyrannus?
529 900 668 940 Sciam
701 903 832 949 certe,
877 902 914 940 si
941 900 1104 949 dixeris.
1180 900 1280 938 Cum
1302 904 1387 938 tres
1418 896 1483 953 (ut
1505 899 1618 938 vide-

229 990 317 1043 tur)
338 993 572 1045 voluptates
592 994 700 1041 sint,
737 1006 822 1031 una
841 992 1003 1047 quidem
1021 993 1226 1044 legitima,
1264 990 1370 1030 duae
1386 991 1481 1030 vero
1501 989 1620 1029 adul·

230 1085 390 1123 terinae
402 1098 417 1123 :
451 1082 777 1123 adulterinarum
802 1084 1023 1136 Tyrannus
1042 1095 1233 1136 suprema
1251 1083 1422 1121 sortitus
1428 1083 1623 1134 fastigia,

229 1175 327 1215 dum
344 1176 628 1228 legemfugit.
668 1181 709 1214 et
733 1177 937 1215 rationem
945 1190 962 1223 ;
996 1175 1123 1214 servis
1141 1173 1400 1227 quibusdam.
1436 1178 1480 1212 et
1494 1174 1621 1212 satel-

230 1266 369 1306 litibus
398 1266 679 1319 voluptatibus
704 1280 748 1305 se
774 1267 1030 1306 commiscet.-
1065 1271 1108 1304 et
1145 1266 1266 1318 quam
1300 1265 1535 1318 longissimo
1557 1265 1631 1303 in--

232 1358 403 1396 tervallo
434 1358 460 1396 ἁ
488 1359 702 1411 voluptate
719 1358 905 1411 legitima
937 1358 991 1396 sit
1012 1357 1240 1404 seiunctus,
1277 1354 1388 1395 haud
1397 1356 1528 1408 facile
1548 1357 1623 1395 ali-

233 1455 298 1487 ter
321 1450 404 1488 nisi
416 1450 568 1501 forsan
592 1449 700 1488 hunc
727 1450 771 1488 in
791 1447 954 1487 modum
972 1449 1147 1502 exprimi
1161 1453 1315 1501 potest.
1388 1446 1627 1497 Quomodo?

232 1539 298 1579 Ab
319 1540 480 1579 homine
510 1540 743 1580 Paucorum
752 1541 970 1594 potentiae
990 1538 1130 1578 dedito
1151 1541 1299 1578 tertius
1321 1540 1517 1590 apparuit
1539 1552 1628 1578 esse

235 1632 459 1684 Tyrannus
474 1661 485 1680 ,
523 1631 681 1671 medius
711 1645 875 1684 nanque
893 1632 1064 1670 istorum
1084 1631 1145 1669 vir
1171 1630 1387 1683 Popularis
1405 1635 1506 1671 erat.
1558 1630 1628 1669 Ita

233 1729 309 1763 est.
384 1723 484 1762 Cum
519 1724 644 1762 tertio
672 1724 812 1776 itaque
833 1723 1060 1775 voluptatis
1080 1704 1363 1769 simulachro..
1381 1735 1457 1774 quo
1480 1720 1536 1760 ad
1556 1735 1626 1761 ve-

232 1816 401 1854 ¹ritatem
419 1818 515 1867 post
537 1814 652 1852 illum
674 1814 794 1852 simul
810 1813 970 1852 habitat
983 1843 994 1861 ‚
1031 1814 1067 1851 si
1086 1826 1182 1852 vera
1201 1814 1243 1852 in
1267 1812 1540 1865 superioribus
1565 1811 1628 1852 ‹li-

232 1907 378 1945 ximus.
451 1904 523 1944 Sic
559 1910 623 1943 est
650 1903 879 1944 dicendum.
953 1904 1059 1954 Quin
1088 1905 1212 1942 etiam
1235 1903 1461 1942 Paucorum
1476 1910 1628 1958 poten—

235 1999 319 2036 tiae
337 1998 545 2050 imperans
565 1997 592 2035 ἁ
616 1995 736 2048 Rege
758 1996 907 2034 tertius
928 2000 1013 2043 est,
1049 1996 1087 2033 si
1103 1996 1146 2033 in
1168 1986 1308 2034 eodem
1331 1995 1417 2033 loco
1442 1995 1628 2048 Optima-

234 2093 339 2136 tem7
398 2093 442 2126 et
468 2072 633 2140 Regem·
644 2099 863 2140 ponamus.
936 2086 1099 2124 Tertius
1126 2087 1278 2138 utique.
1353 2085 1483 2139 Tripli
1504 2087 1633 2138 igitur

236 2180 407 2233 triplum
444 2190 615 2217 numero
640 2176 801 2230 quidem
832 2180 858 2216 (ὶ
885 2190 983 2217 vera
1006 2178 1219 2230 voluptate
1243 2177 1462 2229 Tyrannus
1489 2176 1631 2217 distat.

236 2270 442 2324 Apparet.
514 2269 690 2308 Planum
716 2270 855 2322 itaque
878 2265 944 2323 (ut
971 2265 1152 2323 videtur)
1174 2269 1461 2308 simulachrum
1484 2282 1631 2308 secun-

237 2361 336 2401 dum
376 2361 648 2414 longitudinis
704 2374 918 2399 numerum
974 2360 1234 2411 Tyrannione
1287 2361 1514 2412 voluptatis
1555 2365 1631 2399 est.

238 2453 428 2492 Prorsus.
465 2451 704 2492 Secundum
731 2454 827 2491 vero
849 2452 1106 2499 Potentiam,
1144 2457 1187 2490 et
1213 2452 1381 2490 tertium
1404 2464 1632 2504 augumen-

239 2550 327 2583 tum
351 2545 620 2596 manifestum
647 2548 713 2615 est⁶
735 2542 1028 2605 quanto‘distet
1054 2544 1286 2582 intervallo.
1361 2541 1633 2594 Manifestum

240 2635 402 2688 quidem
436 2635 731 2688 Computatori.
799 2635 850 2674 Si
879 2636 966 2689 quis
992 2636 1120 2688 igitur
1149 2635 1292 2674 ordine
1312 2638 1504 2673 converso
1525 2634 1631 2672 veri·

242 2732 332 2765 tate
359 2727 587 2779 voluptatis
617 2726 776 2778 Regem
806 2729 832 2767 ὰ
863 2727 1058 2779 Tyranno
1087 2727 1243 2766 distare
1264 2726 1400 2766 dicat.-
1435 2726 1635 2778 quantiam

240 2817 401 2857 distant
433 2816 518 2857 729
530 2818 760 2870 feliciorem
780 2819 912 2871 ipsum
931 2819 1068 2858 vivere
1093 2819 1275 2858 inveniet
1289 2821 1465 2871 peracta
1494 2816 1634 2854 multi-
