1764 3176
225 144 308 183 124

224 249 433 294 τοιούτου
448 267 458 299 3

671 138 1148 182 PLATONIS

517 244 659 301 Οὗτος
698 249 777 306 μὲν
816 245 920 302 οὗν,
965 251 1061 306 ἔφη.
1129 249 1217 292 Καὶ
1254 247 1310 292 ἂν
1340 248 1419 304 μέν
1446 264 1519 304 γε,
1549 242 1606 304 ἦν

159 322 196 364 Β
229 318 272 363 δ’
314 317 420 374 ἐγω,
460 315 599 373 ὀλίγοι
638 319 682 361 οἱ
720 322 915 362 τοιοῦτοι
956 318 1003 362 ἐν
1043 316 1168 362 πόλει
1198 320 1278 361 ὦσι
1310 318 1383 360 καὶ
1419 317 1469 360 τὸ
1499 316 1603 359 ἄλλο

223 390 395 442 πλῆθος
434 390 668 443 σωφρονῇ,
708 386 955 439 ἐξελθόντες
997 387 1130 430 ἄλλον
1167 385 1265 428 τινὰ
1296 386 1604 440 δορυφοροῦσι

221 454 443 509 τύραννον
472 454 501 510 ἢ
531 458 697 509 μισθοῦ
736 455 1075 510 ἐπικουροῦσιν,
1105 452 1182 497 ἐάν
1210 469 1299 496 που
1330 451 1519 508 πόλεμος
1549 454 1600 509 ῄ·

220 522 299 567 ἐοὶν
333 523 377 566 δ’
409 522 456 566 ἐν
486 523 635 580 εἰρήνῃ
674 539 718 567 τε
748 524 821 567 καὶ
854 523 1010 580 ἡσυχία
1039 521 1272 577 γένωνται,
1303 521 1441 564 αὐτοῦ
1472 520 1524 576 δὴ
1555 520 1602 563 ἐν

221 595 275 649 τῇ
305 590 430 635 πόλει
471 591 585 634 κακὰ
626 594 765 646 δρῶσι
803 592 964 646 σμικρὰ
1000 588 1155 633 πολλοί.

1219 588 1282 633 Τα
1312 594 1419 632 ποῖα
1450 587 1502 644 δή
1533 588 1601 631 λέ-

223 676 338 716 γεις;
386 656 468 702 Οἷα
506 659 762 710 κλέπτουσι,
812 662 1149 714 τοιχωρυχοῦσι,
1188 659 1602 712 βαλαντιοτομοῦσι,

223 730 580 777 λωποδυτοῦσιν,
615 728 946 781 ἱεροσυλοῦσιν,
986 726 1402 779 ἀνδραποδίζονται·
1434 721 1600 783 ἔστιδ’

223 795 293 840 ὅτε
324 799 707 851 συκοφαντοῦσιν,
752 794 830 839 ἐάν
870 795 1053 838 δυνατοὶ
1091 789 1170 837 ὦσι
1200 793 1365 848 λέγειν,
1396 793 1469 836 καὶ
1497 799 1602 844 ψευ-

223 867 551 921 δομαρτυροῦσι
580 864 654 907 καὶ
684 865 1001 919 δωροδοκοῦσι.

275 1013 473 1059 σωφρονῇ]
505 1014 693 1057 σωφρονεῖ
718 1012 819 1048 Vind.
845 1012 886 1045 F.

227 1059 322 1093 Flor.
344 1060 387 1093 R.

255 1126 395 1208 ὧῐρήνῃ
426 1129 488 1172 τε]
524 1138 562 1162 τε
595 1140 661 1163 om.
693 1128 779 1162 Lob.
805 1128 884 1162 Vat.

268 1241 314 1287 δὴ
341 1240 394 1286 ἐν]
421 1240 497 1276 ἐκεῖ
519 1240 558 1276 ἐν
581 1243 666 1286 Ang.
693 1242 733 1276 Β.
760 1239 799 1276 ἐν
819 1254 885 1276 om.

222 1288 322 1322 Vind.
346 1289 390 1323 E.

267 1360 361 1391 ποῖα
387 1356 459 1402 δὴ]
493 1369 533 1392 π.
559 1355 597 1391 δὲ
622 1358 709 1402 Aug.
735 1357 773 1390 B.
807 1358 886 1393 Vat.

261 1430 361 1494 ‘Ofoq
388 1447 470 1484 οἷον
494 1449 595 1485 Vind.
621 1450 662 1484 B.

267 1519 556 1563 τοιχωρυχοῦσι]
621 1518 887 1562 τοιχωρυγοῦσι

223 1566 322 1601 Vind.
347 1566 390 1599 E.

271 1633 629 1680 βαλαντιοτομοῦσι]
669 1632 884 1678 βαλλαντιο-

223 1682 381 1724 τομοῦσι
405 1681 504 1716 Vind.
519 1681 558 1714 Β.
586 1681 672 1713 Ven.
699 1680 767 1712 BC.
787 1679 883 1712 Flor.

222 1728 295 1761 Ac.
333 1729 407 1761 Ast.
443 1738 495 1771 pr.
544 1727 583 1760 In
617 1728 695 1761 Vat.
722 1726 761 1758 B.
799 1725 886 1758 alte-

222 1785 296 1807 rum
321 1775 340 1807 λ
365 1775 628 1817 superscriptum
654 1774 715 1804 est.
750 1771 886 1816 βαλαν-

223 1819 461 1862 τιοτομοῦσιν
487 1819 559 1852 Ald.
595 1818 715 1862 steph.
749 1817 885 1861 βαλαν-

223 1865 484 1908 τιοτοτομοῦσι
508 1865 588 1903 Bas.
613 1864 667 1897 ab.
717 1862 771 1896 Cf.
797 1874 886 1907 quae

224 1913 268 1946 ad
292 1912 332 1945 L.
357 1911 453 1945 VIII.
489 1923 524 1956 p.
546 1911 625 1945 552.
648 1910 690 1943 D.
726 1910 889 1943 observa-

223 1962 261 1992 ta
284 1962 374 1993 sunt.

270 2025 575 2068 λωποδυτοῦσιν]
653 2024 889 2069 exspoliabunt

224 2075 553 2117 praedabunturque
575 2072 648 2105 Fic.

273 2141 563 2194 δωροδοκοῦσι.]
600 2137 887 2194 δωροδοκοῦσιν.

225 2189 405 2223 Bekkerus
430 2192 466 2221 et
490 2187 606 2222 Astius
630 2187 664 2220 in
688 2190 768 2219 tert.
804 2184 887 2216 Post

225 2236 288 2269 hoc
322 2247 385 2280 pro
412 2230 557 2278 Σμικρα
594 2229 634 2277 γ’
668 2232 704 2265 in
736 2229 887 2264 Bekkeri

225 2281 373 2314 editione
407 2291 588 2325 operarum
616 2278 716 2323 culpa
740 2273 885 2319 Σμικρὰ

224 2326 295 2371 γὰρ
319 2327 454 2371 legitur.

279 2394 335 2429 Τὰ
361 2393 456 2439 γὰρ]
488 2395 544 2428 Ita
567 2395 647 2428 Par.
671 2392 779 2427 ADK.
803 2391 888 2424 Lob.

230 2442 327 2476 Vind.
354 2442 394 2475 F.
419 2442 512 2475 Mon.
539 2441 578 2475 Β.
602 2441 681 2475 Vat.
701 2438 779 2472 ΒΜ.
805 2438 890 2470 Ven.

228 2487 268 2521 C.
302 2489 388 2531 Aug.
424 2488 462 2520 B.
498 2486 704 2520 F1012RU.
756 2483 890 2528 Reliqui

229 2534 364 2567 codices
389 2537 424 2566 et
457 2533 541 2566 editi
572 2538 650 2566 aute
675 2529 890 2565 Stallbaumii

229 2592 298 2615 sec.
332 2577 371 2613 δὲ
406 2591 468 2624 pro
501 2577 571 2622 ’γὰρ
609 2579 756 2617 habent,
797 2575 889 2620 quod

230 2631 430 2679 praeeunte
434 2626 467 2658 in
481 2636 596 2658 comm.
609 2625 767 2657 Bekkero
784 2621 890 2656 Stall-

227 2673 380 2706 baumius
422 2671 455 2704 in
497 2669 567 2714 γὰρ
606 2669 758 2703 mutavit.
820 2667 890 2701 Sed

228 2720 321 2764 quod
345 2721 459 2752 notum
486 2728 562 2750 esse
585 2728 682 2749 usum
705 2713 802 2748 vocis
819 2710 890 2757 γὰρ

228 2765 263 2799 in
285 2763 559 2810 responsiombus
583 2762 696 2805 addit,
721 2762 754 2794 h.
778 2760 800 2795 l.
825 2760 896 2792 So—

230 2816 344 2846 crates
379 2822 445 2845 non
479 2810 656 2844 Adimanto
698 2806 891 2853 respondet,

1062 861 1237 919 Σμικρά
1265 860 1324 918 γ’,
1354 861 1459 918 ἔφη,
1489 859 1604 904 κακὰ

944 1022 1062 1045 verum
1086 1022 1182 1044 suum
1205 1021 1405 1053 sermonem,
1431 1009 1531 1055 quasi
1553 1009 1604 1043 al-

944 1063 998 1091 ter
1021 1057 1105 1090 nihil
1129 1057 1282 1099 dixisset,
1306 1056 1492 1090 continuat.

989 1122 1135 1169 σμικροὶ]
1160 1123 1318 1169 σμικρὰν
1341 1124 1444 1158 Vind.
1469 1125 1514 1158 F.

988 1191 1100 1238 ἐστι,]
1146 1195 1233 1227 Ante
1266 1193 1460 1227 Bekkerurn
1501 1192 1605 1226 maior

944 1246 1018 1274 erat
1041 1239 1282 1285 interpunctio.

991 1306 1155 1352 πόλεως]
1193 1308 1296 1348 Quod
1325 1308 1426 1350 vulgo
1453 1306 1606 1343 additum

943 1355 1121 1398 legebatur
1140 1351 1494 1398 παραβαλλόμενα,’
1486 1365 1518 1385 ιιι
1540 1363 1605 1385 ιιιιο

946 1401 1030 1434 Ven.
1064 1401 1105 1434 Β.
1140 1403 1312 1453 repertum
1347 1411 1457 1443 neque
1489 1398 1606 1431 Ficino

944 1447 1113 1490 cognitum
1136 1445 1259 1479 merito
1281 1446 1461 1478 Bekkeius
1493 1450 1528 1477 et
1550 1455 1606 1477 re

945 1493 1112 1526 centiores
1159 1492 1353 1525 omiserunt.
1427 1490 1605 1534 Praeposi—

943 1539 1069 1572 tionem
1092 1536 1188 1581 πρὸς
1212 1537 1373 1571 eiusmodi
1396 1537 1607 1569 additamen—
1651 1544 1655 1549 ’

943 1589 978 1618 to
1011 1597 1075 1618 non
1109 1596 1211 1628 egere
1239 1583 1380 1628 plurima
1406 1583 1608 1616 documenta

942 1634 1034 1710 sunlt.
1080 1631 1135 1664 cf.
1167 1630 1266 1664 huius
1289 1628 1466 1663 voluminis
1491 1640 1524 1674 p.
1552 1631 1607 1669 10,

942 1689 961 1711 a

991 1746 1098 1789 ἴκταρ
1122 1742 1268 1790 βάλλει]
1296 1743 1401 1788 ι’κταρ
1426 1741 1531 1788 {Mna
1556 1743 1607 1776 al-

944 1798 1020 1826 tero
1047 1793 1066 1825 λ
1099 1803 1186 1824 am.
1222 1802 1249 1825 s.
1283 1791 1400 1824 addito
1435 1789 1528 1824 Mon.
1565 1791 1605 1824 B.

944 1839 1050 1892 ι’κταρ
1101 1833 1222 1891 ἐγγύς
1253 1834 1329 1870 ἐστι
1376 1833 1428 1870 δε.
1492 1835 1607 1890 οιμία.

946 1881 1068 1927 ὥσπερ
1093 1895 1155 1916 και
1184 1880 1227 1916 τὸ
1253 1879 1340 1916 οὐδ’
1371 1881 1476 1925 ἴκταρ
1506 1893 1607 1924 ηκεις

947 1928 1095 1983 βαλλειε
1127 1928 1224 1961 Vind.
1250 1929 1291 1963 F.
1315 1928 1540 1974 glossemate,
1567 1934 1606 1960 ut

945 1978 998 2017 fit,
1022 1976 1057 2008 in
1080 1980 1209 2008 textum
1233 1980 1386 2018 recepto,
1404 1973 1494 2017 quod
1513 1973 1604 2006 Mon.

945 2024 986 2056 B.
1018 2022 1053 2054 in
1084 2033 1127 2054 m.
1161 2031 1182 2053 a
1213 2031 1256 2053 m.
1282 2031 1335 2073 pr.
1368 2019 1531 2075 sc1iptum
1554 2019 1606 2052 ita

945 2069 1067 2102 habet:
1096 2066 1201 2108 ἴκταρ
1224 2063 1337 2109 ἐγγύς.
1372 2063 1447 2098 ἐστι
1472 2062 1511 2097 δὲ
1534 2076 1602 2098 πα-

946 2114 1072 2169 ροιμία
1093 2109 1183 2146 οὐδ’
1204 2111 1308 2170 ξ’)ιταρ
1323 2108 1460 2166 βάλλει,
1482 2106 1605 2154 ὥσπερ

945 2160 1008 2195 καὶ
1028 2157 1070 2193 τὸ
1096 2154 1182 2192 ov'6'
1210 2158 1315 2200 ἴκταρ
1339 2154 1451 2201 ἥκεις.
1499 2157 1606 2198 Idem,

943 2207 1003 2241 sed
1035 2204 1158 2249 spiritu
1190 2204 1354 2238 vocabulo
1388 2203 1493 2247 ἴκταρ
1528 2203 1606 2236 ubi—

944 2265 1011 2298 que
1046 2251 1112 2284 leni
1147 2250 1322 2294 apposito,
1363 2249 1399 2282 in
1430 2261 1474 2284 111.
1508 2249 1604 2282 Flor

944 2298 1052 2332 ACU.
1086 2296 1221 2340 legitur
1292 2296 1373 2330 Plus
1408 2295 1608 2328 scholiastes

945 2345 1027 2378 dat:
1063 2342 1170 2397 ἴκταρ
1203 2342 1371 2385 σημαίνει
1395 2339 1604 2375 ταῦτα·τό

947 2388 1074 2444 ἔγγὺς,
1100 2385 1176 2422 ἀπὸ
1214 2388 1282 2421 τοῦ
1319 2387 1526 2430 ἱκνεῖσθαι,
1561 2383 1605 2421 vd

946 2434 1183 2492 πρόσφατον,
1208 2432 1250 2468 τό
1273 2430 1368 2490 ἄρτι,
1392 2431 1435 2467 τὸ
1454 2431 1607 2475 ταχέως,

947 2481 991 2517 τὸ
1014 2481 1175 2522 πυκνῶς,
1201 2478 1243 2514 τὰ
1270 2477 1453 2522 ἐξαπίνης.
1483 2478 1606 2522 ὥσπερ

946 2527 1008 2562 καὶ
1030 2526 1073 2561 τὸ
1104 2523 1192 2560 οὐδ’
1207 2526 1347 2583 ἴκταρ
1361 2523 1498 2582 βάλλει
1520 2536 1605 2558 του-

945 2573 1066 2609 τέστιν
1092 2570 1179 2606 οὐδ’
1199 2570 1304 2615 ἐγγύς
1330 2569 1437 2605 ἐστιν.
1464 2571 1606 2615 εἴρηται

948 2619 986 2655 δὲ
1008 2617 1103 2653 κατὰ
1123 2618 1301 2674 γλῶτταν,
1322 2615 1435 2660 (κατὰ
1459 2617 1528 2661 τὴν
1553 2618 1604 2660 γλ.

947 2668 1006 2710 R.)
1038 2661 1169 2722 ω’σπερ
1189 2663 1232 2698 τὸ
1261 2661 1456 2710 διωλύγιον
1490 2661 1606 2698 κακὸν

948 2711 1116 2756 σημαίνει
1131 2709 1173 2745 τὸ
1192 2708 1297 2754 μέγα,
1322 2709 1367 2744 οὐ
1384 2706 1607 2753 μνημονεύει

948 2757 1108 2793 Πλάτων
1129 2754 1168 2791 ἐν
1181 2753 1382 2802 Θεαιτητῳ.
1396 2754 1606 2799 (διωλύγιος

948 2802 1112 2849 φλυαρια
1131 2803 1276 2838 Theaet.
1301 2804 1432 2848 Ρ.162.
1455 2803 1493 2836 A.
1520 2802 1606 2836 dici-
