1764 3176
301 110 384 150 298

763 104 1231 147 PLATONIS

238 221 273 261 B
298 230 432 274 ρεσιν,
454 217 527 260 καὶ
547 214 657 259 ἄλλα
682 219 769 269 ζῶα
787 216 976 273 μουσικοὶ
1001 215 1221 266 ὡσαύτως.
1253 214 1452 272 εἰκοστὴν
1465 217 1512 260 δὲ
1527 220 1682 273 λαχοῦ-

295 299 378 330 σαν
407 284 554 341 ψυχήν
578 284 751 328 ἑλέσθαι
773 285 951 336 λέοντος
986 287 1103 341 βίον·
1147 281 1258 327 εἶναι
1284 283 1329 326 δὲ
1358 283 1437 339 τήν
1475 285 1678 335 Αἴαντος,

292 359 375 398 τοῦ
391 355 683 408 Τελαμωνίου,
701 352 957 409 φεύγουσαν
971 352 1212 406 ἄνθρωπον
1228 352 1444 408 γενέσθαι,
1466 351 1678 407 μεμνημέ-

291 440 375 480 νην
402 427 479 478 τῆς
511 425 600 465 τῶν
631 421 778 465 ὅπλων
807 423 1001 475 κρίσεως.
1047 420 1131 477 τήν
1162 419 1202 464 δ’
1238 421 1305 464 ἐπὶ
1337 420 1478 478 τούτῳ
1504 420 1680 476 Ἀγαμὲ-

291 508 456 547 μνονος
471 505 482 515 ·

290 559 363 604 διὰ
408 560 460 602 τὰ
501 559 624 614 πάθη
665 558 796 602 ἀετοῦ
835 558 1059 610 διαλλάξαι
1096 560 1209 614 βίον.

527 491 662 548 ἔχθρᾳ
705 491 750 535 δὲ
781 492 849 535 καὶ
893 488 1058 545 ταύτην
1088 494 1169 533 τοῦ
1201 488 1492 543 ἀνθρωπίνου
1524 489 1681 545 γένους

1268 558 1315 602 ἐν
1345 557 1492 613 μέσοις
1524 558 1570 601 δὲ
1600 562 1679 601 λα-

288 628 458 685 χοῦσαν
496 628 576 683 τήν
604 626 862 684 Ἀταλάντης
900 626 1083 682 ψυχὴν,’
1103 628 1373 669 κατιδοῦσαν
1402 626 1590 681 μεγάλας
1619 643 1680 669 τι-

290 697 374 752 μὰς
407 695 603 751 ἀθλητοῦ
635 693 818 750 ἀνδρός,
853 694 908 739 οὐ
939 695 1159 739 δύνασθαι
1190 699 1440 749 παρελθεῖν,
1468 692 1579 737 ἄλλα
1606 700 1679 738 λα-

229 771 260 813 C
293 769 399 820 βεῖν.
445 764 552 820 μετα
583 763 628 807 δὲ
658 764 822 820 ταύτην
852 767 962 808 ἰδεῖν
990 763 1072 821 τήν
1096 762 1285 814 Ἐπειοῦ,
1316 768 1396 806 τοῦ
1423 765 1678 815 Πανοπέως,

292 834 351 883 εἰς
381 836 578 888 τεχνικῆς
607 832 819 887 γυναικός
849 835 1008 876 ἰοῦσαν
1040 831 1196 887 φύσιν·
1231 830 1383 886 ’πόῤῥω
1416 830 1462 874 δ’
1485 831 1531 874 ἓν
1551 829 1679 874 ὑστά-

289 917 381 951 τοις
420 902 527 944 ἰδεῖν
563 900 641 957 τὴν
680 905 764 944 τοῦ
801 905 1097 957 γελωτοποιοῦ
1141 901 1355 957 Θερσίτου
1385 901 1579 956 πίθηκον
1611 899 1677 942 ἐν-

336 1072 427 1117 ζιόα]
455 1072 532 1119 ζῷα
555 1073 633 1108 Ald.
658 1074 738 1108 Bas.
765 1075 820 1108 ab.

335 1161 523 1205 ὡσαύτως.
556 1165 748 1211 εἰκοστὴν]
775 1167 830 1199 Ita
854 1165 954 1201 Vind.

287 1211 329 1245 F.
354 1208 534 1251 (ὁσαύτως
560 1211 669 1252 εἰκός.
695 1212 763 1257 τὴν
788 1212 953 1246 Pa1-.AK.

287 1269 357 1291 sec,
384 1259 493 1291 Bekk.
526 1264 561 1291 et
592 1271 612 1292 a
636 1271 679 1294 m.
706 1271 757 1304 pr.
783 1258 824 1293 D.
854 1258 950 1291 Vind.

285 1304 361 1336 BE.
388 1305 473 1347 Ang.
500 1305 541 1338 B.
568 1305 640 1340 Pal.
663 1307 703 1339 A.
733 1306 810 1338 Vat.
836 1305 880 1339 H.
905 1308 951 1345 et,

286 1354 324 1382 ut
347 1351 518 1395 suspicor,
546 1351 642 1385 Flor.
666 1351 839 1384 ACRTV.
864 1361 949 1394 quos

282 1396 529 1430 Stallbaumius
563 1397 598 1430 in
631 1409 684 1442 pr.
717 1398 759 1431 de
784 1395 951 1450 Stephani

280 1441 428 1475 lectmne
440 1455 491 1481 ως
510 1443 665 1476 omittere
683 1448 713 1476 t=
718 1443 800 1477 ad1t
826 1439 949 1476 τοσαύ-

280 1500 352 1527 τως
376 1488 429 1522 τῶ
456 1487 563 1528 εἰκός.
590 1488 659 1532 τὴν
680 1491 757 1525 Vat.
769 1491 809 1523 B.
827 1486 949 1522 ωσαύ-

280 1546 372 1576 τως,
408 1532 459 1573 ὠς
489 1534 531 1569 τό
560 1533 670 1574 εἰκός.
697 1534 766 1580 τὴν
795 1537 880 1570 Ven.
907 1535 946 1568 B.

282 1580 370 1614 Lob.
404 1581 476 1624 (hic
500 1579 664 1625 τοεικός)
696 1583 774 1616 Vat.
800 1582 850 1615 M.
877 1582 950 1614 Eu—

280 1628 352 1660 seb.
373 1639 447 1660 cum
467 1628 568 1661 editis
589 1632 623 1661 et
646 1628 785 1661 Ficino:
812 1634 849 1661 ut
870 1640 949 1660 con-

283 1679 486 1707 sentaneum
506 1680 568 1714 est,
588 1676 757 1708 similiter.
786 1676 949 1728 Aliquam

283 1719 377 1761 (vcro
401 1732 440 1752 ex
459 1722 655 1763 sortibus),
662 1720 868 1764 ,Legendum
879 1717 948 1764 τήν

284 1763 323 1799 δὲ
349 1764 528 1810 δευτέραν
553 1768 752 1810 λαχοῦσαν.
801 1767 840 1799 In
872 1767 946 1799 vul—

281 1812 370 1856 gatis
390 1824 455 1846 vox
477 1811 656 1856 δευτέραν
676 1813 802 1846 deficit.
808 1815 832 1831 ‘⁴
858 1813 947 1846 Cor-

281 1858 398 1892 uanius
422 1860 484 1894 ecl.
509 1871 543 1904 p.
568 1861 643 1895 103.
710 1859 776 1902 „In
800 1859 946 1903 quodam

280 1908 350 1938 vet.
385 1905 475 1938 inte1
513 1903 552 1938 δὲ
585 1909 619 1938 et
643 1905 829 1948 λαχοῦσαν
860 1905 945 1937 sexi-

282 1958 362 1996 ptus
401 1957 454 1985 est
492 1952 705 1985 accusativus
744 1949 945 1994 δευτέρανε

280 2009 381 2042 quem
403 2003 518 2031 tamen
543 1997 712 2031 Eusebius
745 2009 810 2031 non
837 2009 946 2040 agno-

280 2045 381 2078 scit.“
426 2045 620 2088 Stephanus
659 2047 773 2077 annot.
819 2055 851 2087 p.
887 2045 942 2077 27.

280 2091 460 2134 Vulgatam
486 2090 642 2123 vitiosam
666 2101 741 2123 esse
761 2096 841 2134 post
860 2089 948 2122 Cor-

279 2138 412 2170 narium
437 2136 678 2170 Stallbaumius
713 2137 747 2169 in
775 2147 842 2169 sec.
868 2147 947 2168 sen-

279 2183 342 2225 sit,
377 2188 412 2216 et
445 2195 550 2228 quum
574 2183 794 2215 Plutarchum
827 2183 945 2226 Symp.

278 2229 318 2262 L.
340 2230 443 2263 VIIII
480 2241 537 2272 qu.
557 2230 588 2263 5
615 2240 720 2273 quaer
706 2240 781 2261 ere
801 2228 946 2269 νὶἀειρῒ,

276 2274 341 2309 διὰ
385 2276 421 2309 τί
460 2273 619 2309 Πλάτων
659 2272 828 2318 εἰκοστὴν
873 2271 944 2317 ἔφη

275 2320 402 2365 ψυχὴν
426 2322 493 2355 τοῦ
513 2321 673 2360 Αἴαντος
693 2319 753 2354 ἐπὶ
771 2319 839 2354 τὸν
857 2320 924 2353 n)
891 2332 946 2363 η-

276 2380 344 2423 ρον
369 2366 512 2410 ἐλθειν,
546 2369 722 2401 Platonem
754 2363 942 2420 ὡσαύτως,

277 2427 329 2454 ως
353 2412 396 2448 τὸ
424 2412 536 2453 εἰκός.
571 2411 744 2467 εικοστὴν
768 2413 944 2468 scripsisse

277 2461 464 2495 statuebat.
514 2461 584 2493 Sed
604 2460 685 2492 iliud
711 2471 761 2497 ως
781 2457 824 2493 τὸ
844 2457 944 2497 εἰκὸς

278 2507 368 2541 haud
380 2507 486 2540 minus
499 2506 694 2540 offensionis
710 2506 822 2546 habet,
842 2516 943 2550 quam

278 2554 453 2588 articulus.
501 2553 658 2596 Denique
682 2532 837 2594 codices⁷,
856 2562 941 2595 quos

278 2598 524 2634 Stallbaumius
549 2610 614 2631 non
638 2597 810 2642 respexit,
845 2597 942 2630 dubi-

254 2664 256 2666 ·
278 2652 354 2681 tare
379 2657 444 2679 non
468 2645 592 2686 sinunt,
615 2645 696 2688 quin
719 2645 766 2677 ita
791 2644 942 2689 scripse-

278 2693 325 2727 rit
350 2693 470 2733 Plato,
503 2695 541 2724 ut
572 2690 746 2725 edidimus.
802 2690 854 2724 De
881 2702 942 2723 nu-

279 2751 371 2774 mero
395 2738 469 2783 ipso
493 2736 620 2790 optime
646 2736 887 2770 Plutarchusl.
911 2747 941 2769 c.

280 2798 314 2831 p.
343 2785 422 2821 740.
452 2783 493 2817 D.
529 2779 601 2826 ὅρα
635 2780 704 2827 δὴ,
737 2782 865 2828 inquit.
889 2780 940 2825 μὴ

1011 1072 1088 1108 τῶν
1120 1071 1215 1130 notzf'c
1251 1071 1366 1129 τύχην
1399 1071 1526 1106 αἰτίαν
1556 1072 1676 1116 ζητεῖν

1013 1116 1151 1163 α’λογόν
1187 1118 1295 1154 εστιν.
1343 1115 1391 1153 (ἐν
1423 1117 1495 1175 γὰρ
1533 1117 1571 1152 έν
1602 1131 1675 1152 τινι

1011 1165 1107 1212 λόγῳ
1141 1167 1323 1221 φαίνηται
1346 1163 1527 1220 γεγονώς
1540 1161 1559 1199 ὁ
1588 1165 1675 1208 κλῆ-

1011 1225 1093 1268 ρος,
1120 1210 1247 1246 ου’κὲτι
1272 1212 1425 1266 γίνεται
1438 1209 1534 1244 κατὰ
1560 1209 1675 1255 τύχην

1011 1256 1098 1292 οὐδὲ
1126 1256 1369 1302 αυτομάτως,
1401 1254 1485 1291 αλλ’
1511 1255 1550 1291 ἐκ
1573 1269 1676 1296 τινος

1010 1303 1230 1348 ειμαρμένης
1252 1304 1314 1338 καὶ
1339 1304 1530 1347 προνοίας.
1581 1303 1676 1340 Reli-

1009 1362 1076 1396 qua
1101 1351 1408 1395 gnammaticormm
1434 1362 1519 1394 quos
1543 1350 1577 1382 in
1598 1361 1673 1383 sce-

1007 1409 1085 1430 nam
1117 1398 1296 1442 producit,
1334 1402 1523 1429 commenta
1561 1396 1675 1429 inania

1007 1448 1095 1477 sunt.
1165 1443 1243 1476 Non
1285 1443 1393 1486 magis
1431 1442 1673 1485 quaerendum,

1007 1501 1068 1522 cur
1090 1490 1254 1523 Atalanta
1283 1489 1404 1530 media,
1427 1489 1568 1532 Vlysses
1592 1488 1674 1521 ulti-

1007 1547 1079 1569 mus
1104 1537 1158 1570 sit.

1053 1615 1150 1660 βίον]
1178 1615 1263 1660 βίου
1288 1615 1363 1648 Ald.
1387 1615 1468 1648 Bas.
1493 1625 1525 1647 a.

1051 1682 1134 1729 τὴν]
1159 1685 1228 1718 τοῦ
1259 1685 1341 1718 Par.
1367 1683 1443 1718 DK.
1469 1695 1537 1717 sec.
1560 1681 1670 1715 Bekk.

1055 1753 1308 1796 Τελαμωνίου]
1334 1751 1555 1796 τελαμονίου
1570 1751 1670 1784 Vind.

1004 1800 1044 1833 F.
1069 1798 1350 1842 τελαμωνιοὶδαο
1386 1800 1474 1834 Lob.
1509 1799 1669 1841 τελαμω-

1003 1844 1144 1880 νεοὶδαο
1173 1847 1250 1880 Vat.
1277 1846 1325 1879 M.

1049 1913 1120 1959 τὴν
1145 1912 1210 1959 δ’]
1234 1912 1305 1957 τὴν
1330 1911 1369 1948 δὲ
1395 1914 1476 1947 Bas.
1499 1913 1536 1947 b.

1046 1981 1321 2027 Ἀγαμέμνονος]
1349 1983 1418 2016 τοῦ
1444 1979 1502 2025 οἷγ.
1527 1980 1604 2014 vat.
1619 1979 1668 2013 M.

1002 2031 1131 2064 Euseb.

1051 2109 1087 2154 ἐχ
1090 2112 1118 2144 θ
1121 2111 1190 2157 ρα]
1225 2110 1279 2143 Ita
1311 2109 1394 2142 Par.
1418 2108 1459 2141 A.
1497 2105 1667 2151 (ἔχθραι)

1003 2170 1040 2201 εχ
1042 2159 1092 2200 θρ
1097 2169 1120 2190 α
1149 2150 1383 2190 νὶικ1.ΒΕῡ“.
1415 2156 1501 2188 Ven.
1561 2153 1668 2186 .Pal.

1003 2207 1042 2236 Α.
1078 2204 1154 2238 xat
1192 2203 1236 2257 ῌ.
1274 2202 1369 2234 Ι4Ἶοτ.
1405 2155 1556 2234 ACRV¹3
1590 2200 1668 2232 odio

1001 2250 1075 2283 Fic.
1102 2247 1190 2293 ἐχθρ
1195 2246 1240 2282 ἂν
1266 2248 1351 2280 Lob.
1376 2247 1475 2290 (Vat.
1486 2246 1565 2278 ΒΜ.
1586 2245 1664 2278 Par.

1002 2296 1078 2329 DK.
1104 2297 1189 2340 Aug
1217 2296 1255 2328 Β.
1285 2294 1379 2326 Flor.
1406 2294 1473 2335 Τ.)
1493 2303 1568 2325 cum
1593 2291 1663 2323 Eu-

1000 2342 1096 2376 sebio
1121 2348 1156 2375 et.
1181 2341 1281 2375 editis
1312 2342 1390 2372 ante.
1413 2339 1618 2372 Bekkerum.

1048 2419 1109 2467 δὲ]
1134 2434 1200 2458 om.
1225 2421 1351 2454 Euseb.

1050 2487 1295 2535 ἀνθρωπίνου
1308 2491 1321 2534 ]

999 2538 1079 2571 Bas.
1100 2539 1133 2571 b.

1042 2603 1214 2650 Ἐπειοῦ]
1245 2601 1324 2638 ἐπεὶ
1349 2599 1394 2638 οὗ
1419 2602 1520 2637 vind.
1543 2602 1586 2635 F.

1419 2485 1665 2532 ἅνθρωδενου

1046 2683 1278 2730 Πανοπέως]
1323 2684 1550 2727 Pauopeensis
1583 2683 1660 2718 Fic.

999 2735 1058 2767 des
1106 2733 1278 2776 Panopier
1319 2731 1660 2764 Schieiermacherus.

1000 2780 1117 2826 Epeus
1141 2782 1217 2813 erat
1247 2777 1455 2820 Phocensis,
1478 2777 1569 2810 filius
1592 2776 1659 2810 Pa-

1707 1614 1738 1654 Β

1700 2600 1731 2639 (J
