1764 3176
253 124 426 150 LXXXVI
698 106 1229 150 PRAEFATIO

254 241 378 281 pere,
405 229 487 268 hoc
522 233 608 278 est,
645 242 719 269 eos
742 210 970 282 producere
998 227 1088 267 dici.
1173 227 1236 267 De
1268 227 1432 279 reliquis
1464 241 1559 269 vero
1588 231 1647 269 sie

254 320 414 367 habeat,
450 322 644 360 terminos
663 322 777 373 ipsos
803 334 897 360 esse
919 332 1110 361 numeros
1142 319 1182 367 3,
1205 320 1245 368 6,
1264 318 1332 367 12,
1357 318 1425 368 24,
1453 324 1646 373 acceptos

253 412 344 451 illos
378 424 451 450 seu
487 412 709 464 productos
732 413 905 465 primum
926 426 948 451 a
970 411 1254 459 similantibus,
1296 410 1324 449 3
1346 410 1393 448 ab
1416 411 1456 450 1.
1477 412 1517 461 3,
1550 412 1605 451 12
1626 428 1649 453 a

254 502 294 541 2.
315 504 363 551 6,
400 505 428 543 6
455 517 476 542 a
503 503 542 543 2.
566 504 616 551 3,
653 504 710 542 24
734 518 756 543 a
780 504 820 542 4.
842 504 892 551 6,
928 507 1013 542 tum
1045 516 1068 542 a
1102 502 1453 551 dissimilantibus,
1489 503 1517 542 3
1540 504 1588 542 ab
1608 505 1645 543 1.

254 595 294 643 3,
325 597 353 634 6
375 610 397 634 a
419 595 457 635 2.
479 596 520 644 3,
556 595 611 634 12
634 609 656 635 a
677 595 716 633 2.
736 596 778 647 6,
800 594 857 633 24
877 608 898 634 a
919 594 958 633 4.
981 595 1022 643 6,
1057 595 1176 633 tertio
1215 595 1263 633 ab
1285 595 1532 647 augentibus,
1567 595 1650 635 hoc

256 692 333 735 est,
365 688 432 739 qui
456 688 700 726 duodenario
722 687 850 725 maius
874 687 969 738 quid
989 687 1234 738 producant,
1270 686 1326 725 24
1348 701 1370 726 a
1393 686 1432 726 4.
1454 687 1494 736 6,
1530 687 1650 726 deni—

188 782 192 783 ’
257 791 336 829 que
371 793 394 818 a
417 779 736 818 deminuentibus
765 791 839 817 seu
878 779 1007 818 minus
1039 778 1284 817 duodenario
1320 778 1649 830 producentibus,

255 870 284 910 3
304 871 351 909 ab
378 871 416 909 1.
438 871 466 910 3
494 874 535 909 et
563 871 591 910 6
619 885 642 911 a
669 870 708 910 2.
730 871 782 918 3,
819 869 1106 909 duodenarium
1143 874 1276 910 autem
1308 872 1440 923 ipsum
1467 871 1509 908 in
1543 871 1650 909 serie

256 962 414 1001 illorum
447 966 616 1013 quatuor
646 963 907 1001 terminorum
924 965 1141 1014 propterea
1168 963 1305 1001 inesse
1325 962 1496 1010 debere,
1528 962 1649 1013 quod,

258 1066 378 1104 quum
401 1055 514 1105 quasi
537 1068 724 1094 mensura
744 1055 822 1103 sit,
856 1067 932 1105 qua
954 1053 1129 1092 adhibita
1149 1040 1303 1093 numeri
1323 1058 1406 1092 tum
1428 1047 1651 1102 αὔξοντες

256 1149 340 1184 tum
378 1141 638 1203 φθίνοντες
666 1148 968 1198 nuncupentur,
1001 1144 1173 1184 eundem
1192 1147 1311 1185 etiam
1329 1145 1532 1198 exemplar
1557 1158 1652 1185 esse

259 1238 488 1285 conveniat,
521 1239 633 1277 cuius
660 1239 816 1277 ratione
844 1237 999 1276 numeri
1019 1240 1104 1275 tum
1126 1229 1410 1292 ὁμοιοῦντες
1429 1240 1514 1276 tum
1539 1230 1650 1279 α’νο·

257 1322 514 1383 μοιοῦντες
557 1329 748 1369 dicantur.
838 1328 1019 1379 Quorum
1048 1328 1262 1368 verborum
1294 1332 1491 1378 extrema,
1532 1342 1653 1381 quum

258 1432 342 1458 non
366 1424 580 1471 appareat,
617 1434 695 1473 qua
723 1421 822 1469 alia,
858 1421 935 1459 nisi
956 1423 1090 1459 mutua
1113 1421 1295 1473 ipsorum
1311 1421 1467 1460 ratione
1496 1424 1536 1459 et
1551 1421 1650 1459 invi-

260 1525 350 1551 cem
378 1514 597 1563 comparati
631 1513 660 1552 6
684 1516 726 1552 et
745 1511 802 1551 24
826 1525 847 1552 a
870 1511 1156 1561 similantibus,
1191 1513 1219 1552 3
1258 1515 1299 1551 et
1315 1513 1342 1552 6
1366 1526 1388 1551 a
1412 1512 1649 1551 dissimilan-

260 1604 366 1643 tibus
390 1603 578 1655 producti
607 1603 801 1656 appellari
826 1606 994 1655 queant,
1031 1607 1072 1643 et
1110 1604 1204 1656 quid
1230 1604 1325 1643 huic
1348 1617 1488 1643 eorum
1510 1605 1655 1644 rationi

260 1696 546 1747 significandae
574 1696 809 1735 duodenarii
843 1696 1024 1735 accessio
1047 1696 1258 1745 inserviat,
1304 1707 1354 1735 eo
1393 1696 1561 1735 consilio
1581 1696 1652 1735 ad-

260 1789 364 1827 iecta
384 1787 587 1836 videntur,
614 1791 659 1826 ut
693 1787 987 1836 dubitantibus,
1025 1799 1104 1838 quo
1139 1787 1261 1826 modo
1295 1788 1337 1826 in
1364 1800 1530 1827 numero
1551 1788 1653 1828 duo-

261 1880 424 1919 denario
449 1875 520 1934 (ἑν
550 1870 586 1936 ᾦ
607 1869 802 1937 πρώτῳ)
826 1878 980 1917 numeri
1002 1878 1042 1926 1,
1063 1878 1103 1926 2,
1127 1878 1167 1926 3,
1202 1879 1244 1927 4,
1271 1879 1299 1917 6
1329 1882 1497 1930 quatuor
1517 1881 1653 1919 termi-

262 1984 352 2021 nos,
390 1983 560 2023 quorum
580 1971 722 2009 tertius
750 1970 841 2022 ipse
861 1969 1128 2009 duodenarius
1151 1971 1214 2019 sit,
1252 1971 1437 2024 accipere
1461 1983 1534 2010 seu
1555 1984 1651 2023 pro-

263 2062 412 2102 ducere
439 2063 611 2114 possint,
648 2061 880 2113 scrupulum
900 2062 1092 2110 eximant,
1133 2075 1212 2113 quo
1231 2062 1388 2101 liberati
1413 2062 1654 2114 sperandum

264 2159 328 2194 est
352 2155 469 2203 fore,
505 2159 549 2192 ut
575 2153 697 2192 iidcm
718 2152 845 2204 quarti
875 2153 1032 2191 termini
1068 2166 1249 2193 caussam
1282 2154 1407 2205 magis
1437 2154 1555 2194 etiam
1577 2155 1654 2194 ab-

264 2246 488 2286 sconditam
516 2245 725 2298 aliquando
747 2259 771 2285 e
790 2245 965 2284 tenebris
998 2249 1149 2285 eruant.
1220 2243 1322 2285 Post
1350 2245 1452 2284 haec
1476 2245 1526 2285 ad
1553 2246 1652 2285 alte-

263 2351 349 2377 ram
371 2337 452 2377 loci
481 2342 638 2389 partem
673 2350 720 2378 se
756 2338 952 2377 convertit
974 2336 1203 2385 Branisius,
1240 2337 1351 2376 cuius
1376 2337 1652 2389 interpretatio

266 2433 303 2471 ei
327 2431 469 2470 melius
492 2430 628 2470 cessit.
701 2429 949 2481 Quamquam
972 2429 1078 2468 enim
1098 2442 1150 2468 ne
1168 2428 1235 2467 hic
1259 2428 1418 2480 quidem
1441 2430 1654 2481 pugnantia

267 2535 444 2576 ponere,
479 2522 631 2562 incerta
659 2534 734 2575 pro
761 2522 881 2561 certis
918 2521 1144 2569 venditare,
1177 2520 1338 2572 linguae
1367 2533 1485 2560 usum
1504 2534 1655 2573 susque

265 2614 399 2666 deque
419 2613 571 2653 habere
596 2613 809 2662 dubitavit,
845 2612 1017 2664 denique
1044 2625 1320 2661 munerorum,
1358 2625 1460 2664 quos
1482 2613 1657 2666 profert,

265 2707 417 2746 nullum
438 2705 613 2746 veritatis
636 2709 704 2745 aut
722 2704 1011 2759 probabilitatis
1033 2706 1140 2744 notis
1167 2705 1363 2752 instruxit,
1398 2708 1530 2744 tamen
1555 2704 1652 2743 dua-

266 2797 341 2837 bus
363 2799 403 2838 in
427 2798 547 2839 rebus
565 2801 676 2839 recta
697 2798 758 2837 via
779 2799 985 2850 ingressus
1003 2797 1248 2845 monstravit,
1284 2809 1361 2849 qua
1388 2799 1502 2849 parte
1525 2795 1654 2836 adhuc
