1764 3176
281 115 337 154 24
725 113 756 153 P
787 113 819 154 L
849 112 892 154 A
921 113 957 154 T
988 113 1027 155 O
1057 113 1095 155 N
1123 113 1141 155 I
1172 113 1201 155 S

281 225 415 274 κοῦν,
456 217 511 277 ἦν
542 218 585 265 δ’
617 221 734 277 epto.
764 222 874 280 αὕτη
904 224 983 280 μὲν
1019 223 1047 280 ἡ
1086 228 1278 269 πολιτεία
1308 225 1423 269 οὕτω
1452 232 1659 282 γεγονυῖα

212 296 251 336 D
283 289 355 332 καὶ
384 287 563 345 τοιαύτη
592 289 648 333 ἄν
675 307 739 341 τις
769 292 856 346 εἴη,
897 290 954 341 ὥς
991 291 1104 348 λόγῳ
1141 297 1282 349 σχῆμα
1309 294 1659 345 πολιτείας-ὑπο·

279 356 512 437 γράψαντα
550 358 608 414 μή
647 357 839 415 ἀκριβως
879 357 1213 416 ἀπεργάσασθαι
1257 360 1331 404 διοὶ
1371 362 1420 406 τὸ
1464 363 1661 418 ἐξαρκεῖν

279 424 358 480 μὲν
397 426 505 475 ἰδεῖν
553 442 625 469 και
671 426 718 469 ἐκ
758 431 834 482 τῆς
870 425 1134 484 ὑπογραφῆς
1172 428 1253 471 τόν
1300 445 1344 472 τε
1382 430 1662 493 δικαιότατον

280 493 352 535 καὶ
393 492 470 536 τὸν
511 492 805 546 ἀδικώτατον,
855 491 1080 550 ἀμήχανον
1130 495 1175 538 δὲ
1213 493 1340 551 μήκει
1378 497 1510 553 ε’ργον
1549 497 1662 542 εἶναι

279 559 431 611 πάσας
453 560 532 615 μὲν
560 563 799 613 πολιτείας,
829 561 972 605 πάντα
1002 564 1048 607 δὲ
1076 562 1166 619 ἤθη
1195 563 1330 619 μηδὲν
1359 564 1664 632 παραλιπόντα

281 631 481 672 διελθεῖν.
545 630 627 673 Καὶ
669 628 846 683 ὀρθῶς,
890 630 986 686 ἔφη.
1052 633 1125 681 Τίς
1164 633 1248 674 οὐν
1287 631 1311 675 ὁ
1350 650 1460 676 κατα
1501 633 1665 690 ταύτην

279 696 360 754 τὴν
389 699 612 741 πολιτείαν
643 695 784 753 nimio,-
815 713 909 750 πως
938 715 981 742 τε
1012 698 1247 755 γενόμενος
1274 699 1403 751 ποῖός
1420 702 1464 744 τέ
1485 717 1548 752 τις
1578 699 1662 751 ω’νς

283 763 417 822 Οἶμαι
445 767 548 822 μὲν,
592 765 676 821 ἔφη
709 765 732 808 ὁ
762 764 1061 822 Ἀδείμαντος,
1100 765 1228 823 ἐγγύς
1268 784 1309 812 τι
1350 767 1484 813 αὐτὸν
1524 768 1665 812 Γλαύ-

328 922 448 970 αῧτη]
478 924 573 971 αὐτὴ
604 929 697 962 Vind.
728 929 771 962 F.
797 931 883 972 Ang.
904 928 944 961 B.

326 984 495 1017 πολιτεία
520 980 618 1018 ου’τω
648 986 844 1029 γεγονυῖα]
879 996 945 1019 πο

281 1031 398 1062 λιτεῖα
428 1041 460 1063 ο.
485 1030 652 1087 γεγονεία
676 1032 775 1065 Vind.
802 1033 843 1065 Ε.

331 1071 380 1108 ἄν
403 1077 482 1119 τις]
509 1089 563 1116 τις
588 1073 635 1110 ὂὶν
660 1077 760 1112 Vind.
791 1079 831 1111 B.

220 1117 259 1158 D
332 1118 640 1167 ἀπεργάσασθαι]
678 1120 950 1167 ἐξεργάσασθαι

284 1167 386 1200 Vind.
412 1168 453 1201 Ε.
489 1169 544 1202 Cf.
569 1169 610 1203 L.
638 1169 694 1202 VI.
730 1182 763 1214 p.
758 1136 924 1204 γὸΟ4.1)

281 1212 345 1246 καὶ
386 1210 513 1248 αὐτῶν
557 1212 703 1248 τούτων
747 1213 814 1259 οὐχ
853 1212 947 1249 ’ὑπο-

1050 923 1192 972 αὐτὸν]
1232 925 1350 962 αὐτοῦ
1387 930 1463 965 Ald.
1495 931 1575 965 Bas.
1609 931 1663 965 ab.

1004 973 1126 1017 Steph.
1169 977 1242 1008 Ast.
1285 986 1336 1029 pr.
1386 976 1578 1010 tacentibus
1623 977 1666 1010 de

1003 1019 1080 1052 Pa1.
1104 1019 1147 1054 K.
1175 1020 1253 1064 Bip.
1281 1017 1400 1055 αυτὸν
1424 1022 1666 1056 Stallbaumius

1004 1064 1037 1097 in
1060 1076 1114 1108 pr.
1138 1066 1174 1099 in
1197 1066 1289 1100 Fior.
1317 1066 1488 1101 ACRUV.
1515 1068 1581 1112 legi
1572 1068 1580 1076 “
1613 1071 1667 1102 te—

998 1113 1116 1144 status
1149 1111 1184 1144 in
1216 1123 1283 1145 see.
1309 1113 1519 1157 Stephanum
1544 1110 1665 1148 αυτοῦ

1006 1155 1124 1190 invitis
1158 1157 1253 1191 libris
1280 1161 1434 1193 omnibus
1464 1159 1593 1194 habere
1615 1160 1667 1193 di-

1007 1202 1075 1244 cit,
1110 1207 1150 1236 ut
1172 1204 1274 1237 etiam
1307 1216 1327 1238 e
1350 1206 1445 1238 Flor.
1469 1205 1514 1240 Τ.
1549 1202 1667 1240 αὐτὸν

281 1257 430 1302 γραφὴν
466 1261 526 1294 δεῖ
563 1257 690 1316 ω’σπερ
742 1262 812 1295 νῦν
854 1258 949 1294 θεα-

283 1306 442 1345 σασθαι,
485 1303 578 1340 ἀλλὰ
595 1305 682 1362 τὴν
720 1304 949 1363 τελεωτατην

283 1347 513 1394 ἀπεργασίαν
559 1351 608 1408 μὴ
660 1351 847 1397 παριέναι.
896 1353 948 1388 Ib.

281 1409 320 1455 p.
343 1399 422 1432 501.
448 1400 496 1431 A:
528 1396 682 1432 Οὐκοῦν
735 1398 798 1433 ετά
827 1399 949 1433 ταῦτα

284 1442 355 1476 οιει
373 1440 674 1488 ὑπογράψασθαι
702 1442 748 1479 οὶν
764 1443 808 1480 τὸ
828 1445 949 1501 σχῆμα

284 1489 352 1532 τῆς
380 1490 592 1531 πολιτείας,
630 1490 676 1524 Τί
706 1489 803 1535 μήν;
828 1488 951 1525 ’Ἐπει-

284 1546 345 1591 τα,
373 1532 488 1579 οἶμαι,
516 1533 806 1588 απεργαζόμενοι
827 1535 950 1571 πυκνὰ

285 1578 334 1614 ἂν
359 1578 561 1625 ἑκατέρωσε
584 1580 843 1628 ἀποβλέποιεν.
869 1584 954 1616 Post

286 1625 574 1707 ῗπεῖργάσασθαι
615 1630 809 1674 Stephanus
855 1629 951 1663 colon

303 1686 353 1707 eci
374 1700 381 1707 .

286 1719 393 1799 Bzfficzl
414 1717 477 1765 ἐκ]
514 1720 577 1754 καὶ
612 1733 676 1756 om.
703 1721 784 1756 Par.

321 1777 361 1799 e’
391 1792 400 1800 .

332 1820 441 1867 μήκει
468 1822 598 1869 ἔργον]
623 1821 744 1867 μήκει.
778 1821 884 1867 ἔργον
912 1822 950 1857 τὲ

286 1869 387 1905 Vind.
410 1871 452 1904 B.

335 1924 398 1970 δὲ]
424 1938 488 1960 om.
514 1928 592 1961 Vat.
617 1928 658 1961 B.
680 1938 700 1961 a
719 1938 762 1960 m.
788 1938 839 1972 pr.

333 1991 439 2039 ἤθη]
465 1991 538 2039 ἤδη
563 1996 649 2030 Lob.
677 1995 757 2040 εἴδη
782 1997 861 2031 vat.
878 1996 927 2030 M.

339 2064 539 2109 διελθεῖν.]

811 1721 856 1755 Κ.
881 1732 948 1754 sec.

578 2064 761 2106 διελθεῖνς
787 2063 954 2098 editiones

292 2113 436 2155 excepta
461 2110 536 2144 Ald.
562 2115 598 2143 et
608 2111 728 2156 steph.
753 2111 844 2155 quod
868 2122 952 2155 pro-

291 2160 368 2201 pter
391 2157 499 2190 verba
530 2159 706 2202 sequentia
729 2156 836 2190 minus
859 2161 955 2190 recte

290 2203 407 2236 habet.
433 2203 567 2243 Quibus
591 2215 692 2247 quum
718 2203 850 2236 Glauco
874 2204 955 2236 bre-

292 2249 455 2290 vitatem,
491 2261 559 2293 qua
583 2249 744 2282 Socrates
769 2249 870 2294 plena
894 2259 954 2281 ex-

291 2293 461 2339 positione
493 2295 595 2328 missa
627 2306 708 2329 usus
741 2298 851 2336 esset,
893 2293 956 2327 sibi

292 2341 433 2384 probari
465 2340 697 2384 demonstret,
730 2341 832 2381 illud,
865 2340 956 2385 quod

292 2386 380 2420 idem
402 2386 500 2420 initio
524 2388 625 2420 talem
650 2399 726 2421 esse
746 2391 781 2420 et
802 2366 852 2420 it'a
876 2386 958 2419 oriri

294 2432 382 2465 hanc
407 2433 576 2466 civitatem
601 2434 759 2474 dixerat,
783 2433 878 2466 nulla
900 2443 957 2465 re-

253 2515 256 2521 l
295 2477 476 2522 sponsione
501 2491 602 2522 egere
626 2490 832 2523 sonumque,
857 2489 957 2531 quem

295 2523 403 2568 prima
427 2525 657 2569 iecipiebant‚
682 2523 959 2569 interrogationis

296 2581 362 2603 non
387 2569 429 2602 ad
455 2576 641 2605 extremum
663 2582 771 2617 usque
788 2571 959 2616 peitinere

295 2614 422 2660 arguit.

319 2682 438 2718 κατὰ
457 2670 618 2740 ταύτην]
637 2683 876 2730 κατα-ταύτην
887 2685 962 2719 Ald.

297 2727 386 2764 κατ’
420 2727 542 2775 αὐτὴν
585 2731 683 2766 Vind.
717 2733 758 2766 F.
804 2733 888 2776 Ang.
922 2732 963 2765 B.

297 2777 388 2810 Flor.
425 2777 465 2810 R.
888 2811 893 2813 ,

1004 1252 1160 1282 notatum
1193 1251 1366 1304 accepisse
1399 1262 1543 1296 eumque
1574 1251 1669 1286 codi-

1006 1306 1076 1327 cem
1101 1295 1137 1328 in
1159 1307 1211 1339 pr.
1225 1297 1381 1330 omisisse
1404 1297 1574 1333 videatur.
1600 1298 1668 1331 Ce—

1004 1343 1114 1373 terum
1149 1342 1378 1375 accusativum
1402 1344 1598 1400 Stephanus
1633 1344 1668 1378 in

1005 1397 1048 1421 m.
1082 1386 1149 1420 iam
1182 1388 1378 1432 requisivit.
1424 1387 1544 1424 αὐτόν
1585 1390 1668 1431 τοῦ,

1006 1432 1096 1477 quod
1142 1433 1360 1468 Heindorfius
1407 1436 1451 1469 ad
1497 1437 1668 1470 Phaedon.

1009 1489 1043 1522 p.
1070 1478 1125 1513 65.
1148 1479 1189 1512 A.
1210 1491 1271 1524 pro
1299 1477 1417 1514 αὐτοῦ
1443 1482 1548 1515 scribi
1570 1482 1669 1516 iube—

1010 1525 1096 1566 bat,
1138 1525 1273 1559 codices
1309 1538 1374 1560 non
1414 1527 1670 1562 confirmarunt.

1009 1570 1133 1615 Neque
1157 1583 1241 1616 opus
1267 1575 1321 1605 est
1341 1572 1499 1607 articulo.
1524 1574 1579 1607 Cf.
1597 1574 1670 1608 Eu-

1009 1617 1105 1660 thyd.
1131 1629 1164 1661 p.
1190 1618 1269 1651 285.
1297 1619 1350 1651 D.
1375 1619 1498 1653 καίτοι
1522 1631 1566 1663 με
1598 1619 1669 1653 σι’-ε

1008 1674 1071 1696 ται
1091 1661 1379 1718 Διονυσόδωρος
1408 1662 1536 1700 ουτοσὶ
1569 1667 1672 1709 χαλε-

1008 1708 1156 1742 παίνειν
1192 1706 1307 1756 αυτῷ.

1054 1789 1306 1833 φιλονεικίας]
1339 1791 1546 1834 φιλονικίας
1578 1791 1674 1827 Mon.

1008 1834 1049 1867 B.
1074 1834 1168 1869 Flor.
1193 1835 1238 1869 U.

1055 1904 1115 1947 τε]
1142 1915 1225 1937 sane
1250 1905 1322 1938 Fic.

1056 1971 1136 2015 δεῖ]
1173 1971 1250 2005 δεῖν
1283 1985 1357 2007 cum
1381 1973 1514 2019 punctis
1539 1973 1629 2008 circa
1648 1986 1670 2008 ν

1012 2016 1111 2051 Vind.
1137 2018 1180 2051 F.

1055 2092 1400 2152 νποαμουσότερον]
1418 2095 1560 2142 ὑπὸοῗμ.
1571 2099 1673 2134 Vind.

1010 2142 1052 2177 F.
1078 2139 1333 2187 ἀμουσότερον
1359 2145 1448 2178 Flor.
1461 2145 1505 2178 T.
1529 2146 1570 2179 In
1593 2146 1673 2180 Par.

1011 2189 1054 2223 K.
1085 2200 1149 2222 sec.
1175 2189 1283 2224 Bekk.
1309 2201 1348 2223 ευ
1380 2202 1482 2236 super
1509 2203 1556 2225 οα
1589 2191 1675 2225 scri-

1011 2239 1106 2280 ptum
1133 2241 1196 2269 est.

1060 2312 1292 2358 φιλόμουσον
1318 2314 1356 2349 δὲ
1382 2314 1465 2361 καὶ]
1486 2316 1674 2358 Bekkerus,

1013 2361 1131 2395 Astius
1155 2362 1190 2394 in
1214 2364 1294 2394 tert.
1319 2366 1355 2394 et
1380 2362 1623 2396 Stallbaumius
1642 2363 1677 2395 in

1013 2419 1066 2452 pr.
1091 2419 1219 2440 comma
1240 2411 1319 2452 post
1343 2405 1383 2441 δὲ
1409 2413 1573 2452 ponentes
1597 2419 1676 2442 sen-

1013 2465 1087 2487 sum
1121 2454 1276 2487 efficiunt
1316 2465 1413 2495 eum,
1451 2466 1550 2499 quem
1582 2454 1676 2487 Fici-

1014 2511 1077 2533 nus
1103 2499 1153 2532 sic
1177 2499 1343 2533 reddidit:
1377 2502 1528 2534 musicae
1560 2505 1678 2534 tamen

1015 2546 1196 2589 cupidumt
1252 2551 1286 2580 et
1331 2547 1497 2580 audiendi
1540 2545 1678 2590 quidem

1017 2592 1230 2632 studiosum,
1274 2593 1480 2626 rhetoricum
1515 2602 1595 2626 vero
1621 2604 1680 2626 ne-

1016 2650 1201 2683 quaquam.
1232 2638 1363 2672 Eodem
1386 2639 1482 2673 modo
1510 2637 1680 2672 Schleier-

1017 2685 1215 2718 machertus
1258 2690 1366 2719 etwas
1388 2686 1540 2730 weniger
1571 2685 1679 2727 geitbt

1020 2731 1056 2764 ἰη
1076 2731 1143 2764 den
1156 2731 1305 2764 Wcrken
1329 2732 1391 2765 der
1401 2732 1523 2766 Musen
1542 2728 1678 2773 (ὑποα-

1021 2773 1265 2821 μουσότερον)
1298 2776 1429 2811 wicwol
1450 2777 1505 2811 ein
1529 2776 1680 2811 Liebha-
