1764 3176
257 84 341 124 282

684 81 1158 127 PLATONIS

256 192 524 249 ὑποζώματα
552 194 643 236 τῶν
671 191 893 249 τριήρων,
925 194 1042 239 οὕτω
1073 198 1219 238 πᾶσαν
1249 196 1435 253 συνέχον
1462 196 1544 254 τήν
1573 212 1642 241 πε-

259 261 477 318 ριφοράν·

527 261 582 329 ἐκ
612 261 657 304 δὲ
690 265 779 304 τῶν
812 260 962 317 ἄκρων
996 263 1232 318 τεταμένον
1268 262 1477 321 Ἀνάγκης
1507 264 1641 319 ἄτρα-

258 346 387 382 κτον,
431 327 493 375 δι’
524 330 579 372 οὑ
614 328 756 381 πάσας
793 329 1135 387 ἐπιστρέφεσθαι
1170 331 1248 383 τοὶς
1276 332 1545 390 περιφοράς·

1588 329 1642 376 οὗ

257 397 339 454 τήν
375 397 456 453 μὲν
493 396 714 454 ἠλακάτην
755 414 798 441 τε
839 399 911 441 καὶ
952 399 1002 443 τό
1043 398 1281 455 ἄγκιστρον
1322 399 1434 447 εἶναι
1465 401 1506 453 ἐξ
1537 399 1644 445 ἀδά-

257 482 444 522 μαντος,
486 465 565 509 τὸν
605 465 650 510 δὲ
693 465 948 530 σφόνδυλον
988 470 1142 524 μικτὸν
1177 469 1222 513 ἔκ
1266 485 1312 513 τε
1356 469 1521 513 τούτου
1571 468 1646 512 καὶ

193 543 231 584 D
260 534 408 580 ἄλλων
436 539 589 591 γενῶν,

255 602 360 647 άνδε
373 615 381 624 ·

647 534 728 590 τὴν
763 535 808 578 δὲ
838 539 920 578 τοῦ
950 536 1210 590 σφονδύλου
1241 537 1378 594 φύσιν
1408 534 1523 581 εἶναι
1553 553 1644 580 τοι-

429 603 478 646 τὸ
509 603 589 658 μὲν
619 607 760 659 σχῆμα
802 604 957 658 οἵαπερ
998 603 1021 660 ἡ
1062 609 1144 648 τοῦ
1174 606 1356 650 ἐνθάδε·

1405 608 1566 661 νοῆσαι
1596 606 1644 647 δὲ

255 673 323 715 δεῖ
352 671 394 723 ἐξ
425 666 487 714 ὧν
518 671 655 726 «ξ’,λεγε
691 671 864 714 τοιόνδε
904 671 1040 715 αὐτὸν
1079 671 1215 726 εἶναι,
1257 675 1400 728 ὥσπερ
1443 671 1498 716 ἂν
1529 674 1566 715 εἰ
1597 673 1644 715 ἐν

255 739 319 783 ἑνὶ
349 737 521 799 μεγάλῳ
554 739 795 796 σφονδύλῳ
826 742 962 796 κοίλῳ
989 741 1064 784 καὶ
1096 742 1391 800 ἐξεγλυμμένῳ
1413 736 1645 797 διαμπερὲς

257 878 338 912 vat.
350 879 430 912 ΒΜ.
457 878 627 913 Par.DK.
655 878 800 912 Mon.B.
824 878 922 912 Flor.

255 925 301 959 U.
321 944 368 950 —
387 921 619 967 ὑποζώματα
644 925 720 958 Ald.

301 968 486 1015 τριήρων]
522 983 679 1015 τριηρων
711 970 797 1003 Lob.
823 983 925 1014 τριη-

259 1017 336 1059 ρῶν
360 1017 460 1051 Vind.
485 1018 560 1051 BE.
602 1018 685 1051 Ven.
710 1016 750 1050 B.
778 1017 857 1050 Par.
882 1018 923 1051 D.

259 1065 338 1100 Vat.
362 1063 407 1097 H.

306 1108 473 1153 συνέχον]
498 1106 650 1152 ξυνέχον
674 1110 758 1143 Ven.
778 1109 819 1142 Β.
844 1111 923 1143 Vat.

258 1156 304 1190 H.
331 1160 367 1190 et
391 1157 608 1190 recentiores.
647 1154 808 1199 συνέχων
837 1156 922 1188 Lob.

259 1202 358 1236 Vind.
380 1203 420 1235 F.
448 1200 649 1244 συνέχοντα
673 1203 766 1235 Mon.
783 1203 821 1235 B.
843 1202 922 1235 Par.

257 1248 335 1282 DK.
372 1248 464 1282 Flor.
500 1249 639 1282 ACUV.
678 1246 925 1291 συνεχομένην

255 1294 329 1373 Ιέῗί.
354 1295 398 1374 ᾼΓ
429 1293 671 1338 ξυνεχομένην
708 1294 810 1328 Vind.
847 1294 922 1327 BE.

301 1352 349 1374 or.
402 1367 409 1374 .

301 1385 387 1431 τὴν]
413 1399 477 1420 om.
504 1385 603 1419 Vind.
630 1386 702 1419 BE.
729 1385 801 1419 Pal.
828 1386 868 1419 A.

305 1431 366 1477 δὲ]
397 1446 462 1466 om.
489 1434 572 1467 Ven.
595 1433 635 1465 B.
662 1443 700 1465 τε
727 1432 824 1465 Vind.
847 1432 922 1466 ΒΕ.

258 1479 338 1514 Vat.
364 1480 407 1513 H.
435 1480 526 1514 Flor.
553 1479 597 1512 T.

302 1524 518 1569 τεταμένον]
544 1521 754 1567 τεταμένων
770 1524 866 1557 Flor.
879 1524 921 1557 V.

256 1583 484 1662 τεῖιῖάιξέιῗ]
503 1572 603 1651 {Lug
589 1571 750 1661 sngAng.
761 1617 802 1649 B.
824 1615 922 1649 Vind.

258 1665 299 1698 F.
331 1665 365 1698 in
399 1677 465 1709 quo
499 1664 636 1698 dubium
673 1671 725 1696 est.
753 1667 866 1696 utrum
907 1674 925 1701 ς

259 1712 303 1745 ab
334 1711 431 1744 initio
466 1711 644 1752 omissum,
676 1721 719 1742 an
751 1712 926 1742 vetustate

258 1758 465 1791 exstinctum
492 1757 546 1790 sit.
577 1777 621 1781 —
657 1755 810 1789 Plotinus
834 1755 923 1788 Enn.

258 1804 304 1837 II.
332 1799 924 1857 L.3.c..9..wp141F5v13v6¹s

260 1847 562 1902 ἀναμνησθέντες
580 1848 647 1882 τοῦ
670 1844 869 1890 ἀτράκτου,
880 1842 926 1881 ὃν

259 1898 340 1935 τοῖς
375 1894 441 1938 μὲν
479 1893 671 1938 πρόπαλαι
707 1893 747 1927 αἱ
780 1895 926 1948 ΖῑῙοῑραι

260 1940 535 1983 ἐπικλώθουσι,
593 1939 768 1974 Πλάτωνι
815 1937 854 1972 δὲ
904 1936 923 1973 ὁ

262 1984 448 2032 ἄτρακτός
482 1985 542 2021 ἐστ
545 2000 558 2020 ι
587 1985 632 2021 τό
664 1998 703 2020 τε
733 1983 925 2028 πλανεόμε-

261 2047 328 2069 νον
361 2033 424 2068 καὶ
459 2032 501 2068 τὸ
541 2030 702 2072 ἀπλανὲς
733 2032 801 2074 τῆς
825 2043 925 2086 περι-

260 2081 408 2184 ’Ξῖἓῗῖἦ
424 2093 495 2170 κῖἱῆ
499 2073 928 2181 3721'33‘095‘0‘2221232320'5.

260 2174 323 2208 καὶ
359 2171 398 2207 ἐν
422 2174 466 2219 τῇ
492 2171 648 2232 ywfi'ffifft5
656 2170 812 2205 ἑκάστου
851 2167 928 2203 ἐπι-

260 2218 469 2263 κλώθουσι,
497 2218 561 2253 καὶ
592 2216 648 2252 δι’
678 2215 803 2272 αυτῆς
837 2213 927 2250 εἶσιν

262 2267 315 2306 εἰς
333 2265 501 2311 γέννησιν
513 2278 559 2299 τοι
572 2262 793 2309 γεννώμενα.
844 2264 928 2296 Pro-

262 2313 334 2346 clus
367 2313 402 2346 in
439 2313 528 2346 Tim.
563 2324 596 2366 p.
630 2313 714 2352 121,
736 2313 780 2344 5·
805 2307 929 2352 πάσης

265 2358 334 2393 οὐν
367 2355 441 2392 ε’στὶ
471 2355 511 2402 (ἡ
543 2356 672 2401 Θέμις)
701 2357 782 2411 τῆς
791 2354 929 2412 τάξεως

264 2400 740 2507 ΞΒςῆἰῖἴέἔῗὲΣωαέἶς
755 2397 929 2504 {zm

265 2494 386 2554 αυτὴν
410 2488 722 2552 προσηγόρευσεν,
742 2508 792 2535 ως
813 2492 931 2528 δέδει-

263 2557 347 2580 κται
369 2541 408 2577 ἐν
431 2542 596 2585 ἐκείνοις,
621 2555 684 2577 και
706 2540 744 2576 ἐν
768 2544 847 2580 τοῖς
867 2537 930 2594 ‘yn'-

263 2601 372 2625 νασιν
401 2587 520 2645 αὐτῆς
547 2587 751 2623 άνακυκλοῖ
772 2586 841 2622 τὸν
867 2583 929 2620 κό-

265 2648 381 2681 σμον,
430 2632 615 2690 ἄτρεπτον
659 2634 723 2668 καὶ
775 2631 930 2668 ἀσάλευ-

265 2696 332 2718 τον
363 2681 432 2728 τὴν
458 2680 563 2724 τάξιν
589 2678 631 2715 cie
635 2680 646 2715 ὶ
672 2676 929 2735 διατηρούσης.

265 2743 299 2775 p.
321 2731 436 2772 284,9
457 2742 476 2763 a
500 2731 524 2762 f.
551 2725 616 2762 ἕνα
633 2725 699 2771 μὲν
719 2725 790 2781 γὰρ
811 2722 930 2760 αὐτὸν

268 2774 440 2821 ἐποίησεν
472 2771 591 2817 ἄξονα
636 2772 704 2818 τὴν
742 2770 859 2816 ἀρχὴν
892 2768 929 2805 ἐν

980 879 1157 935 Πολιτείᾳ
1181 876 1250 913 τὸν
1274 876 1471 934 άτρακτον,
1496 877 1558 912 καὶ
1576 876 1647 912 πό-

979 927 1065 964 λους
1080 924 1170 965 τοὺς
1193 925 1269 959 τῶν
1294 922 1390 959 ὀκτώ
1412 925 1581 979 σφαιρῶν
1599 921 1647 957 τά

979 967 1180 1026 ἄγκιστρα,
1205 970 1267 1005 καὶ
1300 969 1396 1005 εἶναι
1418 970 1481 1005 καὶ
1501 969 1646 1005 τούτων

981 1015 1032 1074 ὥς
1070 1018 1142 1071 τῆς
1179 1015 1371 1057 άπλανοῦς
1405 1017 1491 1062 περὶ
1525 1016 1648 1050 ταῦτα

981 1065 1071 1118 μίαν
1107 1068 1207 1098 εἰπεν
1239 1064 1384 1120 κίνησιν
1416 1063 1479 1098 καὶ
1512 1060 1646 1119 ἁπλῆν.

980 1107 1124 1153 προιων
1148 1107 1187 1144 δὲ
1206 1109 1269 1144 καὶ
1292 1107 1367 1143 ἐκεῖ
1388 1110 1540 1158 Μοίρας
1565 1106 1647 1152 ἐφε*

983 1154 1116 1190 στάναι
1149 1159 1229 1196 τοῖς
1262 1154 1410 1196 κύκλοις
1443 1159 1546 1192 εἶπεν
1585 1154 1648 1188 καὶ

984 1198 1098 1246 ἄλλην
1123 1198 1240 1242 ἄλλως
1263 1205 1389 1246 κινεῖν,
1418 1200 1588 1237 ἐνταῦθα
1607 1198 1647 1235 δε

982 1255 1049 1282 etc.
1075 1261 1164 1294 quae
1188 1250 1230 1283 ad
1256 1249 1364 1282 locum
1389 1249 1520 1283 Timaei
1544 1260 1578 1293 p.
1588 1248 1645 1283 40.

982 1295 1023 1328 C.
1049 1295 1233 1350 pertinent.

1027 1338 1249 1397 περιφοράς]
1270 1352 1314 1373 πε
1319 1340 1479 1384 ριφορᾶς
1491 1340 1592 1374 Vind.
1602 1339 1648 1373 F.

1027 1384 1243 1431 ἠλακάτην]
1270 1383 1460 1430 ἠλακάτην
1486 1386 1579 1420 Mon.
1605 1386 1646 1418 B.

981 1434 1035 1468 De
1058 1433 1131 1466 eius
1164 1433 1275 1476 figura
1305 1444 1422 1477 parum
1447 1432 1575 1465 diserte
1599 1431 1652 1464 di-

981 1480 1034 1513 xit.
1050 1480 1275 1514 Buttmannus
1298 1479 1333 1512 in
1350 1478 1551 1523 Mythologo
1570 1477 1646 1513 Vol.

1031 1538 1074 1613 ἐξ
1079 1568 1309 1626 ἀδάμαντος]
1330 1567 1430 1611 εξάδ.
1449 1569 1535 1602 Lob.
1549 1564 1650 1609 ἐξαδ.

983 1619 1084 1651 Vind.
1111 1619 1154 1651 F.
1182 1615 1219 1659 ἐξ
1241 1614 1481 1660 άδάνμαντος
1507 1615 1589 1652 Ven.
1606 1615 1647 1647 B.

982 1685 1027 1690 ——
1054 1664 1195 1698 P10clus
1217 1664 1251 1696 in
1267 1663 1358 1697 Tim.
1384 1674 1418 1707 p.
1431 1663 1563 1702 2821:
1588 1657 1649 1694 διὸ

984 1708 1030 1754 δή
1051 1709 1113 1744 καὶ
1141 1707 1179 1743 ἓν
1201 1708 1378 1743 Πολιτεία
1405 1705 1452 1742 τά
1474 1703 1652 1762 άγκιστρα

982 1758 1051 1800 τῆς
1083 1753 1270 1812 οἷλακάτης
1306 1744 1578 1809 (1.ήλακάτης)
1613 1749 1651 1793 ἐξ

984 1801 1203 1856 ἀδάμαντος
1247 1799 1384 1843 ἐποίει,
1419 1798 1463 1834 τὸ
1508 1795 1652 1838 οἷκλινες

984 1847 1124 1891 αὐτῶν,
1152 1860 1203 1886 ως
1223 1848 1379 1891 εἰρηται,
1397 1859 1460 1880 και
1481 1841 1651 1887 άδάμοιν-

983 1908 1050 1929 τον
1079 1896 1122 1938 (f.
1151 1892 1387 1949 άδάμαστον)
1421 1888 1650 1933 ἐνδεικνύμε-

983 1954 1060 1982 νος,
1086 1939 1155 1975 τὸν
1177 1938 1215 1973 δε
1235 1936 1352 1981 ἄξονα
1372 1938 1462 1982 μίαν
1482 1935 1652 1991 θεότητα

984 1998 1203 2041 συναγαγων
1242 1987 1282 2030 (f.
1317 1983 1552 2037 συναγωγὸν)
1585 1994 1652 2025 μεν

983 2034 1061 2067 τιόν
1089 2031 1251 2075 κέντρων
1273 2032 1340 2065 τοῦ
1361 2028 1524 2071 παντὸς,
1550 2039 1652 2062 συνε-

984 2077 1109 2122 κτικήν
1142 2076 1180 2112 δε
1202 2077 1270 2112 τοῦ
1302 2074 1392 2111 ὅλου
1417 2074 1575 2118 κόσμου,
1598 2087 1651 2108 κι-

985 2123 1137 2169 νητικὴν
1173 2122 1211 2158 δε
1244 2124 1320 2157 τῶν
1350 2122 1469 2157 θείων
1497 2132 1652 2164 περιφο-

983 2172 1074 2214 ρῶν,
1095 2169 1179 2225 περὶ
1200 2165 1246 2213 ἣν
1263 2183 1285 2213 η
1305 2169 1444 2224 χορεία
1449 2180 1527 2202 των
1540 2165 1651 2222 ολων,

985 2217 1070 2262 περὶ
1101 2213 1149 2261 ἣν
1184 2217 1225 2251 αι
1257 2213 1540 2270 ἄνακνκλήσεις,
1566 2210 1652 2247 ανέ-

984 2275 1124 2319 χουσαν
1159 2259 1226 2297 τὸν
1260 2259 1350 2296 ὅλον
1382 2257 1570 2304 ου’ρανον,
1603 2254 1653 2302 ἣν

986 2312 1048 2344 καὶ
1071 2306 1250 2343 ’Ἄτλαντα
1276 2306 1338 2342 διὰ
1369 2307 1482 2341 τοῦτο
1507 2316 1652 2361 προσει-

986 2367 1138 2412 ρηκασι,
1174 2352 1224 2394 οὸς
1252 2351 1436 2398 ἄτρεπτον
1461 2351 1524 2387 καὶ
1543 2347 1652 2394 α’τρυ-

985 2415 1051 2438 τον
1077 2400 1261 2445 ενέργειαν
1290 2400 1455 2444 έχουσαν.

1032 2447 1258 2492 σφόνδυλον]
1285 2445 1496 2482 σπόνδυλον
1515 2445 1594 2481 Vat.
1602 2444 1651 2477 Μ.

1033 2493 1204 2528 τοιάνδε·
1216 2494 1228 2537 ]

987 2541 1094 2574 tiones
1128 2541 1159 2573 h.
1195 2539 1216 2573 l.
1252 2550 1382 2573 comma
1413 2539 1588 2577 fecerunt,
1613 2539 1653 2569 ut

988 2587 1122 2629 οιάπερ
1164 2586 1207 2620 ad
1247 2583 1398 2621 τοιάνδε,
1440 2583 1654 2621 referendum

987 2634 1166 2675 videatur3
1192 2631 1244 2665 cui
1269 2631 1394 2666 rationi
1413 2641 1480 2673 μεν
1502 2629 1590 2662 inter
1607 2626 1650 2661 τὸ

988 2685 1023 2714 et
1047 2680 1166 2723 σχῆμα
1189 2678 1424 2727 interpositum
1449 2678 1630 2719 repugnat.

1034 2725 1180 2769 οιάπερ]
1201 2727 1332 2767 οἱαπερ
1354 2724 1439 2757 Lob.
1461 2721 1561 2758 Vind.
1574 2720 1650 2754 EF.

988 2772 1067 2807 vat.
1094 2771 1133 2806 B.

1254 2494 1449 2538 Stephanus
1473 2494 1509 2524 et
1532 2501 1651 2523 recen·
1681 2498 1718 2538 D
