1764 3176
437 217 469 259 (3
488 216 507 258 Ι
527 217 568 258 V
587 216 606 258 Ι
627 216 663 257 Τ
683 215 727 256 Α
748 215 777 257 S
814 215 935 257 LIB.
958 215 1186 258 V11112585

1417 216 1501 257 165

124 327 295 373 κόντων
325 325 410 383 ἡδύ
446 328 557 380 ἐστι,
599 327 647 370 τὸ
678 329 740 382 τῷ
781 324 877 369 ὄντι
905 327 978 370 καὶ
1015 330 1105 370 τῶν
1136 326 1277 370 ὄντων
1306 323 1500 381 πληρού-

125 411 258 453 μενον
297 398 465 450 μᾶλλον
503 399 672 451 μᾶλλον
709 392 846 445 ὄντως
884 410 928 437 τε
966 395 1037 438 καὶ
1079 393 1376 449 ἀληθεστέρως
1412 393 1499 448 χαί·
1528 393 1563 434 Ε

124 479 217 519 ρειν
247 461 304 506 οἶν
341 468 466 506 ποιοῖ
501 462 645 545 ἡδονῇ
681 460 859 518 ἀληθεῖ,
904 461 954 505 τὸ
995 462 1040 506 δὲ
1082 466 1168 504 τῶν
1197 458 1328 517 ἧττον
1363 458 1503 503 ὄντων

122 530 458 595 μεταλαμβάνον
495 526 629 588 ἧττόν
668 548 713 574 τε
753 531 810 574 ἂν
849 530 1027 586 α’ληθῶς
1064 530 1138 573 καὶ
1178 531 1364 585 βεβαίως
1395 532 1502 584 πλη-

124 603 246 654 ροῖτο
285 599 359 643 καὶ
398 598 686 653 ἀπιστοτέρας
727 597 782 642 ἂν
819 597 982 683 ἡδονῆς
1022 599 1096 642 καὶ
1140 593 1270 652 ἧττον
1306 595 1503 651 α’ληθοῦς

121 671 310 725 μεταλαμ
318 666 461 723 βανοι.

529 666 890 722 Ἀναγκαιότατα,
932 667 1028 723 ἓᾛφη

1100 667 1154 709 Οἱ
1200 664 1288 718 ἄρα
1326 680 1502 719 φρονη-

54 788 57 793 r
123 747 231 787 σεως
261 736 335 779 καὶ
365 734 517 791 ἀρετῆς
548 733 735 788 ἄπειροι,
755 733 954 792 εὐωχίαις
984 735 1030 778 δὲ
1060 735 1133 778 καὶ
1161 738 1252 784 τοῖς
1282 730 1501 782 τοιούτοις
1523 738 1592 772 586

123 801 190 848 ἀεὶ
220 802 422 856 ξυνόντες
451 803 595 855 κάτω,
627 802 685 854 ὥς
716 801 851 854 ἔοικε,
887 804 963 848 καὶ
991 803 1116 858 μέχρι
1155 801 1287 845 πάλιν
1315 800 1424 854 πρὸς
1453 799 1502 843 τό

122 871 281 928 μεταξύ
324 869 536 927 φέρονταί
575 887 619 914 τε
659 871 731 913 καὶ
783 872 921 929 ταύτῃ
966 874 1220 915 πλανῶνται
1273 869 1344 912 διὰ
1385 869 1502 924 βίου,

121 939 388 995 ὑπερβάντες
429 939 475 982 δὲ
511 942 641 982 τοῦτο
684 939 796 994 πρός
835 940 884 983 τό
923 938 1097 995 ἀληθῶς
1139 938 1232 982 ἄνω
1266 935 1367 980 οὔτε
1406 935 1502 979 ἀνέ-

122 1010 288 1063 βλεψαν
314 1005 489 1050 πώποτε
520 1005 620 1049 οὔτε
648 1004 896 1063 ἠνέχθησαν
922 1005 1026 1050 οὐδὲ
1057 1011 1136 1050 τοῦ
1167 1006 1293 1057 ὄντος
1322 1009 1384 1064 τῷ
1410 1004 1504 1047 ὄντι

73 1076 76 1077 ’
122 1075 446 1133 ἐπλήρῶθησαν
497 1070 600 1119 οὐδὲ
647 1076 830 1131 βεβαίου
879 1091 924 1118 τε
964 1075 1038 1118 καὶ
1090 1078 1291 1128 καθαροῖς
1340 1071 1505 1129 ἡδονῆς

121 1144 378 1201 ἐγεύσαντο,
422 1141 529 1187 ἄλλα
558 1142 847 1199 βοσκημάτων
878 1145 1003 1199 δίκην
1033 1143 1150 1186 κάτω
1179 1140 1244 1185 ἀεὶ
1272 1141 1504 1198 βλέποντες

120 1215 194 1258 καὶ
224 1213 462 1270 κεκυφότες
489 1212 551 1262 εἰς
580 1214 662 1266 γῆν
701 1211 774 1254 καὶ
813 1213 873 1262 εἰς
902 1212 1111 1265 τραπέζας
1141 1208 1380 1266 βόσκονται
1408 1224 1503 1267 χορ·

119 1281 346 1337 ταζόμενοι
379 1280 453 1324 καὶ
483 1276 711 1335 ὀχεύοντες
740 1279 814 1323 καὶ
843 1278 970 1323 ἕνεκα
1007 1282 1082 1336 τῆς
1121 1277 1292 1322 τούτων
1320 1281 1501 1321 πλεονε-
1525 1281 1561 1322 Β

165 1430 229 1464 καὶ
257 1427 352 1464 αὐτὸ
382 1429 522 1473 μᾶλλον
554 1424 623 1473 ὂν]
649 1430 780 1474 quodve

118 1478 234 1532 magis
252 1477 431 1520 veriusque
451 1477 583 1510 exsistit
601 1476 673 1510 Fic.
712 1477 781 1510 Pro

119 1520 214 1558 αὕτὸ
241 1523 341 1556 Vind.
360 1522 431 1556 ΒΕ.
457 1524 543 1557 Ven.
562 1522 601 1555 B.
630 1523 710 1556 Vat.
734 1523 779 1557 Η.

119 1569 167 1604 αὐ
190 1566 232 1603 τὸ
259 1568 430 1610 exhibent,
448 1573 486 1600 ut
510 1573 546 1601 et
569 1568 682 1622 ρευῌο
704 1572 782 1613 post

118 1616 153 1649 in
175 1614 292 1648 verbis
310 1612 372 1647 καὶ
394 1610 488 1648 αὐτὸ
508 1613 622 1657 ἡττον
643 1610 700 1656 ὅν,
724 1614 781 1648 ubi

118 1661 257 1695 Ficinus
281 1661 456 1705 ipsumque
480 1659 604 1704 posuit.

165 1727 359 1810 ιξῖυσειὲῧτῇ
382 1729 540 1817 130.an1112L
561 1728 608 1807 ἓΊ.
634 1732 669 1762 et
693 1740 712 1762 a
737 1740 779 1762 m.

118 1789 146 1811 S
164 1788 335 1868 τᾳξῃόντι]
347 1786 498 1854 τὲοαῖόντι
522 1786 619 1853 Vend.
644 1820 686 1854 E.

117 1938 147 1970 B
164 1891 248 1970 ⁶1:23ss
261 1886 392 1968 3313750221]
410 1901 450 1968 ξ.
467 1884 680 1968 ιὸιιῒῖἳλλῐρνλζ).ε
692 1890 779 1923 Ven.

117 1946 451 2027 τίονίὺιιεῳιὲενεῗαε
471 1946 553 2014 Figp
581 1960 588 1967 9
649 1947 663 1968 S
684 1961 691 1968 ·
718 1946 778 1968 ve

163 2051 302 2095 μᾶλλον
326 2050 477 2093 μᾶλλον]
502 2049 662 2092 μᾶλλονε
685 2050 777 2092 μᾶλ-

118 2100 203 2132 λοντ
237 2096 338 2131 Vind.
365 2096 407 2130 Ε.
443 2095 583 2139 μᾶλλον
618 2096 701 2130 Ven.
736 2097 775 2129 B.

117 2143 219 2177 Vind.
233 2143 273 2176 B.
297 2143 376 2176 Par.
395 2142 438 2175 Κ.
465 2154 533 2176 sec.
557 2142 665 2177 Bekk.
690 2143 776 2185 Aug.

117 2191 160 2224 B.
186 2189 266 2222 Vat.
292 2188 337 2223 H.
360 2187 438 2221 Ald.
462 2189 543 2222 Bas.
576 2188 630 2223 ab.
655 2188 777 2233 steph.

118 2236 192 2269 Ast.
217 2233 330 2278 (Fic.)
368 2233 539 2267 Omissum
561 2233 734 2276 μᾶλλον
725 2245 777 2266 ln-

118 2285 173 2314 ter
196 2279 271 2314 τῶν
296 2283 331 2313 et
362 2275 482 2314 ὄντων
515 2290 581 2313 non
617 2279 670 2312 hic
693 2291 779 2333 quo-

117 2339 184 2372 que
213 2327 334 2360 abesse
364 2336 465 2370 posse
489 2324 614 2368 liquet.
651 2326 779 2359 rectius

117 2376 231 2406 autem
263 2371 317 2404 hic
345 2371 469 2412 habet,
501 2370 560 2404 ubi
583 2382 648 2404 non
674 2371 780 2404 solum

118 2419 162 2452 ad
187 2417 261 2452 τῶν
287 2412 426 2459 ὄντων,
448 2417 508 2450 sed
532 2417 634 2451 etiam
659 2417 701 2450 ad
725 2417 778 2464 τῷ

119 2460 202 2499 ὄντι
222 2463 346 2498 referri
366 2467 492 2508 potest.

160 2530 294 2578 ἡδονῇ]
319 2528 440 2576 ἡδονὴ
468 2531 566 2568 Vind.
593 2532 636 2566 E.

161 2601 237 2635 τῶν
268 2593 384 2645 ἧττον
428 2596 570 2645 ὄντων]
614 2613 703 2646 quae
742 2607 776 2636 et

116 2648 230 2681 minus
265 2651 344 2680 sunt
383 2651 416 2680 et
447 2648 558 2680 minus
589 2659 673 2681 vera
696 2653 776 2681 sunt

115 2693 189 2726 Fic.
226 2688 346 2727 ὄντων
378 2704 442 2726 (rm.
475 2693 626 2727 Bekkeri
661 2693 777 2735 editio,

117 2751 218 2784 quam
251 2739 283 2771 in
315 2739 499 2782 hac‘parte
532 2740 776 2773 mendosiorem

116 2785 228 2818 editor
267 2796 333 2818 non
375 2796 619 2830 usquequaque
656 2796 776 2830 repur-

116 2831 220 2888 gavit.

164 2873 224 2921 αν]
252 2889 296 2911 ον
319 2870 432 2920 ἦττον
456 2877 550 2911 Mon
561 2877 599 2910 Β.
624 2876 720 2910 Flor.
733 2877 776 2910 U.

837 1477 866 1510 B
885 1429 1067 1510 sssfiboct'oeg]
1104 1427 1151 1464 ου’
1176 1429 1210 1475 β.
1234 1429 1319 1463 Lob.
1346 1427 1425 1461 vat.
1452 1427 1501 1461 M.

870 1488 918 1512 as.
969 1502 977 1510 .

885 1519 1131 1566 ἀπιστοτέρας
1142 1523 1154 1565 ]

838 1569 916 1604 Vat.
941 1569 981 1602 B.
1006 1569 1091 1602 Ven.
1118 1569 1158 1601 C.

871 1635 1185 1691 μεταλαμβάνοι]
1228 1632 1502 1680 μεταλαμβάνει

837 1684 940 1763 Ὴὸὶέ
957 1684 1033 1773 ὀιῗρα
1053 1748 1099 1753 -
1126 1725 1172 1762 δι’
1194 1725 1399 1772 ἀπληστίαν
1420 1727 1499 1762 586.

836 1775 934 1855 {ih
949 1775 1068 1856 Ιῗυᾱειῒ,
1106 1774 1280 1819 Longinus
1322 1774 1366 1808 de
1411 1773 1499 1808 subl.

882 1888 945 1923 καὶ
975 1887 1079 1933 μέχρι
1104 1886 1217 1922 πάλιν
1246 1886 1343 1933 πρὸς
1365 1885 1408 1922 τὸ
1436 1898 1496 1931 με·
1521 1897 1590 1931 586

835 1932 926 1977 ταξυ
974 1934 1155 1979 φέρονταί
1206 1936 1265 1979 τε]
1318 1932 1500 1979 φέρονται

837 1982 983 2083 Logffiv]
1009 2026 1092 2083 βίον
1116 2026 1192 2061 Ald.
1215 2027 1297 2060 Bas.
1322 2027 1376 2060 ab.

881 2070 1112 2130 νπερβοὲντες
1150 2070 1190 2106 δε
1229 2072 1345 2106 τοῦτο
1386 2069 1497 2117 πρὸς]

835 2131 931 2164 προς
956 2120 995 2153 δε
1019 2119 1128 2163 Long.

882 2185 1048 2232 ἀληθῶς]
1071 2184 1210 2231 ἄληθες
1221 2187 1315 2220 Mon.
1336 2187 1376 2220 B.
1402 2187 1497 2231 (Par.

835 2235 880 2268 K.
900 2237 948 2278 et,
973 2239 1011 2268 ut
1035 2234 1183 2274 videtur,
1210 2234 1253 2267 D.
1279 2233 1321 2266 de
1345 2244 1412 2278 quo
1434 2245 1497 2277 pa-

835 2280 920 2314 riter
953 2285 1056 2325 atque
1088 2280 1131 2313 de
1155 2280 1236 2312 Par.
1263 2279 1308 2312 Κ.
1342 2282 1377 2312 et
1400 2279 1495 2312 Mon.

834 2327 876 2361 B.
900 2327 1078 2360 Bekkerus
1101 2325 1223 2369 tacet.)
1240 2325 1349 2369 Long.
1374 2330 1409 2359 et
1424 2325 1498 2359 edi-

835 2373 861 2406 ti
885 2377 968 2406 ante
989 2372 1194 2405 Bekkerum.

882 2436 969 2474 οὔτε
996 2459 1042 2465 ——-
1069 2435 1179 2483 οὔτε]
1215 2434 1303 2473 οὔτ’
1332 2459 1378 2464 --
1408 2434 1498 2473 οὔτ’

834 2486 944 2531 Long.

879 2499 1114 2587 ηνέχθησαν]
1145 2527 1381 2575 η’νὲγχθησαν
1409 2530 1496 2565 Lob.

834 2576 1097 2622 οἷνηνέχθησαν
1121 2577 1230 2621 Long.

1245 1516 1502 1563 οἷπυστοτέρας

879 2644 967 2681 οὐδὲ
991 2646 1062 2680 τοῦ
1081 2641 1190 2685 ὄντος
1213 2645 1266 2692 τῷ
1286 2641 1368 2680 ὄντι
1388 2643 1495 2689 ἔπλη-

833 2690 1034 2737 ρώθησαν]
1071 2704 1181 2736 neque
1223 2704 1309 2726 vera
1345 2693 1418 2726 ulla
1457 2703 1494 2725 re

833 2738 1298 2793 quandoquefruunturFic.
1313 2750 1377 2772 om.
1386 2737 1494 2781 Long.

833 2783 986 2828 (τωόντι
1010 2785 1111 2819 Vind.
1133 2784 1194 2827 Ε.)

878 2830 942 2865 καὶ
967 2829 1019 2870 εἰς
1042 2828 1240 2875 τραπέζας]
1265 2841 1329 2864 om.
1346 2828 1416 2863 Fic.
1443 2828 1498 2868 εἰς

833 2888 899 2912 οπι.
924 2877 1007 2910 Ven.
1034 2877 1074 2910 B.
