1764 3176
180 757 248 790 600

272 101 357 140 208

717 97 1181 144 PLATONIS

272 207 587 263 ἐπιτηδεύματα
603 207 798 263 βελτίους
814 207 1026 264 ἢχείρους
1047 206 1316 264 ἀνθρώπους
1333 213 1453 252 ποιεῖ
1469 209 1558 266 ἰδίᾳ
1575 209 1649 252 καὶ

273 275 472 330 δημοσίᾳ,
493 274 586 331 λέγε
603 272 723 330 ἡμῖν,
742 276 807 326 τίς
824 280 911 319 τῶν
928 276 1098 319 πόλεων
1119 276 1192 320 διὰ
1214 278 1260 321 σὲ
1277 277 1447 332 βέλτιον
1466 275 1648 335 ᾤκησεν,

276 341 422 395 ὥσπερ
455 343 527 385 διὰ
557 346 820 398 Λυκοῦργον
849 345 1140 400 Λακεδαίμων
1171 345 1244 387 καὶ
1274 343 1334 388 δι’
1367 343 1526 395 ἄλλους
1549 337 1669 387 πολ--

186 410 242 464 ἱΕ
275 409 381 460 λούς
410 410 569 453 πολλαὶ
600 411 781 466 μεγάλαι
809 427 853 454 τε
883 413 956 454 καὶ
987 413 1164 467 σμικραί
1173 430 1187 463 ,·
1219 413 1265 456 σὲ
1294 400 1341 455 δὲ
1369 412 1434 462 τίς
1463 413 1651 455 αἰτιᾶται

268 477 395 529 πόλις
426 478 673 534 νομοθέτην
701 477 875 534 ἀγαθὸν
903 480 1129 534 γεγονέναι
1170 479 1244 523 καὶ
1276 483 1398 534 σφᾶς.
1429 477 1650 536 ,ὠφεληκέ-

270 562 367 595 ναι;
400 544 643 600 Χαρώνδαν
674 546 752 602 μὲν
781 546 865 601 γάρ
894 545 1049 589 Ἰταλία
1079 547 1150 589 καὶ
1181 548 1388 598 Σικελία,
1420 548 1496 590 καὶ
1526 546 1651 604 ἡμεῖς

271 612 480 656 Σόλωνα·
519 613 564 657 σὲ
602 614 647 656 δὲ
684 615 746 664 τίς
759 631 770 662 3
792 614 886 665 Ἰἕξει
924 614 1022 657 nvo}
1054 616 1209 665 εἰπεῖν,·
1255 613 1347 658 Οὐκ
1387 612 1509 669 οἶμαι
1522 647 1534 667 ,
1566 615 1649 670 ἔφη

270 680 293 732 ὁ,
326 682 561 724 Γλαύκων·
598 680 765 724 οὔκουν
796 681 963 737 λέγεταί
985 698 1032 737 γε
1062 681 1162 725 οὐδ’
1193 680 1271 725 ὑπ’
1304 681 1453 725 αὐτῶν
1478 681 1652 738 Ὁμηρι-

274 750 375 793 δῶν.

318 918 612 966 ἐπιτηδεύματα]
666 901 933 967 ἐπιτιδεύμοιτοι

272 966 365 1000 Mon.
388 968 428 1002 B.

317 1008 340 1055 ἢ
364 1013 529 1066 χείρους]
568 1026 632 1048 om.
670 1015 745 1049 Vat.
770 1016 820 1050 M.
853 1020 932 1061 post

272 1055 502 1101 ἀνθρώπους
523 1060 630 1093 Arist.

317 1105 441 1159 ποιεῖ]
467 1110 548 1138 ante
579 1103 808 1150 οένθρεόπους
830 1107 932 1143 Vind.

271 1150 315 1183 E.
339 1153 460 1184 ποιεῖν
484 1151 560 1185 Ald.
591 1153 672 1186 Bas.
699 1154 754 1187 ab.

318 1193 380 1228 διὰ·
406 1194 457 1240 σε]
487 1194 550 1230 διά
575 1208 612 1231 σε
637 1199 758 1243 Steph.
783 1200 855 1233 Ast.
878 1211 930 1244 pr.

319 1237 472 1287 ᾤκησεν]
499 1239 628 1277 ὠκισεν
653 1245 753 1279 Vind.
778 1245 822 1278 F.
846 1246 931 1289 Aug.

271 1288 328 1366 Bb
337 1288 433 1323 Flor.
466 1289 508 1322 R.
543 1285 704 1335 ᾠκησενς
741 1291 816 1324 Α1(1.
850 1291 932 1325 Bas.

272 1344 292 1366 a

318 1379 559 1434 Λυκουργον]
606 1379 816 1426 λυκούργων
858 1382 934 1417 Ald.

275 1423 468 1469 Λυκέργον
492 1427 570 1459 Bas.
597 1439 628 1460 3.

321 1470 473 1515 πολλαι]
501 1470 627 1511 πόλεις
648 1473 726 1506 Par.
752 1473 796 1507 K.

324 1519 506 1561 σμικραίς]
533 1519 660 1562 μικραί
683 1520 776 1553 Mon.
797 1519 837 1553 C.
861 1529 936 1562 σμι-

275 1563 371 1607 κραί.
398 1564 472 1596 ΑΙ(1.
497 1565 577 1598 Bas.
596 1566 651 1598 ab.

321 1609 397 1653 τίς]
418 1609 473 1651 τὶς
498 1610 653 1644 Vind.E.
679 1611 754 1644 Ald.
777 1612 857 1644 Bas.
879 1612 934 1645 ab.

324 1655 520 1700 αἰτιᾶται]
575 1654 782 1690 αἰτιάσεται
829 1657 933 1692 Arist.

276 1701 468 1735 cod.B0d1.
489 1703 611 1736 αἴτιον
633 1700 931 1747 ἐπιγράφειΜοιι.

275 1747 315 1780 Β.
349 1758 412 1790 plo
445 1760 511 1792 quo
544 1749 722 1782 Bekkerus
756 1761 934 1794 peiperam

275 1793 483 1836 Stephanum
506 1794 722 1838 significavit.
769 1796 857 1828 Eum
879 1807 935 1828 el—

275 1850 386 1871 rorem
410 1840 680 1873 Stallbaumius
672 1853 707 1874 111
732 1853 798 1874 sec.
823 1841 931 1874 fiden-

274 1888 328 1918 ter
350 1888 484 1918 secutus
516 1886 692 1919 lectionem
723 1887 831 1930 ipsam
862 1898 932 1920 ma-

274 1930 434 1964 nifestum
475 1931 641 1975 glossema
683 1932 776 1967 dicit.
813 1932 932 1966 'Mihi

275 1976 414 2020 vulgata
443 1977 640 2020 glossam-ati
681 1978 841 2020 similior,
875 1978 931 2011 illa

275 2023 318 2056 ab
339 2022 468 2056 homine
489 2023 680 2067 elegantiae
701 2024 817 2068 magis,
831 2035 931 2068 quam

276 2068 430 2101 veritatIs
467 2070 618 2103 studioso
651 2071 807 2114 profecta
841 2070 935 2103 vide—

277 2117 344 2148 tur.

323 2157 443 2204 πόλις]
469 2158 596 2195 πόλεσι
614 2161 716 2195 Arist.
742 2161 817 2194 cod.
842 2162 935 2196 Mon.

323 2204 550 2262 νομοθέτην]
574 2205 784 2251 νομοθέτης
805 2207 904 2241 idem.

325 2249 494 2306 ἀγαθὸν]
537 2266 602 2289 om.
627 2254 731 2287 Arist.
764 2259 843 2287 ante
874 2265 937 2286 νο-

277 2296 444 2341 μοθέτην
471 2300 596 2334 Euseb.

325 2344 437 2401 σφᾶς]
464 2343 561 2388 σφὰς
584 2345 904 2400 Vind.F.11]useb.

326 2391 693 2435 Χαρωνδαν]χαίρων
713 2388 754 2424 δ’
776 2387 823 2424 ὃὶν
833 2391 934 2426 Vind.

277 2435 318 2470 F.
353 2440 430 2469 ante
469 2449 556 2472 corr.
598 2437 805 2481 χαιρωνδοιν
848 2448 936 2470 corr.

278 2482 488 2525 Χαρώνδαν
532 2484 681 2517 Bekkeii
744 2484 936 2528 typotheta,

275 2528 393 2561 Astius
431 2529 465 2562 in
484 2533 579 2568 ,tem
623 2533 659 2563 et
693 2529 934 2564 Stalibaumius

276 2573 311 2607 in
337 2585 388 2628 pr.

324 2616 419 2663 γαρ]
455 2632 519 2654 om.
557 2620 656 2654 Vind.
688 2621 733 2656 F.
772 2621 859 2665 Ang.
894 2622 934 2654 B.

276 2665 372 2699 Flor.
401 2666 441 2700 R.
465 2666 570 2701 Arist.
596 2667 668 2701 cod.
694 2667 790 2701 Bodl.

324 2722 361 2745 σε
389 2709 427 2745 δὲ
456 2712 532 2752 τίς,·
559 2710 629 2754 ἕξει
659 2711 752 2747 τινὰν
779 2712 894 2746 εἰπεῖν
909 2714 934 2757 ς]

278 2757 333 2792 Ita
357 2758 545 2792 Bekke'rus.
605 2759 643 2793 In
669 2759 839 2805 prioribus
863 2759 937 2793 edi-

434 748 555 793 ’Λλλοὶ
597 747 651 805 δή
691 765 755 800 τις
793 749 982 806 πόλεμος
1022 750 1091 794 ἐπὶ
1125 747 1319 805 Ὀμήρου
1361 748 1446 793 ὑπ’
1475 749 1648 794 ἐκείνου

989 923 1137 957 tionibus
1169 926 1208 956 ut
1241 923 1274 956 in
1298 921 1472 956 codicibus
1504 919 1589 954 meis
1613 923 1649 954 et

990 970 1081 1014 apud
1103 968 1288 1002 Aristidem
1313 974 1349 1001 et
1370 966 1554 1002 Eusebium
1573 966 1649 999 nul-

989 1015 1022 1048 la
1044 1016 1133 1048 inter
1156 1014 1212 1053 τίς
1244 1019 1281 1048 et
1305 1012 1376 1056 ἕξει
1409 1012 1650 1057 interpunctio,

989 1060 1024 1093 in
1049 1061 1149 1094 Vind.
1174 1060 1217 1094 Ε.
1241 1072 1308 1114 τις,
1333 1061 1366 1093 in
1389 1059 1464 1093 Ald.
1489 1060 1569 1092 Bas.
1595 1059 1650 1091 ab.

989 1105 1045 1145 τὶς
1080 1118 1141 1150 pro
1176 1106 1252 1148 τίς,
1284 1107 1318 1139 in
1343 1105 1442 1141 Vind.
1462 1105 1537 1138 ΒΕ.
1562 1104 1650 1148 Aug.

989 1153 1028 1187 B.
1062 1154 1141 1187 V.at
1173 1152 1218 1185 H.
1247 1152 1332 1185 τίνα
1367 1163 1429 1196 pro
1461 1148 1545 1183 τινὰ
1584 1154 1651 1193 est,

989 1209 1131 1243 quorum
1154 1198 1235 1231 nihil
1263 1209 1364 1235 sensu
1387 1197 1518 1230 omnino
1543 1201 1650 1231 caret.

989 1244 1103 1277 Astius
1152 1244 1187 1277 in
1230 1255 1298 1278 sec.
1340 1240 1424 1276 τινὰ
1468 1243 1651 1287 insignem,

988 1295 1226 1334 praestantem
1249 1290 1441 1333 significare
1466 1299 1565 1332 posse
1584 1299 1651 1321 non

989 1340 1118 1368 temere
1139 1336 1324 1368 statuebat..
1357 1334 1495 1368 Reiskio
1519 1335 1553 1366 in
1571 1333 1653 1366 Ari-

990 1381 1079 1414 stide
1105 1391 1141 1414 σε
1163 1380 1204 1415 δέ
1225 1393 1280 1420 τις
1301 1378 1372 1422 ἕξει
1396 1380 1481 1413 τίνα
1509 1379 1647 1420 εἰπεῖν;

991 1428 1205 1460 scribendum
1240 1427 1431 1460 videbatur.
1495 1425 1650 1470 Denique

992 1472 1130 1506 Ficinus
1161 1473 1216 1511 τίς
1240 1477 1275 1506 et
1306 1474 1390 1506 τίνα
1423 1483 1488 1505 non
1513 1483 1650 1516 prorsus

992 1518 1109 1563 inepte
1133 1519 1377 1562 coniungebat:
1411 1523 1444 1550 tc
1468 1529 1547 1551 vero
1575 1519 1650 1561 quis

990 1566 1208 1608 praedicabit
1251 1570 1285 1598 et
1322 1563 1487 1608 qualem?
1525 1563 1651 1596 Melius

990 1615 1102 1644 tamen
1130 1616 1166 1643 et
1188 1611 1277 1643 haud
1302 1610 1404 1644 dubie
1426 1621 1541 1642 verum
1558 1609 1651 1642 Bek-

991 1657 1094 1690 kerus
1127 1656 1300 1697 exhibuit,
1333 1667 1431 1700 quem
1467 1656 1582 1689 Astius
1614 1655 1650 1688 in

991 1706 1070 1735 tert.
1104 1708 1139 1735 et
1163 1702 1404 1736 Stallbaumius
1429 1701 1536 1735 secuti
1559 1706 1649 1741 sunt,

990 1748 1186 1782 Dindorfius
1211 1748 1244 1780 iu
1268 1747 1419 1781 Aristide
1436 1759 1502 1781 non
1525 1752 1578 1781 est
1595 1758 1650 1780 se-

989 1800 1098 1828 cutus.

1037 1837 1161 1885 οἷμαι]
1197 1837 1301 1883 οἶμαί
1323 1850 1362 1883 γε
1392 1838 1498 1873 Arist
1523 1837 1651 1881 οἴομαι

987 1886 1116 1920 Euseb.

1035 1930 1106 1975 ε’φη
1132 1927 1151 1965 ὁ
1173 1928 1390 1974 Γλαύκων]
1394 1927 1464 1973 ε’φη
1486 1927 1505 1964 ὁ
1527 1927 1649 1963 λάκων

989 1978 1093 2011 A1ist.
1119 1978 1203 2018 (non
1215 1977 1333 2019 Dind.)
1359 1975 1386 2009 ω’
1407 1974 1528 2009 λάκων
1547 1976 1600 2009 vel
1619 1975 1648 2008 ω’

990 2021 1159 2067 γλαύκων
1191 2023 1263 2056 sine
1299 2020 1370 2065 ἔφη
1400 2021 1522 2065 legisse
1554 2021 1651 2054 vide-

992 2076 1049 2102 tur
1073 2074 1191 2102 auctor
1221 2068 1339 2102 scholii
1365 2067 1409 2101 ad
1437 2067 1542 2100 Arist.
1578 2067 1652 2103 Vol.

992 2116 1055 2149 III.
1082 2127 1113 2168 p.
1133 2114 1219 2150 734·
1254 2111 1348 2169 πρός
1375 2125 1459 2146 τινα
1488 2110 1651 2147 Λάκωνα

992 2159 1216 2215 ποιούμενος
1260 2156 1278 2194 ὁ
1320 2155 1525 2215 Σωκράτης
1560 2156 1651 2198 τοὺς

993 2204 1124 2262 λόγους
1177 2203 1334 2249 ἁρπάζει
1386 2204 1455 2259 τὴν
1509 2201 1651 2260 ἐκείνου

996 2250 1205 2308 ἀπόκρισιν
1217 2251 1279 2285 καὶ
1308 2248 1424 2290 αυτὸς
1449 2248 1555 2294 λέγει,
1583 2248 1651 2285 οὐκ

996 2299 1098 2353 οἰμαί
1118 2310 1168 2343 γε,
1195 2295 1264 2341 ἔφη
1289 2294 1307 2331 ὁ
1331 2295 1477 2332 Λάκων,

1038 2340 1189 2388 οὔκουν]
1219 2342 1357 2377 ου’κουν
1382 2342 1482 2378 Vind.
1513 2342 1557 2377 Ε.
1586 2354 1652 2377 ου-

992 2391 1085 2424 κοῦν
1118 2390 1217 2424 Vind.
1253 2390 1292 2423 F.
1336 2389 1430 2424 Mon.
1460 2389 1502 2423 B.
1545 2389 1652 2424 Arist.

993 2437 1066 2472 cod.
1106 2437 1209 2471 Laur.
1245 2436 1286 2469 C.
1319 2435 1412 2469 Mon.
1448 2434 1544 2468 Bodl.
1575 2435 1652 2470 edd.

994 2488 1074 2517 ante
1105 2483 1204 2516 Dind.
1253 2482 1294 2516 111
1329 2481 1427 2515 Vind.
1463 2481 1503 2514 B.
1537 2490 1598 2514 σω.
1631 2492 1652 2515 a

994 2541 1037 2563 tn.
1062 2540 1089 2562 s.
1114 2528 1343 2582 praepositum
1368 2530 1402 2559 effi
1426 2526 1461 2559 in
1479 2526 1553 2562 Ald.
1572 2527 1651 2561 Bas.

995 2587 1026 2609 a.
1052 2576 1172 2630 steph.
1205 2569 1355 2608 Οὔκουν
1377 2573 1539 2616 scriptum
1563 2578 1628 2607 est.

1039 2617 1093 2654 ’ὑπ
1147 2617 1294 2662 αὐτῶν]
1329 2615 1446 2652 ὑπαυ.
1480 2618 1580 2654 Vind.
1606 2619 1649 2653 Ε

994 2663 1069 2700 υπὸ
1096 2667 1171 2699 τῶν
1196 2665 1400 2699 A1ist.cod
1425 2665 1546 2697 Baroc.
1577 2664 1618 2699 D.

1039 2709 1259 2756 Ομηριδῶν.
1288 2708 1408 2754 Ἀλλὰ]
1450 2706 1650 2753 ὁιιηριδῶν,

997 2756 1088 2793 ἀλλὰ
1111 2758 1186 2792 Α1(1.
1211 2759 1292 2794 Bas.
1316 2757 1370 2792 ab.
1403 2755 1526 2801 Neque
1550 2755 1651 2790 Vind.
