1764 3176
281 115 366 155 184

727 111 1197 154 PLATONIS

281 219 431 277 ὅμοιοι
471 215 587 277 ὦμεν
624 222 700 265 καὶ
737 223 882 278 φίλοι,
919 227 980 281 τῷ
1020 221 1142 279 αὐτῷ
1180 220 1530 277 κυβερνώμενα,
1572 222 1662 265 Καὶ

217 294 252 335 Ε
283 286 436 343 ὀρθῶς
464 287 522 344 γ’,
554 288 651 346 ἔφη.
710 295 853 347 Δηλοῖ
880 290 927 335 δέ
956 307 1026 347 γε,
1054 285 1111 348 ἦν
1140 287 1183 334 δ’
1215 289 1320 344 ἐγώ,
1351 290 1425 333 καὶ
1454 287 1477 332 ὁ
1511 286 1661 344 νόμος,

281 356 351 400 ὅτι
391 360 598 400 τοιοῦτον
635 358 915 413 βουλεύεται,
953 363 1061 403 πᾶσι
1093 362 1186 409 τοῖς
1225 357 1272 401 ἐν
1309 361 1361 415 τῇ
1398 356 1523 401 πόλει
1558 356 1663 412 ξύμ-

281 440 418 479 μαχος
449 422 535 477 div,
564 425 639 468 καὶ
665 425 693 482 ἡ
723 430 813 469 τῶν
842 428 1014 470 παίδων
1044 427 1175 484 ἀρχή,
1210 426 1261 469 τό
1292 427 1351 482 μή
1386 425 1462 482 ἐᾷν
1491 425 1664 469 ἐλευθέ-

281 508 390 546 ρους
420 490 544 544 εἶναι,
576 492 658 544 ἕως
688 493 744 537 ἂν
774 494 823 537 ἐν
853 492 1002 545 αὐτοῖς
1032 493 1174 548 ὥσπερ
1211 495 1257 537 ἐν
1286 493 1411 537 πόλει
1440 495 1664 537 πολιτείαν
1730 508 1739 512 ⁸

188 573 253 607 591
279 557 617 616 καταστήσωμεν
645 562 719 605 καὶ
747 562 796 605 τὸ
827 560 1049 618 βέλτιστον
1076 562 1430 616 θεραπεύσαντες
1460 565 1522 619 τῷ
1550 559 1659 616 παρ’

277 625 384 683 ἡμῖν
433 628 618 686 τοιούτῳ
669 628 1102 686 ἀντικαταστήσωμεν
1158 628 1338 684 φύλακα
1383 629 1540 684 ὅμοιον
1589 629 1664 673 καὶ

278 695 472 752 ἄρχοντα
501 696 548 740 ἐν
579 695 720 755 αὐτῷ,
751 698 826 742 καὶ
855 696 952 741 τότε
984 699 1037 753 δὴ
1067 696 1304 751 ἐλεύθερον
1334 695 1530 754 ἀφίεμεν.
1578 702 1664 754 Δη-

277 769 351 808 λοῖ
376 765 485 820 γάρ,
524 759 554 821 ἦ
585 764 629 808 δ’
660 764 722 816 ὅς.

782 768 855 819 Πῆ
895 764 948 820 δή
983 759 1067 808 οὖν
1103 764 1324 821 φήσομεν,
1365 761 1401 808 ὦ
1433 764 1663 819 Γλαύκων,

277 833 351 876 καὶ
389 833 499 876 κατὰ
536 834 636 876 τίνα
671 832 807 889 λόγον
838 837 1075 877 λυσιτελεῖν
1109 832 1299 885 ἀδικεῖν,
1339 833 1368 890 ἦ
1407 832 1665 877 α’κολασταί-

275 915 371 943 νειν
399 899 428 956 ἤ
457 917 498 944 τι
529 901 708 957 αἰσχρὸν
737 906 904 956 ποιεῖν,
935 901 979 954 ἐξ
1008 896 1071 946 ὦν
1099 900 1396 959 πονηρότερος
1421 903 1501 959 μὲν
1531 903 1663 955 ἔσται,

321 1047 610 1095 κυβερνώμενοι,
604 1051 627 1095 ·]
654 1049 937 1097 κυβερνώμενοι.

276 1095 442 1130 editiones
467 1102 547 1130 ante
569 1097 778 1132 Bekkerum.

322 1152 399 1187 Καὶ
419 1151 547 1198 ὀρθῶς
567 1151 619 1198 γ’,
645 1153 728 1199 §.qm
737 1157 750 1201 ]
777 1168 842 1190 om.
864 1156 938 1190 Pal.

275 1199 316 1232 A.
343 1198 404 1233 καὶ
439 1212 504 1234 om.
541 1201 619 1235 Par.
654 1201 698 1235 K.
732 1214 801 1236 sec.
829 1203 937 1237 Bekk.

274 1245 344 1279 Pro
368 1242 408 1289 γ’
432 1246 468 1279 in
491 1246 589 1280 Vind.
613 1248 656 1282 F.
681 1258 720 1291 γε
743 1249 880 1292 legitur.

322 1304 464 1347 Δηλοῖ]
490 1303 605 1346 δῆλον
628 1304 730 1339 Vind.
756 1306 797 1339 Ε.
842 1306 940 1340 Haec

275 1359 406 1393 usque
417 1349 461 1382 ad
495 1347 694 1394 ἐλεύθερον
725 1348 881 1398 αφίεμεν
907 1364 939 1396 p.

275 1395 356 1430 591.
375 1395 414 1428 A.
451 1395 658 1430 lamblichus
693 1397 715 1431 l.
751 1409 780 1432 c.
815 1410 850 1443 p.
884 1400 940 1433 88.

275 1452 386 1494 prope
421 1441 464 1475 ad
497 1443 641 1476 verbum
676 1454 759 1478 suae
793 1443 942 1478 orationi

274 1486 431 1521 intexuit.

275 1588 294 1623 I
321 1555 384 1624 72²1
417 1544 464 1589 η’ν
497 1542 541 1581 6'
575 1543 667 1592 ἐγώ]
706 1559 770 1582 om.
802 1546 875 1581 Pal.
901 1547 941 1582 A.

297 1601 349 1624 am
387 1616 395 1624 .

214 1644 250 1686 E
324 1649 513 1694 τοιοῦτον]
539 1648 582 1685 τὸ
609 1663 641 1685 τ.
666 1650 786 1685 Iambl.

324 1705 563 1752 βουλεύεται]
590 1706 766 1753 βούλεται
787 1708 875 1752 Ang-
898 1709 940 1742 Β.

275 1751 372 1786 Flor.
397 1753 475 1788 RT.
500 1737 943 1798 Iambl.St0b.((30v7.ae15-

278 1809 358 1832 εται
381 1811 497 1844 margo
523 1801 647 1844 Gesn.)
673 1803 747 1835 Ast.
772 1812 840 1833 sec.
858 1804 939 1834 text.

278 1850 314 1878 et
338 1845 582 1880 Stallbaumius
593 1872 602 1888 ‚
637 1847 694 1891 qui
719 1858 854 1880 sensum
877 1846 942 1880 hoc

276 1891 454 1936 requirere
484 1892 588 1933 dicit,
626 1894 738 1937 legem
762 1894 835 1926 tale
858 1893 941 1936 quid

276 1943 434 1980 spectare
463 1949 523 1971 seu
555 1940 769 1982 propositum
802 1939 940 1972 habere.

276 1984 406 2026 Recte;
437 1984 498 2017 sed
519 1983 554 2017 id
578 1984 687 2028 ipsum
711 1990 765 2018 est
788 1983 942 2029 βουλεύ-

277 2031 399 2064 εσθαι.
446 2030 501 2063 Cf.
527 1997 667 2064 Homeri
689 2030 940 2065 11.L.11.v.

280 2074 366 2110 114:
390 2075 460 2110 νῦν
481 2073 521 2110 δε
543 2075 662 2120 κακὴν
684 2073 834 2120 ἀπάτην
854 2076 941 2121 βου-

277 2119 939 2158 221560120.Herodot.L.111.c.17:

277 2166 368 2220 μετὰ
383 2166 422 2202 δὲ
440 2168 563 2202 ταῦτα
582 2165 601 2203 ὁ
620 2167 825 2214 Καμβύσης
835 2166 941 2213 ἐβου-

281 2211 435 2248 λεύσατο
483 2215 686 2259 τριφασίας
729 2214 939 2271 στρατηίας.

279 2260 378 2294 Plato
403 2261 540 2295 Charin.
573 2273 605 2306 p.
636 2264 712 2297 176.
738 2262 786 2295 C:
821 2273 940 2303 ουτοι,

276 2306 325 2350 ἠν
351 2303 393 2340 δ’
416 2304 499 2361 ε’]ὠ,
523 2307 560 2341 τί
565 2305 840 2363 Ἡβουλεύεσθον
860 2318 942 2341 ποι

278 2355 356 2393 εῖν;
393 2350 479 2386 οὐδὲ
483 2365 527 2396 ν,
562 2350 634 2398 ε’φη
681 2350 701 2388 ὁ
734 2353 941 2397 Χαρμίδης,

277 2395 371 2432 αλλὰ
416 2398 708 2443 βεβουλεύμεθα.
754 2412 820 2445 quo
866 2400 941 2433 loco

277 2456 359 2488 pars
406 2445 559 2479 codicum
602 2444 812 2491 βούλεσθον
848 2445 943 2479 exhi-

277 2491 372 2524 bent.
420 2491 529 2524 Simili
564 2504 680 2526 errore
713 2493 801 2526 Phil.
828 2504 860 2537 p.
882 2492 938 2526 35.

279 2536 323 2570 D.
351 2536 410 2570 50.
436 2537 480 2570 Ε.
514 2536 763 2582 βουλεύεσθαι
788 2544 823 2571 et
853 2537 940 2583 βου-

280 2579 434 2625 λεύομαι
458 2594 520 2628 pro
557 2583 761 2628 βούλεσθαι
792 2587 828 2618 et
851 2581 941 2629 βού-

280 2630 390 2671 λομαι
413 2632 447 2662 in
470 2629 669 2674 quibusdam
693 2631 859 2675 scriptum
878 2635 942 2664 est.

325 2684 370 2720 τὸ
401 2684 479 2730 μὴ]
523 2685 566 2722 τὸ
611 2685 677 2729 μὲν
711 2689 830 2723 Iambl.
867 2688 940 2721 cod.

280 2732 390 2766 Paris.
414 2731 478 2766 καὶ
502 2731 545 2768 τὸ
574 2732 623 2778 μὴ
650 2734 743 2769 Mon.
771 2735 811 2768 Β.
846 2733 942 2768 Flor.

281 2778 324 2812 U.
364 2778 508 2824 Copula
541 2779 595 2813 hic
629 2792 694 2814 non
725 2780 833 2825 magis
858 2791 942 2825 opus

995 1056 1062 1094 est,
1085 1063 1187 1098 quam
1211 1062 1315 1097 supra
1335 1052 1379 1088 D.
1401 1052 1447 1087 in.
1481 1052 1537 1088 cf.
1556 1054 1666 1087 Bern—

995 1098 1104 1142 hardy
1128 1103 1220 1142 synt.
1243 1111 1278 1143 p.
1295 1100 1375 1134 355.

1043 1153 1111 1190 ἕαν
1129 1154 1366 1201 ἐλευθέρους]
1394 1154 1664 1201 ανελευθέρονς

995 1192 1117 1237 Iambl.
1165 1202 1264 1247 (cod.
1297 1203 1405 1246 Par.)
1447 1204 1502 1237 ed.
1544 1204 1666 1238 Arcer.

996 1249 1096 1282 Stob.
1121 1249 1216 1291 (cod.
1242 1249 1334 1293 BN.)
1361 1250 1414 1283 ed.
1441 1251 1549 1284 Gesn.
1580 1246 1665 1283 α’νε·

996 1291 1184 1336 λευθὲρως
1234 1290 1665 1330 Stob.Trinc.1amb1.

998 1341 1072 1375 cod.
1098 1341 1173 1374 Ciz.

1046 1393 1108 1453 ἂν]
1133 1411 1199 1432 om.
1224 1398 1298 1432 Pal.
1322 1398 1364 1431 A.

1044 1442 1189 1488 αὐτοῖς]
1213 1442 1361 1483 ἑαυτοῖς
1386 1443 1487 1478 Vind.
1499 1443 1573 1477 ΒΕ.
1591 1443 1665 1478 Pal.

998 1491 1039 1524 A.
1057 1491 1138 1527 Vat.
1148 1491 1193 1526 H.
1215 1488 1348 1529 αὐτοῖς
1368 1490 1478 1533 (Flor.
1489 1489 1664 1526 ACRTV.

998 1537 1078 1570 Par.
1099 1536 1160 1579 K.)
1197 1536 1271 1570 Ald.
1297 1536 1376 1570 Bas.
1402 1536 1457 1570 ab.
1484 1536 1604 1580 Steph.
1631 1541 1667 1569 et

1000 1582 1106 1616 editio
1140 1582 1295 1616 Bekkeri
1325 1583 1421 1628 ipso,
1454 1581 1520 1615 nisi
1552 1582 1667 1624 fallor,

999 1628 1120 1664 invito.
1175 1668 1179 1674 Ι

1046 1684 1110 1720 καὶ
1130 1704 1176 1710 ——
1198 1680 1568 1729 ἀντικαταστήσωμεν
1586 1686 1667 1721 591.

999 1733 1058 1776 A.)
1100 1743 1166 1767 om.
1207 1731 1307 1765 Vind
1343 1731 1387 1765 Ε.
1427 1732 1519 1768 Flor.
1561 1731 1666 1766 ACT.

998 1778 1118 1814 Iambl.

1044 1833 1153 1890 ἡμῖν]
1180 1831 1270 1878 ύμῖν
1297 1833 1396 1867 Stob.

1044 1879 1219 1936 τοιούτῳ]
1246 1880 1422 1913 τοιοῦτον
1447 1882 1536 1925 Ang.
1559 1882 1602 1915 B.

1044 1916 1218 1972 φύλακα]
1249 1924 1419 1970 φύλακας
1444 1927 1542 1960 Stob.
1568 1926 1663 1971 (cod.

995 1975 1090 2030 BN.)
1117 1974 1169 2007 ed.
1197 1974 1307 2006 Gesn.
1331 1972 1407 2004 Ald.
1433 1973 1514 2005 Bas.
1540 1974 1595 2006 ab.

1044 2017 1083 2053 ἐν
1109 2017 1227 2064 αὐτῷ]
1254 2019 1291 2051 ἰη
1322 2029 1358 2050 se
1382 2018 1454 2060 ipso
1480 2018 1552 2052 Fic.

1045 2053 1266 2108 ἐλεύθερον]
1308 2060 1525 2106 ἐλευθερίαν
1566 2065 1665 2100 Stob.

999 2109 1218 2158 (ἐλεύθερον
1244 2121 1364 2154 margo
1398 2111 1525 2154 Gesn.)

1046 2166 1225 2223 αφίεμεν]
1271 2167 1345 2210 „Se
1387 2179 1453 2200 non
1496 2165 1666 2211 ἀφίεμεν,

998 2216 1059 2250 sed
1098 2211 1255 2257 ἀφῶμεν
1301 2212 1429 2256 legisse
1469 2219 1530 2247 aut
1573 2221 1668 2248 certe

997 2261 1177 2306 legendum
1216 2240 1356 2304 putavi?
1340 2271 1395 2292 sse
1440 2260 1590 2293 ostendit
1631 2260 1669 2293 in

1000 2320 1062 2341 sua
1126 2305 1411 2350 interpretatione
1479 2306 1652 2339 Ficinusf

999 2353 1119 2398 steph.
1145 2357 1260 2386 annot.
1297 2363 1329 2396 p.
1359 2353 1415 2386 27.
1462 2351 1543 2386 Non
1574 2352 1667 2386 Fici-

999 2411 1081 2441 nuS‚
1112 2399 1170 2444 qui
1203 2403 1306 2441 atque
1331 2409 1388 2430 eos
1412 2402 1494 2431 tunc
1527 2399 1665 2432 demum

999 2447 1121 2479 liberos
1138 2456 1208 2478 esse
1227 2445 1470 2487 permittimus,
1492 2445 1552 2477 sed
1570 2446 1666 2488 Gry-

999 2503 1115 2533 naeus,
1139 2491 1196 2536 qui
1222 2502 1263 2522 ac
1283 2495 1363 2523 tunc
1384 2491 1521 2524 demum
1545 2492 1667 2525 liberos

1000 2549 1071 2573 esse
1089 2538 1332 2582 permittamus
1357 2536 1479 2581 posuit.

1044 2596 1166 2639 Δηλοῖ
1182 2592 1266 2638 γὰρ,
1292 2587 1318 2638 ἦ
1340 2590 1381 2628 δ’
1408 2589 1476 2638 ὃ’ς.]
1503 2606 1569 2629 om.
1593 2594 1666 2629 Pal.

1046 2687 1122 2730 Πῆ]
1149 2687 1218 2720 ποῖ
1244 2686 1323 2719 Par.
1349 2685 1391 2719 K
1417 2697 1486 2721 sec.
1508 2686 1620 2720 Bekk.

1047 2731 1111 2778 δὴ]
1138 2729 1176 2766 δ’
1202 2731 1299 2764 Vind.
1325 2732 1369 2765 E.

1047 2779 1076 2812 ω’
1105 2775 1297 2822 Γλαύκων]
1324 2790 1388 2813 om.
1413 2777 1486 2812 Pal.
1508 2778 1548 2810 A.

1665 1838 1732 1873 591
