1764 3176
438 201 1193 260 ,CIVITASLIB.V]]II.591

1430 204 1514 243 185

130 317 262 362 πλείω
302 315 348 359 δὲ
387 314 586 372 χρήματα
621 313 652 371 ἢ
688 313 825 371 ἄλλην
871 313 969 357 τινα
1009 314 1200 370 δύναμιν
1240 312 1513 370 κεκτήσεται;

134 381 338 440 Οὗδαμῇ,
374 378 404 440 ἦ
433 383 476 428 δ’
509 383 568 436 ὅς.

630 387 703 440 Πῆ
737 382 781 426 δ’
811 380 1053 426 ἀδικοῦντα
1082 382 1322 426 λανθάνειν
1351 382 1424 426 καὶ
1454 380 1512 436 μὴ

131 450 305 497 διδόναι
341 453 470 508 δίκην
506 455 763 501 λυσιτελεῖν;
801 450 830 507 ἢ
861 449 956 506 οὐχὶ
997 449 1020 493 ὁ
1052 452 1130 505 μὲν
1169 451 1409 495 λανθάνων
1448 450 1509 493 ἔτι
1539 448 1576 489 Β

128 518 426 576 πονηρότερος
463 522 677 576 γίγνεται,
717 522 799 562 τοῦ
839 518 884 562 δὲ
916 517 975 574 μὴ
1006 518 1307 570 λανθάνοντος
1335 520 1409 562 καὶ
1438 534 1516 560 κο-

129 589 373 644 λαζομένου
411 588 461 632 τό
495 589 575 644 μὲν
619 590 835 643 θηριῶδες
872 588 1110 643 κοιμίζεται
1149 589 1224 630 καὶ
1261 587 1516 642 ἡμεροῦται,

127 657 179 701 τὸ
218 657 264 701 δὲ
296 656 461 714 ἥμερον
505 657 839 710 ἐλευθεροῦται,
879 655 955 699 καὶ
974 655 1075 710 μ,ὅλη
1116 655 1144 711 ἡ
1187 655 1303 711 ψυχὴ
1343 657 1403 706 εἰς
1437 654 1518 710 τήν

130 727 354 782 βελτίστην
383 724 522 781 φύσιν
551 723 848 780 καθισταμένη
878 723 1141 779 τιμιωτέραν
1172 723 1260 776 ἕξιν
1290 723 1516 779 λαμβάνει,

130 793 432 850 σωφροσύνην
467 809 511 836 τε
541 793 615 836 καὶ
646 791 937 848 δικαιοσύνην
974 791 1078 847 μετοέ
1113 791 1375 848 φρονήσεως
1405 808 1517 835 κτω-

128 863 260 918 μένη,
299 861 327 919 ἢ
367 864 492 917 σῶμα
530 859 655 916 ἰσχύν
685 878 729 904 τε
767 861 841 904 καὶ
870 859 1031 911 κάλλος
1059 859 1165 915 μετα
1206 858 1373 917 ὑγιείας
1409 866 1518 916 λαμ-

127 931 295 988 βάνον,
343 928 566 986 τοσούτῳ,
628 928 799 987 ὅσῳπερ
847 928 962 984 ψυχή
1017 928 1217 985 σώματος
1259 928 1517 984 τιμιωτέρας

129 997 391 1044 Παντάπασι
426 997 506 1054 μὲν
548 991 654 1050 οὗν,
694 997 791 1053 ἔφη.

173 1144 200 1194 ἢ
224 1145 528 1193 ἀκολασταίνειν]
553 1148 593 1182 In
615 1148 691 1182 Ald.
716 1148 790 1182 Ast.

127 1207 197 1231 sec.
231 1200 312 1228 tert.
347 1198 384 1228 et
406 1195 528 1236 Stallb„
559 1206 688 1229 comma
712 1201 792 1228 ante

125 1242 212 1276 haec
236 1241 394 1274 omissum
419 1246 483 1283 est,
506 1240 555 1274 ita
572 1246 610 1274 ut
633 1238 789 1283 ἀδικεῖν,

128 1285 408 1322 ἀκολασταίνειν
432 1293 468 1320 et
473 1267 651 1330 αἰσχρόν
655 1298 691 1319 τι
708 1298 790 1319 ποι-

127 1336 184 1368 εῖν
201 1338 274 1367 tres
296 1332 396 1366 unius
416 1333 550 1376 generis
567 1332 700 1377 species
716 1343 792 1365 esse

126 1379 319 1413 videantur.
374 1377 542 1412 Incisione
580 1380 674 1412 facta
710 1375 790 1411 οἷδι-

125 1427 205 1459 κεῖν
233 1434 346 1480 genus
379 1436 454 1458 esse
486 1424 723 1478 significatm
756 1424 791 1457 in

126 1483 195 1516 quo
217 1467 499 1504 ἀκολασταίνειν
524 1477 560 1505 et
585 1468 739 1515 αἰσχρόν
756 1483 792 1503 τι

125 1519 249 1551 ποιεῖν
279 1517 541 1558 contineantur,
574 1518 679 1561 idque
708 1528 791 1550 vero

125 1563 269 1597 similius
293 1563 462 1597 existimo.
497 1563 550 1596 De
573 1564 680 1596 verbo
705 1558 791 1596 οἷκο-

126 1609 335 1643 λασταίνειν
353 1621 385 1643 v.
410 1609 454 1643 ad
476 1621 511 1654 p.
531 1611 611 1645 590.
624 1610 665 1643 A.
689 1609 791 1642 dicta.

171 1667 322 1710 ποιεῖν,]
346 1669 494 1708 ποιεῖν;
520 1666 642 1711 Steph.

175 1721 336 1766 δύναμιν
377 1721 614 1768 κεκτήσεται]
674 1720 794 1767 ἀρχὴν

128 1767 302 1814 κτήσεται
324 1769 417 1803 Flor
443 1770 488 1802 Τ.

182 1824 365 1872 Οὕδαμῆ,
458 1823 496 1860 δ’
521 1821 598 1870 ὅς.
586 1827 599 1853 Ἰ
632 1839 695 1860 om.
720 1826 793 1860 Pal.

128 1875 172 1908 A.
197 1862 345 1917 οὕδαμὴ
370 1877 435 1906 etc.
472 1873 571 1907 Vind.
597 1872 637 1906 F.
666 1869 793 1907 Ου’δα-

127 1919 180 1964 μῆ
204 1924 270 1954 etc.
293 1919 413 1964 Steph.
438 1919 513 1953 Ast.
537 1930 589 1963 pr.
614 1930 684 1952 sec.

146 1977 238 2023 Πῆ
268 1973 332 2021 δ’]
365 1976 417 2019 πῆ
452 1973 497 2020 δὴ
532 1977 601 2010 ούν
626 1974 793 2020 φήσομεν

129 2019 352 2078 ω’γλαύκων
380 2022 478 2058 Flor.
501 2023 535 2056 T

175 2066 394 2112 λανθανειν]
412 2065 623 2112 μανθάνειν
639 2068 725 2103 Lob.
746 2071 793 2111 et,

130 2127 205 2161 sup.
232 2117 262 2150 λ.
285 2126 390 2160 super
412 2126 449 2158 μ,
473 2115 555 2149 Vat.
579 2115 620 2148 B.

175 2172 239 2207 και
260 2171 309 2217 μὴ
331 2192 378 2198 -—
401 2173 613 2217 λυσιτελεῖν]
638 2172 674 2206 ἰιι
698 2173 793 2206 Μοιι.

128 2220 172 2254 Β.
205 2219 258 2252 bis
292 2219 447 2263 scripta,
480 2219 540 2253 sed
576 2219 685 2253 altero
718 2219 793 2252 loco

130 2264 267 2308 virgula
289 2265 458 2298 subducta
480 2269 601 2299 notata
631 2269 719 2298 sunt.
747 2283 794 2290 —·

132 2312 292 2344 λυτελεῖν
302 2310 403 2345 Vind.
413 2311 458 2345 F.
466 2310 791 2345 —zvmszezmu

130 2357 212 2391 Vat.
232 2356 312 2390 ΒΜ.
336 2357 423 2391 Ven.
443 2357 484 2390 C.

180 2410 275 2456 οὐχὶ]
293 2410 370 2468 οὐχ
395 2414 493 2449 Vind.
514 2415 556 2448 B.

131 2456 404 2540 Ελανθανων]
446 2458 656 2504 μανθανων
695 2459 795 2495 Vind.

178 2548 232 2586 ε’τι
259 2549 531 2597 πονηρότερος]
572 2549 794 2596 ἐπιπονηρό·

131 2609 238 2642 τερος
261 2597 342 2630 vat.
367 2599 407 2632 B.
442 2611 461 2632 a
484 2611 528 2632 m.
560 2611 612 2643 pr.
638 2600 724 2634 Ven.
750 2599 792 2632 C.

132 2648 169 2677 et
192 2654 280 2677 corr.
305 2643 405 2678 Vind.
438 2645 482 2678 F.
515 2645 588 2679 Ald.
621 2646 702 2679 Bas.
738 2646 792 2678 ab.

132 2686 404 2732 ἐπιπονώτερος
436 2690 522 2726 Lob.
556 2692 635 2725 Vat.
677 2691 727 2724 Μ.
760 2695 796 2723 et

132 2739 212 2770 ante
245 2746 332 2770 corr.
356 2735 453 2771 Vind.
479 2738 519 2771 F.
554 2749 607 2771 ετι
630 2733 795 2780 πονηρό-

132 2793 239 2826 τερον
264 2781 365 2815 Vind.
383 2781 426 2815 Ε.
461 2794 482 2816 a
505 2794 549 2819 m.
573 2795 626 2828 pr.
652 2784 713 2827 (·--
731 2795 795 2827 ρος

133 2827 243 2871 corr.)

177 2873 366 2918 γίγνεται,]
390 2873 457 2917 γίν.
486 2874 585 2910 Vind.
610 2875 652 2909 E.
677 2875 795 2919 γίγνε-

876 996 1054 1041 Οὐκοῦν
1099 997 1123 1041 ὅ
1165 1013 1213 1054 γε
1249 1001 1363 1041 νοῦν
1408 998 1516 1053 ἔχων

847 1160 922 1183 ται.
965 1148 1040 1182 Ald.
1091 1147 1278 1193 γίγνεται,
1319 1149 1401 1182 Bas.
1460 1148 1515 1181 ab.

849 1195 970 1239 Steph.

895 1262 1166 1308 λανθάνοντος]
1192 1264 1233 1297 In
1257 1263 1358 1299 Vind.
1375 1262 1417 1295 Ε.
1443 1264 1515 1306 syl-

846 1311 926 1345 laba
949 1311 1058 1356 prima
1085 1310 1149 1343 int.
1172 1321 1262 1345 vers.
1287 1314 1351 1342 est.

893 1368 1083 1412 θηριῶδες
1110 1367 1333 1410 κοιμίζεται]
1371 1366 1516 1410 θυριιδ-

849 1414 910 1453 δες
931 1414 1118 1457 κομίζεται
1139 1415 1220 1447 Bas.
1246 1414 1300 1447 ab.
1341 1413 1517 1446 Posterius

849 1460 955 1493 etiam
989 1460 1024 1493 in
1049 1459 1263 1504 Bipontinam
1298 1462 1334 1492 et
1365 1459 1399 1491 in
1424 1459 1516 1492 Bek-

849 1507 925 1539 keri
951 1506 1130 1539 editionem
1158 1504 1310 1550 irrepsit.
1357 1505 1397 1538 In
1426 1505 1516 1549 prio-

850 1552 898 1585 ris
923 1552 1078 1586 vocabuli
1103 1551 1234 1595 syllaba
1254 1554 1404 1584 extrema
1422 1551 1516 1585 Mon.

849 1599 892 1633 B.
917 1610 938 1632 a
960 1611 1006 1634 ιιι.
1030 1610 1083 1643 pr.
1110 1610 1150 1631 αι
1172 1608 1235 1642 pro
1261 1608 1277 1630 ε
1301 1597 1463 1631 habebat.

897 1663 1165 1709 ἐλευθεροῦται
1175 1667 1208 1710 ,]
1232 1663 1515 1709 ἐλευθεροῦται,
1508 1678 1516 1684 ·

851 1713 973 1757 Steph.
997 1713 1071 1745 Ast.
1098 1724 1150 1757 pr.

898 1778 965 1825 όλη
989 1778 1028 1825 ἡ]
1052 1777 1119 1824 ὅλη
1137 1777 1249 1835 καὶὴ
1260 1780 1338 1814 Par.
1351 1781 1392 1814 D.
1410 1777 1434 1824 ἦ
1449 1776 1517 1825 όλη

850 1828 946 1863 Μοιι.
970 1828 1010 1862 Β.
1033 1828 1131 1861 Flor.
1157 1828 1201 1860 U.
1234 1823 1301 1870 ὅλη
1328 1827 1426 1862 Vind.
1452 1828 1492 1861 F.

896 1883 1014 1930 ψυχὴ]
1038 1884 1139 1929 ψυκῆ
1166 1885 1268 1920 Vind·
1290 1884 1331 1919 F'-

897 1952 989 1998 μετὰ
1033 1951 1202 1998 ὑγιείας]
1252 1950 1346 1997 μεθ’
1391 1949 1518 1997 ὑγείας

850 2001 924 2035 Pal.
949 2001 989 2033 A.
1021 1998 1114 2043 μετὰ
1150 1998 1278 2043 ὑγείας
1305 2000 1390 2034 Lob.
1416 2002 1516 2043 (vat.

850 2047 932 2081 ΒΜ.
958 2047 1044 2082 Ven.
1071 2047 1112 2081 C.
1145 2047 1224 2079 Par.
1249 2046 1326 2079 ΒΚ.
1350 2066 1397 2070 —-
1421 2047 1516 2080 Mon.

850 2093 891 2126 B.
925 2093 968 2126 de
1000 2104 1066 2137 quo
1090 2093 1271 2125 Bekkerus
1304 2092 1386 2126 item
1410 2098 1517 2134 tacet,

850 2137 943 2183 μετὰ
977 2135 1120 2183 ὑγιείας
1153 2139 1284 2183 habet.)
1317 2138 1392 2172 Ald.
1436 2139 1518 2173 Bas.

851 2186 908 2220 ab.
931 2185 1052 2230 steph.

898 2250 1114 2308 λαμβανον,
1146 2250 1341 2300 τοσούτῳ]
1376 2252 1518 2300 λαμβα-

850 2311 982 2340 νοντος
1026 2296 1125 2334 ου’τω
1157 2300 1243 2333 Lob.
1280 2288 1356 2333 Vat.
1396 2300 1445 2336 M.
1483 2305 1518 2334 et

851 2350 1004 2380 mutatae
1035 2358 1203 2390 personae
1237 2346 1333 2389 signo
1366 2345 1518 2391 interpo-

852 2393 918 2426 sito
948 2392 1048 2425 Vind.
1071 2392 1111 2425 F.
1140 2392 1326 2425 commatis
1350 2392 1423 2426 loco
1437 2394 1518 2426 Ste—

851 2439 984 2484 phanus
1007 2441 1121 2471 notam
1140 2438 1374 2482 interrogandi
1399 2439 1494 2473 fecit.

900 2502 1062 2552 ὅσῳπερ]
1090 2502 1165 2541 ὅσω
1191 2507 1293 2543 Vind.
1317 2507 1360 2541 E.

898 2562 1145 2609 τιμιωτέρας]
1188 2563 1398 2611 τιμιωτέρα.
1441 2566 1518 2600 Ald.

851 2610 931 2645 Bas.
954 2611 1008 2643 ab.

851 2715 879 2748 P
898 2665 1127 2747 {Toxmoinoecn
1144 2666 1211 2712 μὲν
1230 2661 1312 2712 οὖν,
1333 2667 1434 2714 ἔφη]
1451 2682 1517 2704 om.

881 2727 901 2749 a
916 2740 924 2748 .
982 2740 989 2748 .

902 2780 1057 2818 Ονκοῦν
1084 2803 1129 2809 —
1152 2782 1216 2818 καὶ
1241 2784 1412 2831 δημοσία.
1436 2786 1516 2821 592.

852 2831 1020 2920 3.]905ιια
1063 2830 1147 2865 fecit
1194 2819 1397 2865 lamblichus
1427 2831 1451 2865 l.
1486 2843 1515 2865 c.
