1764 3176
453 195 780 239 CIVITAS
825 195 949 239 LlB.
980 196 1115 240 VIIII.
1146 202 1214 237 590
1435 200 1519 240 183

139 308 213 352 καὶ
246 306 300 350 τὰ
331 305 602 364 θωπεύματα
650 305 798 351 αὐτῶν
835 306 977 362 μόνον
1021 307 1206 365 δύνηται
1249 306 1518 364 μανθάνειν;

128 374 325 428 Ἔοικεν,
362 373 461 432 ἔφη.
526 375 705 420 Οὐκοῦν
739 377 812 418 ἵνα
842 375 917 421 καὶ
958 375 982 419 ὁ
1013 381 1215 428 τοιοῦτος
1243 377 1332 422 ὑπὸ
1361 373 1518 433 ὁμοίου

138 441 321 500 ἄρχηται
349 445 528 500 οἵουπερ
563 445 587 488 ὁ
620 444 860 500 βέλτιστος,
891 445 1053 505 δοῦλον
1083 442 1222 487 αὐτόν
1252 460 1396 500 φαμεν
1426 445 1518 488 δεῖν

138 509 249 555 εἶναι
278 510 450 556 ἐκείνου
480 516 561 556 τοῦ
591 512 838 569 βελτίστου,
873 512 1049 567 ἔχοντος
1078 511 1125 555 ἐν
1155 511 1274 568 αὐτῷ
1304 512 1353 556 τὸ
1389 517 1516 556 θεῖον
1542 512 1579 552 D

135 578 296 636 ἄρχον,
348 578 431 623 οὐκ
469 580 537 624 ἐπὶ
575 579 719 637 βλάβῃ
758 583 811 636 τῇ
851 583 933 623 τοῦ
974 579 1141 623 δούλου
1183 580 1381 636 οἰόμενοι
1426 582 1519 624 δεῖν

133 647 345 705 ἄρχεσθαι
385 645 544 700 αὐτὸν,
587 647 731 703 ὥσπερ
774 647 1067 704 Θρασύμαχος
1106 646 1214 706 ᾤετο
1245 648 1351 699 τοὺς
1389 646 1517 704 ἄρχο-

132 717 314 774 μένους,
345 714 447 759 ἀλλ’
485 715 545 768 ὥς
574 715 754 772 ἄμεινον
785 715 838 759 ὂν
867 717 998 760 παντὶ
1025 715 1116 760 ὑπὸ
1145 718 1274 760 θείου
1303 716 1378 760 καὶ
1408 733 1518 772 φρο-

131 786 266 841 νίμου
295 782 526 840 ἄρχεσθαι,
565 783 752 840 μάλιστα
789 783 869 839 μὲν
900 786 1064 828 οἰκεῖον
1093 784 1271 841 ἔχοντος
1305 784 1352 828 ἐν
1383 784 1519 843 αὐτῷ,

131 854 170 897 εἰ
198 851 246 897 δὲ
284 851 368 910 μὴ,
409 852 570 906 ἔξωθεν
610 852 873 910 ἐφεστῶτος,
915 854 988 896 ἵνα
1029 854 1088 904 εἰς
1127 852 1318 910 δύναμιν
1359 852 1520 905 πάντες

144 1023 364 1082 δύνηται]
407 1050 431 1079 ,3
445 1025 559 1067 Quum
595 1024 796 1070 praecedat,

130 1067 224 1105 ὥστε
243 1069 294 1126 μὴ
320 1066 368 1105 ὂὶν
385 1069 589 1114 δύνασθαι,
614 1071 695 1115 quid
714 1083 795 1104 ver-

127 1118 208 1151 bum
232 1115 390 1161 δύνηται
423 1117 478 1151 hic
501 1117 619 1161 agit&
625 1119 634 1136 ⁴
669 1117 791 1161 steph.

127 1166 246 1197 annot.
271 1175 308 1211 p.
325 1163 383 1199 27.
431 1162 546 1197 Etiam
570 1163 685 1197 Astius
708 1163 792 1196 insi-

119 1209 238 1243 'titium
254 1213 367 1255 putat,
387 1220 529 1254 eamque
548 1209 792 1243 Stallbaumius

126 1259 262 1289 acutam
301 1255 456 1291 coniect·
460 1266 530 1289 ram
573 1255 665 1289 Astii
697 1255 793 1288 dicit.

126 1300 219 1343 Quid
239 1301 321 1335 mihi
339 1302 507 1343 videatur,
525 1312 629 1346 supra
646 1300 791 1334 ostendi.

170 1366 424 1414 μανθάνειν;]
463 1366 686 1413 μανθάνειν.
712 1369 789 1403 Ald.

123 1416 204 1450 Bas.
229 1417 284 1452 ab.
307 1435 354 1441 —
385 1416 487 1456 Quod
512 1415 646 1472 §lagen
671 1413 790 1450 ἔοικεν

123 1462 791 1553 ἒξίἷῗὲῗέἔιίι-,Ἷὲἓῇηῗῖἒιῑίῗέεέχξῖἱῖ

121 1553 264 1588 candum
289 1557 361 1596 est,
384 1566 453 1598 qua
477 1555 587 1598 Gorg.
611 1566 646 1599 p.
655 1554 732 1589 467.
745 1554 790 1590 Ε.

122 1600 197 1634 Poli
247 1600 508 1633 affirmationem
555 1600 789 1645 explicandam

122 1657 201 1680 esse
227 1644 422 1690 significavi
447 1646 521 1680 Vol.
542 1646 589 1681 II.
613 1658 646 1692 p.
661 1648 742 1689 333,
755 1658 788 1681 a.

167 1712 244 1758 καὶ]
271 1726 336 1748 οπι.
359 1714 438 1749 Fic.

167 1779 245 1817 ὑπὸ
279 1779 436 1827 ὁμοίου]
478 1779 556 1827 ὑφ’
592 1780 652 1827 ὀμ.
686 1784 784 1817 Stob.

120 1829 317 1870 Bekkerus,
338 1829 455 1863 Astius
479 1829 514 1862 in
539 1832 619 1863 tert.
645 1832 681 1862 et
704 1831 786 1863 Sto-

121 1875 199 1909 baei
240 1875 448 1909 auctoritate
487 1887 567 1909 usus
610 1875 786 1910 Stallbau-

119 1922 218 1956 mius.

166 1990 246 2025 δεῖν
259 1986 367 2035 εἶναι]
393 1985 489 2024 εἶναι
500 1990 580 2024 δεῖν
597 1990 696 2024 Vind.
710 1990 782 2024 ΒΕ.

120 2037 203 2071 Ven.
231 2037 270 2070 B.
314 2038 393 2073 Vat.
430 2037 475 2071 H.
514 2037 607 2075 Flor.
641 2036 781 2070 ACTV.

119 2094 194 2116 cum
213 2083 313 2117 editis
337 2087 417 2116 ante
441 2083 647 2124 Bekkerum‚
666 2088 784 2116 tacen-

119 2129 210 2162 tibus
242 2129 284 2163 de
315 2129 396 2164 Par.
419 2129 464 2164 K.
489 2128 567 2174 Bip.
599 2129 678 2163 δεῖν
704 2129 783 2163 Vat.

165 2238 323 2287 ἐκείνου]
350 2241 414 2276 καὶ
438 2240 488 2276 ἔκ.
513 2243 599 2277 Lob.
626 2243 783 2278 Vind.F.

119 2287 199 2321 Vat.
224 2289 305 2322 ΒΜ.
335 2290 422 2324 Ven.
448 2289 489 2322 C.
513 2289 595 2323 Par.
610 2290 684 2324 DK.
714 2301 783 2325 sec.

117 2333 228 2368 Bekk.
250 2335 337 2379 Ang.
361 2335 402 2368 B.

117 2450 148 2485 V
164 2400 338 2482 ἔχοαέοςέ)
352 2402 407 2482 Ilta
419 2403 563 2485 XanVAi
586 2403 780 2484 gudhlfflij.

151 2461 203 2482 en.
269 2474 278 2482 .
341 2461 384 2483 a.
451 2475 459 2483 .
527 2463 548 2483 a
567 2476 574 2483 .
635 2475 643 2484 .
733 2463 780 2485 or.

116 2495 260 2529 ACTV.
301 2498 336 2528 et
379 2495 622 2530 Stallbaumius
663 2496 695 2530 in
729 2509 781 2542 pr.

117 2540 180 2575 καὶ
204 2538 351 2584 ἔχοντος
373 2541 497 2586 reliqui
519 2543 665 2585 codices,
682 2544 780 2578 Stob.

116 2587 192 2620 Fic.
227 2587 304 2621 Ald.
338 2587 417 2620 Bas.
449 2589 504 2622 ab.
541 2589 661 2633 Steph.
704 2589 778 2624 Ast.

115 2633 228 2668 Bekk.
271 2637 307 2666 et
349 2632 588 2668 Stallbaumius
628 2634 662 2668 in
707 2646 776 2670 sec.

114 2679 263 2724 priorem
310 2679 512 2714 sententiam
566 2680 617 2714 ita
660 2686 777 2715 retra-

115 2729 232 2759 ctans:
271 2725 387 2759 Nolim
411 2737 499 2760 nunc
530 2726 684 2759 voculam
715 2727 777 2760 da-

115 2782 232 2805 mnare
283 2771 476 2816 explicandi
526 2771 777 2816 significatione

115 2817 298 2862 positam.“
346 2817 401 2851 Ea
434 2829 518 2851 vero
547 2818 667 2851 vocula
691 2819 777 2852 scri-

115 2866 266 2908 ptorem,
290 2874 392 2909 quum
416 2863 467 2897 uti
491 2866 627 2909 posset,
651 2864 776 2898 noluis-

852 1035 889 1059 se
914 1024 963 1059 uti
986 1024 1120 1059 codices
1143 1036 1205 1058 nos
1225 1025 1359 1067 docent,
1375 1037 1519 1070 quorum

851 1071 909 1116 qui
935 1083 1010 1105 eam
1029 1071 1061 1104 h.
1074 1071 1096 1107 l.
1116 1071 1289 1113 exhibent,
1310 1072 1411 1106 iidem
1427 1070 1519 1113 sunt,

850 1117 908 1162 qui
933 1118 1072 1151 eandem
1101 1116 1137 1150 in
1162 1118 1315 1162 proximo
1340 1118 1429 1151 haud
1454 1118 1517 1151 du—

849 1162 907 1196 bie
929 1175 1112 1208 perperam
1135 1163 1287 1198 additam
1310 1163 1447 1198 habent.

897 1216 951 1262 ἐν]
978 1231 1043 1254 om.
1068 1221 1166 1254 Stob.
1188 1222 1296 1255 Gesn.

896 1262 1017 1310 αὐτῷ]
1037 1263 1099 1301 αὖ.
1123 1266 1210 1300 Lob.
1237 1265 1392 1302 vindAEt
1416 1265 1516 1300 Stob.

846 1311 1097 1393 gnopsafiagf.)
1123 1310 1203 1347 ἑαυ.
1227 1313 1329 1350 Vind.
1347 1311 1421 1347 ΒΕ.
1441 1312 1514 1345 Pal.

894 1410 1045 1460 firmem]
1080 1412 1206 1460 ἄρχειν
1237 1416 1336 1450 Stob.
1370 1415 1445 1449 cod.
1473 1415 1513 1448 B.

848 1456 976 1505 ἄρχον.
1025 1462 1102 1496 Ald.
1146 1463 1227 1496 Bas.
1277 1463 1332 1496 ab.
1377 1457 1515 1505 &oxom-

847 1508 968 1573 Steph.
994 1508 1068 1543 Ast.
1091 1520 1146 1553 pr.
1170 1520 1240 1542 sec.

894 1561 1074 1620 ω’σπερ-
1085 1563 1348 1621 ἀρχομένους]
1352 1575 1418 1598 om.
1440 1564 1514 1598 Pal.

845 1611 887 1647 A.
920 1623 972 1650 ως
1003 1615 1071 1647 etc.
1102 1614 1189 1656 Ang.
1212 1613 1254 1647 Β.
1286 1609 1377 1650 τοὺς
1404 1621 1512 1664 αρχο-

844 1656 981 1700 μένους
1005 1658 1145 1691 Ficinus
1166 1659 1210 1692 de
1232 1658 1379 1692 subditis
1403 1658 1512 1690 omni-

846 1705 908 1737 bus
931 1704 1179 1748 interpretatu-‘³
1203 1709 1267 1739 est.

893 1757 952 1803 ὂν]
978 1772 1043 1795 om.
1069 1762 1168 1796 Stob.

890 1804 1018 1851 αὐτῷ]
1063 1804 1125 1843 ocv’.
1167 1807 1252 1841 Lob.
1294 1807 1397 1843 Vind.
1437 1807 1511 1841 EF.

844 1849 923 1886 ἓαυ.
950 1853 1047 1886 Stob.

889 1897 1030 1941 ἔξωθεν
1079 1896 1311 1943 ἐφεστῶτος]
1361 1899 1510 1943 principi

841 1944 919 1978 huic
937 1947 1060 1979 saltem
1077 1947 1240 1979 exteriori
1257 1945 1412 1989 (subiici)
1432 1946 1505 1979 Fic.

839 1991 943 2033 „Non
979 1989 1186 2034 ἐφεστῶτος
1222 1992 1282 2025 sed
1313 1989 1503 2035 ἐφεστῶτα

841 2037 1005 2082 scriptum
1039 2039 1082 2071 ab
1128 2039 1201 2082 ipso
1246 2042 1366 2093 autore
1401 2037 1508 2071 fuisse

841 2083 1019 2125 existimo,
1039 2083 1252 2128 participium
1280 2082 1428 2127 ἔχοντος
1453 2095 1507 2117 re-

840 2130 913 2175 peti
937 2130 1085 2164 volente.
1090 2134 1114 2153 θ
1138 2129 1259 2174 steph.
1275 2134 1389 2162 annot.
1403 2141 1435 2173 p.
1448 2132 1505 2165 27.

840 2176 1080 2218 „scribendum
1106 2175 1305 2209 crediderim
1320 2173 1452 2231 ἔχοντι
1472 2180 1508 2208 et

840 2219 1026 2264 ἕφεστεόςε
1058 2225 1097 2255 ut
1120 2223 1292 2255 referatui
1316 2218 1435 2264 ἔχοντι
1463 2223 1506 2255 ad

840 2280 973 2310 παντι,
1014 2272 1051 2301 at
1083 2280 1157 2301 cum
1192 2265 1376 2310 ἐφεστώς,
1417 2268 1506 2301 sicut

840 2317 876 2347 et
909 2325 984 2347 cum
1021 2313 1180 2356 οἰκεῖον,
1213 2313 1427 2357 intelligatur
1458 2311 1504 2349 τὸ

839 2362 949 2394 θεῖον
995 2359 1060 2394 καὶ
1111 2357 1344 2403 φρόνιμον.“
1412 2360 1503 2394 idem

838 2406 1040 2441 schediasm.
1082 2405 1125 2439 L.
1159 2406 1187 2439 I.
1234 2417 1268 2450 p.
1299 2404 1352 2440 14.
1420 2406 1503 2440 Non

838 2463 957 2486 sensus
983 2453 1099 2485 horum
1123 2452 1318 2492 verborum,
1337 2452 1398 2485 sed
1422 2464 1501 2486 con-

838 2498 982 2532 suetudo
1006 2497 1167 2542 loquendi
1190 2500 1225 2530 et
1240 2497 1379 2542 genitivi
1400 2499 1501 2531 abso—

837 2544 902 2578 luti
926 2555 1006 2578 usus
1030 2544 1242 2589 Stephanum
1266 2543 1320 2577 hic
1344 2548 1384 2577 nt
1407 2545 1501 2586 alibi,

838 2603 868 2623 e.
894 2602 925 2624 c.
949 2602 981 2635 p.
1007 2590 1085 2624 586.
1107 2590 1172 2632 D.‚
1196 2590 1296 2634 sugit.
1348 2590 1402 2624 Cf.
1421 2591 1496 2625 Vol.

834 2636 880 2670 II.
906 2648 939 2681 p.
970 2636 1061 2677 345,
1092 2647 1122 2670 a.
1179 2635 1353 2671 Notabilis
1385 2639 1496 2669 autem

835 2682 891 2715 hic
918 2682 1011 2715 locus
1045 2693 1084 2715 eo
1110 2684 1174 2723 est,
1199 2683 1288 2727 quod
1313 2682 1417 2716 semel
1441 2694 1497 2715 re-

835 2730 954 2773 ceptus
988 2739 1051 2772 pro
1083 2728 1200 2762 dativo
1225 2728 1399 2773 genitivus
1428 2727 1496 2762 ite-

832 2785 906 2808 rum
939 2774 1046 2808 veluti
1078 2785 1140 2818 per
1171 2775 1412 2808 attractionem
1437 2785 1497 2808 ac-

833 2819 978 2854 cusativi
1005 2819 1080 2853 loco
1113 2820 1244 2864 positus
1272 2820 1337 2854 alio
1361 2820 1417 2854 hic
1441 2824 1494 2854 at-

832 2877 899 2911 que
921 2865 991 2899 illic
1010 2866 1169 2910 pertinet.
