1764 3176
628 698 871 739 ΛΟΓΟΣ
931 698 1281 739 ΛΕΚΑΤΟΣ.

173 872 241 907 595
267 849 373 909 Καὶ
402 866 506 922 μὴν,
545 860 599 921 ἦν
630 865 675 909 δ’
705 865 813 921 ἐγώ,
843 865 985 909 πολλοὶ
1017 866 1095 921 μὲν
1125 865 1198 908 καὶ
1235 864 1344 908 ἄλλα
1374 865 1472 918 περὶ
1503 863 1712 920 αὐτῆςὸῌ

265 935 428 987 ἐννοῶ,
469 931 528 984 οἷς
565 933 730 985 παντὸς
777 933 863 989 ἄρα
903 938 1071 990 μᾶλλον
1117 932 1266 988 ὀρθῶς
1310 931 1519 990 ᾠκίζομεν
1567 933 1648 989 τὴν

265 1002 416 1054 πόλιν,
457 1001 537 1057 οὐχ
565 1001 721 1057 ἥκιστα
762 1003 807 1046 δὲ
848 1002 1114 1058 ἐνθυμηθεὶς
1143 1002 1241 1056 περὶ
1278 1002 1494 1058 ποιήσεως
1523 1001 1647 1057 λέγω.

271 1071 330 1115 Τό
371 1075 525 1121 ποῖονς
557 1071 654 1128 ἔφη.

266 1137 484 1196 μιμητική.

721 1073 779 1115 Τὸ
819 1073 997 1127 μηδαμῇ
1040 1070 1363 1126 παραδέχεσθαι
1402 1069 1535 1126 αὐτῆς
1565 1068 1647 1126 ὅση

543 1140 707 1190 παντὸς
743 1139 827 1195 γὰρ
869 1143 1035 1194 μᾶλλον
1066 1137 1120 1182 οὐ
1150 1138 1421 1193 παραδεκτέα
1458 1142 1544 1182 νῦν
1573 1138 1656 1181 καὶ

207 1215 241 1257 Β
268 1206 601 1263 ἐναργέστερον,
641 1205 700 1258 ὥς
740 1207 834 1263 ἐμοὶ
875 1207 1016 1259 δοκεῖ,
1057 1208 1284 1262 φαίνεται,
1330 1206 1475 1263 ἐπειδὴ
1516 1207 1648 1263 χωρὶς

265 1274 425 1319 ἕκαστα
464 1272 665 1332 διῄρηται
697 1275 750 1318 τὰ
778 1279 852 1332 τῆς
888 1279 1029 1332 ψυχῆς
1059 1276 1167 1331 εἴδη.

312 1456 514 1498 Πλάτωνος
532 1457 730 1492 πολιτειῶν
742 1483 751 1500 ,
764 1483 773 1491 .
786 1455 821 1491 ι’.
842 1457 927 1492 Lob.

215 1501 217 1504 Α
265 1503 467 1545 Πλάτωνος
495 1505 692 1538 πολιτειῶν
727 1501 835 1547 λόγος
868 1502 928 1537 δέ-

174 2180 241 2217 595

261 1563 373 1591 κατος
392 1552 484 1585 Flor.
507 1552 578 1584 AC.
603 1551 800 1584 πολιτειῶν
821 1547 928 1593 λόγος

263 1596 418 1637 δέκατος
446 1597 545 1632 Vind.
565 1597 604 1629 B.
632 1594 834 1635 Πλάτωνος
859 1608 926 1629 πο-

263 1646 394 1678 λιτεῐαι
428 1639 451 1687 ἢ
481 1641 565 1686 περὶ
595 1643 742 1677 δικαίου
772 1639 925 1681 δέκατος

263 1690 358 1723 Flor.
400 1690 440 1724 V.
494 1686 696 1728 Πλατωνος
729 1687 925 1722 πολιτειῶν

264 1733 421 1778 δεκατηε
447 1735 539 1768 Mon.
565 1735 603 1767 B.
629 1735 721 1767 Flor.
746 1734 791 1767 U.
824 1731 924 1767 Πλά-

263 1793 380 1820 τωνος
393 1781 579 1820 πολιτείας
595 1778 618 1813 ι’
633 1793 642 1813 .·
670 1780 820 1814 V1nd.F.
832 1780 924 1812 Flor

264 1827 308 1861 R.
334 1831 365 1860 ῐ.
398 1826 494 1860 Vind.
517 1827 558 1861 E.
594 1823 795 1864 Πλάτωνος
821 1827 927 1858 πολι-

264 1873 393 1914 τειῶν,
417 1867 441 1915 ἢ
463 1871 546 1916 περὶ
564 1872 710 1905 δικαίου
735 1869 842 1914 λόγος
865 1868 924 1904 δέ·

265 1930 387 1958 κατ-ος.
413 1918 489 1951 Ald.
524 1919 603 1951 Bas.
639 1919 692 1952 ab.
728 1918 828 1959 (haec
851 1917 925 1950 sine

266 1964 491 2008 accentibus.)
518 1963 813 1998 ΠΟΛΙΤΕΙΩΝ
824 1964 924 1995 ΔΙΑ-

267 2010 449 2045 ΛΟΓΟΣ
491 2007 656 2048 δέκατος.
711 2009 830 2053 steph.
881 2008 924 2042 Θ.

266 2056 416 2090 Bekkeri
439 2056 628 2100 typotheta‚
651 2054 768 2089 Astius
792 2055 828 2088 in
844 2057 927 2088 tert.

268 2108 303 2136 et
327 2102 567 2136 Stallbaumius
590 2102 623 2134 in
642 2113 695 2146 pr.

313 2171 401 2215 Καὶ]
426 2170 464 2204 αὶ
480 2170 580 2205 vind.
591 2170 634 2203 Ε.
659 2169 750 2202 Mon.
763 2169 803 2202 C.
831 2169 926 2202 Haec

265 2229 373 2271 usque
399 2217 440 2251 ad
466 2216 689 2269 qacclvez-mss:
714 2216 829 2249 laudat
840 2216 926 2248 Pro-

264 2265 335 2298 clus
359 2264 393 2296 in
419 2263 494 2296 Civ.
520 2275 554 2307 p.
574 2262 653 2296 404.
674 2261 734 2294 inf.

309 2318 396 2364 μὲν]
432 2333 495 2354 om.
529 2319 623 2353 Mon.
655 2318 694 2353 Β.
733 2319 811 2352 Par.
847 2318 923 2352 DK.

262 2367 360 2401 Flor.
384 2367 428 2402 U.

308 2422 371 2457 καὶ
393 2419 499 2467 ἅλλα]
525 2418 667 2456 καᾶλλα
692 2421 792 2455 Vind.
815 2422 855 2456 F.

310 2478 377 2523 οὐχ
407 2477 562 2523 ἥκιστα]
593 2477 794 2523 ου’χήκιστα
822 2479 921 2514 Vind.

264 2527 336 2561 ΒΕ.
370 2527 461 2560 Mon.
499 2526 568 2558 ssC.
602 2526 765 2559 Timaeus
797 2525 861 2559 lex.
885 2536 921 2580 p

264 2575 351 2608 201.
379 2584 444 2615 ουχ
474 2568 624 2627 η’·,ξιστα
650 2569 696 2605 ου’
724 2569 835 2604 πάνυ.
871 2583 921 2609 ως

267 2616 483 2672 Πορφύριος
505 2615 542 2650 έν
562 2617 640 2662 τῷ
629 2616 730 2672 πρὸς
741 2614 829 2656 τοὺς
844 2613 919 2650 ἀπὸ

266 2666 334 2699 τοῦ
356 2665 424 2698 νοῦ
447 2663 687 2718 χωρίζοντας
693 2660 735 2697 τὸ
759 2661 919 2717 νοητόν·

267 2708 514 2763 διενεχθέντες
547 2706 584 2742 δὲ
616 2706 710 2764 πρὸς
744 2706 922 2752 ἀλλήλους

266 2755 308 2791 τὸ
328 2752 563 2801 παρηγμένον
582 2751 708 2788 αὐτῶν
725 2754 792 2798 τῆς
810 2753 921 2798 δόξης

1230 1278 1335 1327 Πῶς
1374 1276 1508 1332 λέγεις
1520 1292 1532 1326 3
1567 1272 1647 1326 Ὡις

984 1453 1220 1538 fflss'zifizz‘
1230 1455 1646 1558 δῖἓῖξοπῖζίἶζῖῖῖἑῗ

983 1562 1050 1584 νον
1079 1551 1318 1604 scribendum,
1353 1550 1388 1584 in
1424 1553 1538 1595 glossa
1569 1550 1646 1595 ipsa

981 1608 1064 1630 vero
1090 1593 1136 1630 ου’
1162 1597 1339 1630 delendum
1362 1608 1438 1630 esse
1463 1595 1645 1650 probabili-

981 1645 1036 1675 ter
1061 1644 1203 1683 censet.)
1249 1642 1374 1676 Moeris
1399 1654 1432 1697 p.
1459 1644 1547 1677 281:
1564 1637 1644 1697 οὐχ

979 1684 1132 1732 ἥκιστα,
1157 1685 1330 1728 Ἀττικως.
1367 1686 1544 1732 μάλιστα,
1564 1684 1644 1722 Ελ-

981 1735 1146 1778 ληνικῶς.

1027 1779 1111 1823 περὶ
1129 1777 1325 1823 ποιήσεως]
1343 1790 1467 1823 περιπ.
1487 1779 1586 1813 Vind.
1601 1779 1643 1813 Ε.

1028 1825 1128 1869 λέγω.
1184 1824 1235 1860 Τὸ
1267 1828 1403 1867 ποῖον;
1434 1824 1519 1870 ἔφη.
1531 1827 1543 1870 ]
1576 1837 1643 1861 om.

980 1871 1133 1906 Proclus.

1025 1927 1188 1972 μηδαμῇ]
1212 1925 1362 1971 μηδαμῆ
1389 1927 1490 1963 Vind·
1507 1928 1550 1964 F·
1573 1939 1641 1971 μη·

982 1973 1079 2017 δαμῆ
1106 1974 1225 2016 Steph.
1251 1975 1325 2006 Ast.
1351 1985 1401 2018 pr.
1426 1985 1494 2006 sec.

1026 2017 1306 2062 παραδέχεσθαι
1317 2019 1329 2062 ]
1410 2016 1640 2063 παρέχεσθαι

981 2065 1176 2156 ζοῑέὲὲἃὲ..
1195 2065 1244 2098 Μ.
1289 2064 1486 2110 Respicitur
1511 2067 1550 2098 L.
1570 2065 1634 2098 ΙΙΙ.

1026 2166 1179 2211 παντὸς]
1206 2166 1357 2207 παντώς
1379 2167 1533 2201 Procius.

1027 2223 1274 2270 παραδεκτέα]
1284 2222 1536 2269 παραδεκτέον
1552 2224 1640 2258 idem

982 2276 1016 2304 et
1054 2272 1152 2306 Vind.
1176 2272 1248 2305 ΒΕ.
1285 2272 1376 2305 Mon.
1411 2273 1450 2305 C.
1489 2271 1569 2306 Vat.
1593 2270 1638 2305 Η.

982 2317 1073 2352 Flor.
1096 2318 1234 2351 ACTV.

1028 2375 1117 2418 νῦν]
1150 2375 1241 2418 νῦν,
1266 2375 1389 2409 Stallb.
1422 2383 1489 2408 sec.
1515 2384 1639 2418 perpe-

980 2432 1063 2455 ram.
1097 2419 1180 2462 καὶ,
1204 2422 1292 2465 quod
1317 2419 1493 2466 sequitur,
1517 2420 1637 2462 etiam,

981 2479 1045 2500 non
1071 2467 1172 2510 idque
1195 2468 1376 2510 significat.

1025 2509 1117 2555 ἐμοὶ]
1143 2524 1206 2555 μοι
1231 2514 1382 2546 Proclus.

1023 2558 1237 2603 mainz-aq.-
1263 2559 1447 2602 φαίνεται.
1471 2556 1571 2590 Vind.
1592 2556 1636 2591 F.
1665 2553 1701 2594 B

1021 2611 1082 2654 Ὡς
1100 2627 1165 2658 μεν
1196 2636 1221 2640 -
1246 2613 1354 2649 Πάνυ
1369 2627 1435 2658 μεν
1450 2614 1531 2656 οὐν,
1551 2611 1632 2657 ἔφη.

979 2661 1041 2706 C.]
1081 2661 1194 2694 laudat
1230 2661 1397 2695 Eusebius
1429 2673 1546 2705 praep.
1580 2672 1632 2693 ev.

978 2707 1018 2742 L.
1049 2708 1128 2741 XII.
1162 2719 1196 2752 p.
1227 2709 1305 2742 3152.
1339 2719 1447 2752 usque
1479 2707 1521 2739 ad
1553 2705 1631 2738 δια-

976 2753 1081 2793 νοίας
1104 2753 1243 2787 Proclus
1260 2753 1293 2786 in
1318 2753 1393 2787 Civ.
1419 2765 1451 2797 p.
1464 2752 1541 2787 405.
1556 2763 1629 2796 sup.
