1764 3176
258 114 342 154 168

704 108 1174 152 PLATONIS

258 219 315 263 ἄν
342 236 396 276 τῃ
424 217 636 276 ἐπιστήμῃ
666 219 740 262 καὶ
769 219 884 279 λόγῳ
911 220 1118 276 ἑπόμεναι
1137 219 1210 262 καὶ
1236 218 1341 274 μετὰ
1367 216 1539 262 τούτων
1560 216 1636 269 τὰς

255 286 423 345 ηδονοὶς
445 284 740 339 διώκουσαι,
720 286 770 339 οἷς
791 286 847 331 α“ν
867 287 916 331 τό
931 286 1150 343 φρόνιμον
1172 287 1384 367 ἐξηγῆται,
1407 283 1637 341 λαμβάνω-

259 367 318 406 σι,
348 353 425 404 τάς
447 352 742 410 ἀληθεστάτας
761 371 805 399 τε
826 355 1053 412 λήψονται,
1078 353 1136 406 ὥς
1165 352 1262 398 οἷόν
1282 371 1327 398 τε
1357 353 1510 406 αὐταῖς
1540 353 1638 438 άλη-

259 426 355 472 θεῖς
386 424 551 477 λαβεῖν,
581 421 655 466 ἅτε
685 420 871 481 άληθείᾳ
900 424 1137 480 επομένων,
1168 423 1241 466 καὶ
1268 440 1347 474 τας
1376 439 1546 466 εαυτων
1577 423 1639 466 οἰ-
1697 470 1705 478 ⁴.

197 485 231 526 Ε
261 490 401 540 κείας,
432 490 550 543 εἴπερ
584 489 633 534 τό
673 490 899 547 βέλτιστον
932 491 1121 549 ἑκάστῳ,
1151 495 1284 534 τοῦτο
1328 491 1401 534 καὶ
1430 489 1640 534 οἰκειότα-

260 573 363 606 τῡνὶ
409 554 533 600 Ἀλλά
564 557 674 614 μὴν,
721 558 829 614 ἔφη,
869 558 1139 603 οἰκειότατόν
1177 574 1238 613 γε.

1304 562 1376 616 Τῷ
1407 557 1640 615 φιλοσόφῳ

261 624 347 678 ἄρα
376 622 588 680 ἑπομένης
627 625 797 681 ἁπάσης
834 631 910 683 τῆς
939 632 1079 683 ψυχῆς
1116 628 1190 670 καὶ
1229 625 1287 682 μή
1328 625 1644 682 στασιαζούσης

262 692 428 750 ἑκάστῳ
460 696 522 750 τῷ
551 693 669 748 μέρει
699 692 886 748 ὑπάρχει
916 696 975 745 εἴς
1003 711 1047 737 τε
1077 691 1212 738 τᾶλλα
1240 695 1293 737 τὰ
1324 694 1484 739 ἑαυτοῦ
1511 692 1644 748 πράτ-

260 777 350 804 τειν
380 760 453 804 καὶ
488 762 642 818 δικαίῳ
674 759 807 811 εἶναι,
837 762 912 805 καὶ
950 762 1002 819 δὴ
1033 763 1106 805 καὶ
1135 763 1211 813 τάς
1241 761 1408 818 ἡδονάς
1441 762 1516 813 τάς
1545 761 1643 806 ἑαυ-

172 842 241 876 587
265 832 346 872 τοῦ
376 828 561 871 ἕκαστον
599 829 674 871 καὶ
709 829 786 880 τὰς
817 831 1038 885 βελτίστας
1068 830 1140 873 καὶ
1180 831 1239 880 εἰς
1267 829 1315 874 τό
1348 828 1541 872 δυνατὸν
1568 828 1646 880 τὰς

265 895 562 952 ἀληθεστάτας
591 901 887 951 καρποῦσθαι,

947 899 1123 954 Κομιδῇ
1161 897 1240 952 μὲν
1280 891 1374 940 οὗν.

1422 896 1560 940 ““Ὀταν
1598 896 1645 940 δὲ

265 963 351 1019 ἄρα
389 968 479 1008 τῶν
510 963 668 1019 ἑτέρων
702 982 743 1008 τι
787 962 1004 1021 κρατήσῃ,
1044 963 1227 1020 ὑπάρχει
1269 964 1393 1023 αὐτῷ
1426 963 1529 1020 μήτε
1567 963 1647 1021 τὴν

264 1032 425 1076 ἑαυτοῦ
458 1031 624 1088 ἡδονὴν
654 1033 914 1087 ἐξευρίσκειν
942 1031 996 1075 τά
1022 1049 1066 1076 τε
1097 1030 1207 1076 ἄλλα
1238 1031 1495 1089 άναγκάζειν
1524 1030 1647 1076 άλλο-

265 1101 394 1154 τρίαν
433 1100 507 1143 καὶ
552 1100 610 1156 μὴ
652 1098 796 1158 ἀληθῆ
837 1099 1007 1156 ἡδονὴν
1050 1099 1239 1144 διώκειν.

1332 1101 1482 1152 Οὕτως
1495 1134 1506 1153 ,
1547 1101 1647 1158 ἔφη.

274 1165 455 1212 Οὐκοῦν
492 1166 520 1210 ἃ
549 1173 752 1213 πλεῖστον
779 1170 1050 1226 φιλοσοφίας
1080 1184 1124 1212 τε
1154 1169 1227 1212 καὶ
1256 1168 1392 1225 λόγου
1422 1169 1651 1226 ἀφέστηκε,

268 1321 304 1351 te
328 1317 491 1357 distinnui
515 1323 551 1352 et
575 1330 729 1352 seorsum
752 1319 834 1375 poni
852 1331 931 1375 pos-

268 1369 356 1398 sent.
403 1364 526 1421 Itaque
566 1376 633 1399 non
669 1363 709 1398 αἱ
742 1377 830 1407 μεν,
870 1378 931 1421 αν,

267 1410 330 1444 sed
363 1415 422 1443 aut
455 1408 502 1443 ἂν
534 1422 601 1453 μεν
636 1416 696 1445 aut
720 1410 761 1444 αι
794 1423 860 1455 μεν
885 1407 933 1445 ἂν

268 1456 483 1490 scribendum
505 1460 589 1490 erat.
639 1456 793 1497 Quorum
817 1461 935 1502 poste-

269 1503 341 1536 rius
365 1503 408 1536 ab
432 1502 543 1544 Astio‚
566 1508 606 1536 ut
629 1503 710 1543 dixi,
732 1504 768 1536 in
793 1515 861 1537 sec.
879 1508 935 1536 ta-

269 1548 337 1581 cito
381 1547 575 1582 restitutum
629 1560 650 1582 a
692 1529 850 1583 1⁹3ekkero
901 1552 936 1582 et

270 1593 497 1627 Stallbaumio
530 1594 610 1628 item
645 1595 750 1629 tacito
779 1607 937 1641 compro—

269 1640 388 1674 batum
412 1642 477 1674 est.

321 1694 382 1751 ἂν]
408 1709 472 1731 om.
498 1697 582 1731 Lob.
616 1698 693 1731 Vat
720 1697 798 1733 ΒΜ.

320 1741 430 1799 λόγῳ]
455 1742 507 1776 τῶ
533 1744 561 1776 λ.
590 1743 690 1777 Vind.
715 1745 758 1777 Ε.

321 1785 367 1828 ἃς
387 1787 449 1831 ἂν]
475 1785 521 1821 ἂν
541 1789 936 1835 om.xi11d.F.Ang.B.

322 1832 508 1889 ἐξηγῆται]
535 1831 716 1878 ἐξηγεῖται
739 1835 854 1868 iidem.

325 1878 550 1925 λαμβάνωσι]
579 1879 734 1925 λαμβάν
739 1892 813 1915 >vm
839 1881 939 1916 Vind.

277 1928 318 1961 Β.
344 1928 423 1961 Par.
449 1927 492 1962 D.
517 1935 663 1960 etam.
688 1938 715 1959 5.
740 1929 781 1960 Α.

327 1970 496 2029 ἀληθεῖς]
523 1969 689 2028 ἄληθες
686 1973 771 2006 Lob.
800 1973 879 2007 Vat.
892 1973 940 2006 Μ.

328 2016 540 2073 επομένων]
575 2016 742 2061 επομένω
776 2019 874 2052 Vind.
899 2019 940 2052 F.

281 2062 566 2108 ἓπομέναςΜοῐι.
578 2065 617 2098 Β.
632 2062 795 2107 επόμενα
805 2067 890 2107 Ang.
898 2065 940 2098 Β.

282 2109 460 2154 ἑπόμεναι
480 2111 600 2155 Steph.
630 2112 702 2144 Ast.
721 2122 775 2155 pr.
826 2111 882 2145 Cf.
909 2123 942 2156 p.

281 2158 482 2246 593ίκ1ἔίας]
509 2201 629 2241 οἰκίας
653 2202 736 2236 Lob.

223 2248 257 2288 E
328 2258 468 2302 τοῦτο]
493 2256 614 2293 τούτω
640 2259 739 2294 Vind.
763 2259 806 2293 F.
830 2259 944 2294 τοῦτο

282 2317 347 2339 non
370 2305 443 2339 sine
462 2305 495 2338 vi
514 2305 665 2338 additum
679 2310 742 2338 est.
767 2305 827 2338 Sic
843 2317 947 2361 supra

282 2364 316 2396 p.
336 2352 416 2386 582.
434 2352 481 2384 B:
501 2351 557 2406 τῷ
584 2349 623 2384 δε
643 2351 885 2405 φιλοκερδεῖ’
870 2352 945 2395 όπη

282 2394 426 2451 πέφυκε
467 2394 515 2430 τὰ
566 2393 660 2431 ὄντα
699 2394 946 2452 μανθάνοντι,

283 2443 351 2499 τῆς
371 2439 520 2497 ἡδονῆς
536 2441 694 2497 ταύτης,
722 2455 772 2482 ως
798 2441 946 2486 γλυκεῖά

285 2486 395 2529 ἐστιν,
410 2485 478 2522 οὐκ
497 2485 638 2533 ἀνάγκη
659 2487 848 2543 γεύεσθαι.
861 2490 946 2534 Leg.

288 2535 328 2568 L.
348 2534 395 2567 II.
421 2546 454 2578 p.
473 2535 602 2568 657.
616 2535 716 2569 ,δεῖ
735 2547 804 2579 γαρ
833 2535 879 2580 δὴ
902 2556 947 2560 —-

287 2579 356 2615 τὸν
381 2579 574 2620 πλείστους
600 2580 664 2614 καὶ
689 2580 847 2635 μάλιστα
871 2582 949 2625 χαί·

287 2637 364 2671 ρειν
391 2626 594 2667 ποιοῦντα,
627 2628 762 2661 τοῦτον
791 2624 950 2683 μάλιστα

288 2672 481 2726 τιμασθαι.
514 2672 559 2707 ib.
584 2673 626 2706 V.
651 2675 728 2708 729
752 2677 801 2707 Α·
826 2670 849 2717 ἡ
866 2672 950 2729 γὰρ

289 2718 364 2751 τῶν
397 2715 492 2752 νέων
540 2716 788 2758 ἀκολάκευτος
829 2716 951 2761 οὐσία,

290 2764 365 2798 τῶν
399 2761 440 2798 δ’
477 2760 688 2808 ἀναγκαίων
726 2764 776 2808 μὴ
812 2764 952 2810 ἐνδεὴς,

991 1315 1087 1376 αὕτη
1105 1319 1235 1353 πασῶν
1252 1317 1508 1363 μουσικωτάτη
1530 1331 1569 1353 τε
1588 1319 1652 1354 καὶ

992 1364 1135 1421 αρίστη.
1171 1366 1256 1399 Phil.
1282 1378 1314 1410 p.
1336 1368 1387 1401 12.
1407 1366 1458 1399 E:
1483 1366 1564 1405 πῶς
1580 1363 1651 1420 γὰρ

990 1409 1110 1456 ἡδονή
1134 1423 1172 1453 γε
1200 1408 1321 1456 ἡδονῇ
1349 1409 1400 1455 μὴ
1427 1423 1494 1454 ουχ
1524 1408 1653 1467 ὁμοιό-

991 1470 1106 1492 τατον
1127 1455 1174 1491 ὂὶν
1197 1457 1275 1501 ειή,
1299 1458 1412 1491 τοῦτο
1443 1455 1537 1491 αὐτὸ
1569 1469 1654 1491 εαυ-

992 1504 1064 1549 τῷ,
1099 1502 1250 1537 πάντων
1281 1501 1500 1557 χρημάτων,·
1534 1504 1655 1557 Itaque

992 1551 1064 1584 sine
1074 1550 1205 1583 ratione
1214 1549 1344 1582 Astius
1334 1561 1370 1582 ιη
1379 1555 1432 1582 tex
1435 1554 1459 1583 t.
1469 1549 1656 1593 proximum

994 1594 1037 1630 τὸ
1067 1600 1145 1629 ante
1163 1593 1377 1640 βέλτιστον
1368 1607 1402 1628 m
1425 1590 1445 1628 ὃ
1464 1596 1656 1628 mut-undum

995 1642 1254 1686 suspicabatm,
1286 1652 1487 1685 quamquam
1518 1641 1657 1674 Ficinus

995 1689 1084 1733 quod
1109 1689 1227 1732 cuique
1252 1688 1417 1731 optimum
1439 1687 1486 1720 ibi
1507 1687 1634 1732 posuit.

1042 1741 1272 1779 οἰκειότατον
1284 1745 1310 1788 3]
1326 1741 1568 1778 οἰκειότατον.
1578 1744 1656 1778 Ald.

995 1791 1116 1835 Steph.
1147 1791 1204 1834 qui
1237 1791 1349 1835 paullo
1383 1795 1462 1824 ante
1494 1796 1570 1835 post
1603 1790 1657 1824 ol·

996 1837 1097 1876 κείας
1116 1836 1350 1891 interrogandi
1378 1840 1492 1869 notam
1516 1837 1610 1870 fecit.

1045 1880 1204 1926 ἁπάσης]
1233 1880 1372 1925 ἕπάσης
1397 1883 1475 1915 Bas.
1503 1883 1535 1915 b.

1045 1929 1124 1973 τῆς]
1151 1940 1215 1961 om.
1243 1929 1320 1961 Vat.
1346 1928 1394 1961 Μ.

1046 1974 1099 2013 εἴς
1128 1985 1167 2007 τε
1196 1986 1240 2007 τα
1233 1974 1324 2017 ’λλα]
1351 1985 1414 2006 om.
1438 1972 1510 2005 Fic.
1537 1991 1583 1996 -—
1613 1985 1660 2006 τα

1000 2016 1094 2053 ἄλλα
1116 2019 1215 2053 Vind.
1237 2020 1276 2053 Ε.
1304 2038 1351 2043 -
1376 2014 1470 2051 άλλα
1491 2017 1593 2052 Vind.
1614 2019 1658 2052 F.

999 2085 1045 2091 —
1064 2061 1179 2098 τάλλα
1201 2065 1303 2098 Vind.
1321 2065 1363 2097 B.
1388 2064 1509 2108 steph.
1529 2065 1603 2098 Ast.

1046 2111 1207 2155 Κομιδῇ]
1232 2109 1363 2154 κομιδὴ
1388 2110 1489 2145 Vind.
1509 2110 1553 2146 F.
1581 2111 1729 2149 Iso-587

1001 2158 1089 2213 μιδῆ
1114 2158 1188 2190 Ald.
1217 2158 1293 2191 Bas.
1319 2158 1372 2191 ab.
1397 2157 1516 2201 Steph.

1040 2199 1202 2246 ‘'Ovav]
1202 2199 1312 2237 Όσαν
1335 2203 1417 2237 Bas.
1440 2203 1472 2236 b.

1049 2248 1234 2294 κρατήσῃ]
1277 2246 1451 2293 κρατήσει
1484 2248 1586 2283 Vind.
1622 2249 1664 2283 F.

1003 2296 1097 2330 Flor.
1114 2296 1187 2328 Ac.

1049 2350 1209 2396 ὑπάρχει
1220 2349 1338 2399 αὐτῷ]
1361 2352 1398 2385 id
1410 2351 1569 2396 protinus
1587 2363 1665 2386 eve-

1004 2401 1056 2434 m‘t
1080 2399 1156 2432 Fic.

1051 2441 1157 2488 ἄλλα]
1188 2441 1271 2479 ἄλλ’
1297 2444 1396 2480 Vind.
1416 2443 1489 2478 ΒΕ.
1513 2443 1594 2478 Vat.
1618 2443 1662 2476 Η.

1003 2492 1097 2525 Flor.
1125 2491 1196 2526 AC.

1053 2533 1261 2593 ἀλλοτρίαν]
1290 2534 1421 2579 άλλοτρ
1425 2536 1464 2570 ία
1490 2534 1587 2569 Vind.
1601 2535 1643 2568 F.

1053 2580 1193 2637 άληθη]
1221 2581 1368 2639 άληθὴν
1392 2581 1492 2615 Vind.
1514 2580 1555 2615 Ε.

1055 2624 1078 2662 ἃ
1096 2631 1282 2674 πλεῖστον]
1312 2627 1501 2672 ἄπληστον
1525 2627 1603 2660 Par.
1621 2626 1665 2660 K.

1007 2687 1075 2708 sec.
1102 2676 1211 2709 Bekk.
1235 2681 1270 2709 et
1299 2688 1320 2709 a
1344 2687 1386 2709 111.
1410 2685 1462 2719 pr.
1486 2673 1529 2706 D.

1054 2719 1206 2763 μάλιστ’
1220 2723 1229 2763 1
1292 2722 1346 2755 Ita
1411 2719 1478 2753 mei
1535 2717 1667 2751 codices

1010 2778 1124 2801 omnes
1148 2775 1182 2802 et
1199 2767 1400 2810 morentini,
1423 2776 1508 2810 quos
1531 2767 1667 2798 secutus
