1764 3176
625 118 717 167 pag.
750 116 944 158 28—55.
1486 110 1540 150 65

34 232 125 281 Pag.
157 230 226 281 45,
251 244 287 280 a,
309 229 335 269 8
364 245 385 268 a
416 230 442 266 f.
471 233 558 280 post
588 229 677 267 Par.
707 229 763 266 A.
785 229 947 266 inseras:
979 226 1020 277 (a
1049 239 1096 264 m.
1128 225 1327 263 recentiori
1355 224 1448 273 Dii.)

254 288 292 338 b,
318 289 368 327 16
396 300 419 324 a
448 287 473 325 f.
499 286 636 324 addas:
665 286 785 323 Etiam
814 284 1059 334 Thucydides
1087 281 1131 321 L.
1164 283 1195 320 I.
1225 295 1256 320 c.
1282 281 1372 330 13‚2
1404 293 1540 318 secun-

312 343 400 380 dnm
429 343 581 380 codices
614 355 687 379 non
719 343 1053 393 ναυπηγηθῆναι,
1081 339 1148 376 sed
1177 338 1540 389 ἐννανπηγηθῆναι

312 399 510 450 scripsisse
547 399 813 436 existimandus
853 402 925 435 est.
978 397 1100 447 Atque
1142 396 1262 446 ipsum
1299 393 1541 445 ἐνενρίσκειν

312 455 496 506 probabili
546 455 762 492 coniectura
814 454 1012 492 Dobraeus
1063 452 1254 490 adiudicat
1299 451 1540 500 Aristophani

312 512 472 552 Acharn.
499 511 609 551 1037
629 511 755 562 (1001
780 511 918 560 Bekk)
945 510 1006 546 ubi
1024 509 1106 547 libri
1129 508 1268 546 habent
1294 505 1397 558 ἁνήρ
1422 503 1542 546 ἀνεύ-

313 565 434 619 ρηκὲν
472 583 508 607 τι
547 571 633 615 ταῖς
672 568 909 608 σπονδαῖσιν
948 563 1041 617 ήὸύ.
1092 565 1241 603 Platoni
1278 569 1403 602 tamen
1442 563 1539 600 haul

312 625 390 661 scio
430 636 478 661 an
515 619 695 675 εὑρήσεις
733 624 944 694 relinquere
981 626 1154 673 praestet
1188 625 1349 672 propter
1379 632 1542 669 sequens

313 676 505 729 ἐνούσας,
552 685 590 717 et
636 682 737 730 qnod
774 680 815 720 ἐν
849 681 885 716 in
923 679 1008 719 Par.
1049 678 1095 716 A.
1134 679 1321 716 recentius
1361 678 1542 722 additum,

314 735 555 788 ἓνευρίσκειν
586 741 724 786 autem,
748 742 787 775 ut
817 736 956 773 Hasius
984 736 1020 773 in
1051 735 1184 785 Steph.
1217 734 1335 773 Thes.
1367 733 1449 771 Vol.
1480 732 1543 770 ΙΙΙ.

314 807 351 845 p.
385 793 508 834 1071.
532 792 582 829 D.
609 793 753 842 docuit,
780 793 1005 844 posterioris
1029 792 1162 830 aetatis
1183 790 1428 843 scriptoribus
1452 789 1543 826 satis

315 850 491 888 usitatum
522 854 592 887 est.

315 907 365 946 15
396 920 418 944 a
445 906 470 947 f.
496 910 585 957 post
612 901 821 959 τάλλότρια
851 909 888 944 et
918 918 951 942 v.
984 905 1048 944 ult.
1079 908 1168 956 post
1197 899 1258 956 ἄρ’
1286 904 1429 941 inseras
1459 901 1543 938 Par.

319 969 362 1003 A.
395 961 469 1002 Dii.

41 1020 135 1071 Pag.
164 1018 231 1068 46,
259 1020 295 1069 b,
320 1021 340 1059 1
372 1013 511 1057 addas·
543 1018 732 1069 (additum
759 1019 806 1056 ab
838 1019 969 1056 eadem
1000 1030 1047 1057 m.
1081 1017 1193 1055 habet
1218 1016 1312 1066 Dii.)

316 1078 340 1115 7
370 1088 392 1112 a
423 1075 450 1115 s.
484 1081 572 1126 post
602 1071 652 1114 ι”ν
679 1075 841 1113 inseras:
872 1075 957 1113 Par.
987 1075 1031 1111 A.
1064 1074 1138 1114 Dii

42 1133 135 1184 Pag.
163 1132 230 1183 47,
259 1134 296 1183 b,
317 1132 414 1170 inter
443 1144 475 1167 v-
506 1133 558 1173 18
588 1136 625 1169 et
651 1134 701 1172 19
733 1133 896 1170 inseras:
927 1129 1241 1195 πλουσιώτατον)
1267 1152 1322 1156 -
1353 1145 1399 1169 ov
1431 1151 1483 1156 --
1509 1129 1544 1165 in

315 1200 426 1239 litura
456 1200 635 1250 scriptum
664 1204 702 1237 et
730 1201 766 1237 in
793 1213 913 1251 marg.
940 1202 1018 1251 πλη
1049 1212 1159 1237 manu
1185 1203 1257 1235 vet.
1287 1198 1451 1248 positum
1480 1197 1545 1234 ha-

315 1257 376 1294 bet
408 1256 494 1294 Par.
521 1256 565 1295 A.
595 1255 668 1297 Du.

44 1314 140 1363 Pag.
164 1312 230 1363 48,
261 1327 298 1363 a,
320 1315 343 1355 2
376 1316 465 1364 post
493 1311 723 1365 γίγνωνται)
750 1313 914 1351 inseras:
941 1333 995 1340 ——
1021 1328 1062 1351 αι
1089 1312 1126 1348 in
1156 1312 1268 1349 litura
1297 1309 1380 1347 Par.
1405 1310 1448 1349 A.
1471 1309 1546 1346 Dii.

319 1371 367 1410 11
382 1373 472 1420 post
488 1370 639 1407 lituram
657 1370 818 1407 inseras:
837 1369 1013 1420 (duarum
1032 1368 1089 1407 vel
1108 1368 1216 1406 trium
1234 1368 1438 1405 litterarum
1457 1366 1545 1413 Dii.)

320 1426 372 1466 19
402 1430 490 1477 post
521 1439 586 1467 om,
613 1427 776 1464 inseras:
810 1425 896 1463 Par.
933 1425 977 1466 A.
1006 1426 1080 1466 Dii.

316 1484 415 1521 inter
445 1495 480 1522 v.
509 1485 536 1523 7
569 1487 606 1520 et
634 1484 659 1523 6
692 1496 713 1520 a
744 1483 770 1525 f,
799 1484 962 1521 inseras:
992 1480 1186 1533 ἐφιέντες)
1217 1501 1272 1509 —-
1303 1494 1343 1527 ες
1372 1481 1408 1516 in
1440 1479 1546 1516 litura

318 1540 427 1577 trium
457 1539 662 1577 litterarum
688 1539 773 1577 Par.
802 1537 846 1577 A.
877 1539 950 1577 Dii.

48 1611 140 1659 Pag.
165 1608 234 1659 49,
263 1621 298 1657 a,
319 1608 416 1645 inter
444 1620 480 1649 v.
517 1609 566 1649 12
602 1612 639 1645 et
673 1609 723 1648 11
763 1621 785 1645 a
822 1607 849 1644 f.
883 1608 1048 1645 inseras:
1087 1603 1323 1655 ὑπείκοντα)
1354 1627 1406 1632 —-
1436 1604 1470 1645 εί
1498 1626 1543 1631 Μ

319 1665 356 1702 in
384 1664 495 1702 litura
525 1664 612 1702 Par.
637 1665 680 1705 Α,
708 1663 781 1705 Dii.

47 1734 139 1782 Pag.
165 1733 230 1780 52,
257 1744 293 1781 a,
320 1732 372 1772 13
402 1744 422 1769 a
452 1732 477 1769 f.
507 1735 596 1783 post
625 1728 729 1781 σφοὶς
753 1732 919 1769 inseras:
950 1730 1035 1772 Par
1066 1729 1110 1767 A.
1142 1729 1215 1767 Dii.

319 1788 417 1826 inter
445 1802 480 1827 v
512 1789 563 1829 13
593 1792 630 1826 et
655 1789 705 1829 12
737 1801 758 1825 a
785 1790 808 1825 f.
839 1789 1001 1826 inseras:
1033 1782 1196 1836 αὐτους)
1221 1801 1283 1825 αν.
1304 1785 1389 1824 Par.
1411 1787 1453 1826 Α
1478 1784 1548 1822 Dii.

265 1845 303 1893 b,
327 1845 376 1885 15
398 1849 486 1896 post
513 1839 578 1886 αὖ.
608 1846 771 1882 inseras:
799 1844 885 1883 Par.
912 1844 956 1882 A.
978 1844 1048 1883 Du.
1082 1844 1171 1882 item
1200 1857 1238 1895 p.
1263 1843 1330 1890 53,
1358 1856 1392 1888 a,
1414 1843 1438 1881 3
1464 1846 1548 1892 post

324 1913 431 1942 συστ.

51 1969 142 2018 Pag
173 1969 226 2009 53
252 1969 316 2007 ult.
344 1969 381 2007 in
412 1963 536 2010 αὕτον
559 1968 646 2007 Par.
675 1967 721 2009 .A.
753 1967 826 2006 Dii.
861 1965 880 2008 o*
907 1968 943 2005 in
973 1966 1083 2004 litura
1111 1967 1277 2018 positum
1308 1966 1431 2003 habet.

52 2036 144 2086 Pag
175 2035 243 2087 54,
272 2039 353 2088 a,8
382 2042 471 2089 post
495 2036 696 2105 ἡμέτεροι)
727 2037 892 2075 inseras:
923 2033 1127 2086 ημὲτεροι·
1157 2033 1243 2073 Par.
1277 2034 1322 2074 A
1354 2033 1426 2071 Dii.

328 2095 379 2134 18
409 2099 498 2145 post
527 2093 602 2134 εἰσὶ
630 2109 705 2146 γαρ
733 2093 894 2131 inseras:
924 2092 1011 2129 Par.
1040 2092 1082 2129 A.
1113 2090 1187 2129 Dii.

329 2151 379 2191 21
420 2151 559 2189 addas·
601 2151 679 2188 Sed
715 2150 890 2200 quoniam
927 2149 963 2185 in
1003 2148 1143 2197 optimo
1184 2146 1314 2183 codice
1355 2150 1552 2195 utrumque

327 2211 474 2245 exstare
513 2211 745 2258 compertum
782 2209 864 2254 est,
898 2204 1059 2241 dubitari
1094 2206 1240 2265 potest,
1279 2215 1325 2239 an
1357 2207 1552 2250 utrumque

328 2276 458 2302 verum
497 2268 535 2302 et
573 2277 596 2302 a
625 2262 785 2301 Platone
811 2263 863 2299 ita
895 2261 1072 2311 scriptum
1103 2259 1169 2296 sit:
1200 2252 1261 2298 ότι
1291 2256 1433 2312 ἄνδρες
1458 2257 1553 2310 ἦμέ-

328 2332 454 2371 τεροι·
484 2319 560 2360 εἶσὶ
587 2317 662 2372 γάρ
695 2315 827 2359 ου’δέν.
858 2321 945 2354 sunt
974 2317 1039 2353 isti
1062 2317 1206 2358 nostru
1235 2317 1359 2353 etenim
1383 2319 1471 2353 suut
1495 2317 1553 2351 ιη’-

331 2373 409 2413 }n'lz'.
469 2375 509 2413 In
547 2389 622 2426 quo
653 2376 750 2413 haud
781 2374 939 2412 obscura
968 2372 1066 2410 inest
1096 2372 1144 2408 ad
1174 2384 1275 2409 arma
1304 2372 1485 2422 capienda
1517 2376 1554 2408 et

330 2433 378 2469 ad
415 2432 646 2483 eripiendum
680 2432 844 2481 indignis
880 2429 1075 2480 imperium
1109 2428 1323 2466 adhortatio
1360 2441 1478 2478 eaque
1517 2431 1554 2463 et

331 2488 449 2536 magis
470 2489 695 2526 conveniens
710 2488 826 2526 verbo
842 2484 1122 2537 παραγγέλλειν
1138 2483 1203 2535 (cf.
1219 2484 1302 2524 Vol.
1320 2484 1366 2524 Il.
1383 2500 1419 2537 p.
1441 2484 1554 2533 285.)

331 2556 442 2594 quam
479 2545 636 2594 simplex
672 2545 708 2581 in
749 2544 898 2592 vulgata
937 2542 1098 2579 lectione
1131 2544 1370 2591 contemptus
1399 2542 1555 2578 demon-

334 2601 479 2648 stratio,
512 2604 550 2638 et
577 2605 663 2651 apte
696 2600 905 2637 succedens
930 2598 991 2646 iis,
1021 2597 1155 2647 quibus
1180 2597 1215 2634 hi
1240 2598 1424 2646 ignaviam
1449 2610 1554 2634 suam

335 2669 511 2694 accusare
548 2661 634 2694 sunt
666 2655 766 2694 dicti.
821 2653 1028 2704 Ημέτεοοι
1054 2657 1176 2690 autem
1208 2654 1337 2691 eadem
1368 2654 1554 2702 significa-

334 2713 436 2749 tione
465 2712 601 2761 legitur
629 2713 728 2763 apud
766 2710 1054 2760 Xenophontem
1079 2710 1228 2778 Cyrop.
1256 2707 1303 2749 L.
1336 2709 1380 2748 ll
1410 2723 1440 2748 c.
1472 2710 1553 2755 3:2-

334 2765 386 2819 ἢν
421 2765 492 2818 μὲν
529 2767 645 2820 ’ἡμεῖς
672 2769 846 2818 νικῶμεν
876 2767 1010 2817 (τοῦτο
1038 2781 1112 2817 γαρ
1142 2781 1205 2805 αει
1237 2764 1303 2804 καὶ
1333 2765 1457 2817 λέγειν
1487 2764 1554 2804 καὶ

334 2828 466 2864 ποιεῖν
491 2825 568 2873 δεῖ)
600 2826 642 2865 οι’
666 2839 704 2864 τε
736 2823 915 2874 πολέμιοι
945 2823 1068 2874 δῆλον
1100 2819 1162 2861 ότι
1197 2819 1379 2874 ’ἡμέτεροι
1408 2821 1476 2861 καὶ
1509 2818 1556 2860 τοὶ

181 2891 275 2925 Add.
300 2892 348 2923 ad
376 2890 520 2922 Platon.
1292 2887 1317 2925 5
