1764 3176
422 165 753 211 CIVITAS
800 163 927 206 LIB.
960 161 1097 207 VIIII.
1127 165 1195 201 588

245 234 262 246 s

127 297 220 338 μεν.

1416 161 1500 203 173

280 275 334 336 ἧν
373 277 420 322 δέ
459 295 548 323 που
585 276 822 334 λεγόμενον
862 278 1098 319 λυσιτελεῖν
1137 271 1304 316 ἀδικεῖν
1335 268 1397 329 τῷ
1432 286 1500 313 τε-

129 348 234 400 λέως
270 346 349 404 μὲν
380 345 542 402 ἀδίκῳ,
580 343 850 401 δοξαζομένῳ
891 344 936 386 δὲ
967 343 1135 399 δικαίῳ.
1193 339 1223 395 ἢ
1253 337 1333 394 οὐχ
1362 337 1502 389 οὕτως

129 417 301 473 ἐλέχθης
336 413 463 459 Οὕτω
495 416 575 470 μὲν
605 416 701 457 οὐν.

760 415 864 454 Νῦν
895 408 963 465 δή,
998 409 1124 465 ἔφην,
1153 406 1270 462 αὐτῷ
1304 405 1507 462 διαλεγω-

128 490 253 540 μεθα,
285 482 431 539 ἐπειδὴ
463 478 883 538 διωμολογησάμεθα
913 476 962 520 τό
993 492 1037 519 τε
1070 474 1235 519 ἀδικεῖν
1267 477 1339 518 καὶ
1369 474 1417 518 τὸ
1445 475 1506 517 δί-

127 569 231 596 “aba
262 568 469 605 πραΐΐδιν
503 568 560 607 ην
599 552 828 630 ὲὲκωαϊδρθνῆρ
830 547 926 602 ἔχει
972 544 1170 598 δύναμιν.

126 687 290 743 λέγων,
332 683 404 730 οἷα
443 686 568 741 ελεγε.

629 687 769 729 Ποίαν
799 682 921 733 τινας
959 675 987 737 ἦ
1022 677 1066 723 δ’
1098 675 1159 729 ὅς.

1241 547 1365 594 Πῶς,·
1410 542 1506 598 ἔφη.

1209 611 1219 625 Ὶ
1262 614 1278 619 -
1321 610 1332 623 Γ
1370 610 1380 623 5

127 772 216 799 των
244 755 363 807 τινὰ,
403 749 460 810 ἦν
500 752 545 798 δ’
575 753 681 810 ἐγώ,
721 750 810 796 οἷαι
840 751 1198 808 μυθολογοῦνται
1228 747 1408 789 παλαιαὶ
1436 762 1508 800 γε-

128 823 284 867 νέσθαι
315 821 492 879 φύσεις,
523 821 551 878 ἥ
580 837 624 865 τε
656 823 874 877 Χιμαίρας
903 819 975 863 καὶ
1005 817 1031 872 ἡ
1063 814 1264 870 Σκύλλης
1294 815 1368 858 καὶ
1398 817 1506 868 Κερ-

129 889 287 947 βέρου,
326 890 399 933 καὶ
429 889 556 933 ἄλλαι
595 889 706 941 τινὲς
744 888 898 945 συχναὶ
940 886 1142 942 λέγονται
1182 884 1506 940 ξυμπεφυκυῖαι

127 1038 232 1072 linum
255 1050 331 1072 esse
365 1042 401 1071 et
431 1038 473 1072 ad
504 1038 591 1072 illum
617 1041 787 1093 special-‚e

129 1085 190 1129 qui
218 1084 332 1118 verbis
354 1084 403 1128 ἠν
428 1082 469 1118 δέ
493 1096 566 1118 που
591 1083 786 1127 λεΙόμενον

128 1130 405 1176 significabatur,
439 1136 474 1164 et
496 1131 788 1174 Thrasymachum

129 1177 194 1210 hoc
216 1177 472 1210 contendentem
497 1177 602 1210 fuisse
625 1188 706 1209 vere
726 1177 787 1209 ob-

128 1223 283 1256 servavit
315 1222 576 1264 Stallbaumius3
607 1223 666 1256 sed
698 1221 787 1267 quod

129 1278 191 1313 per
214 1271 440 1313 contemptun.
469 1280 587 1302 nomen
612 1268 683 1302 eius
707 1279 788 1311 sup-

128 1325 281 1358 pressum
299 1314 430 1355 statuit,
448 1325 653 1358 magnopere
672 1325 692 1346 a
705 1324 787 1346 vero

128 1360 312 1393 aberravit.
328 1360 452 1393 Nonne
460 1360 524 1393 iam
535 1359 700 1393 dudumin
711 1370 787 1402 gra-

127 1405 211 1439 tiam
227 1417 301 1438 eum
320 1417 395 1439 cum
405 1406 549 1439 Socrate
568 1405 698 1439 redisse
718 1417 787 1437 me-

128 1451 299 1485 minerat?
325 1451 384 1496 (L.
397 1451 454 1484 VI.
473 1464 506 1496 p.
517 1451 595 1486 498.
609 1451 670 1495 D.)
707 1451 787 1484 Nou

128 1497 241 1542 paullo
265 1503 343 1542 post
367 1498 463 1541 (590.
487 1498 545 1541 D.)
579 1498 687 1542 ipsum
713 1496 787 1530 eius

129 1554 249 1577 nomen
272 1543 415 1587 positum
440 1544 604 1583 videbat?
632 1543 788 1587 Deliique

130 1601 205 1622 cum
236 1589 376 1622 absente
409 1590 472 1623 hoc
505 1589 704 1633 colloquium
726 1589 786 1621 ha-

129 1634 237 1668 bitum
279 1635 363 1678 fingi
405 1647 446 1668 ex
488 1647 527 1668 eo
572 1635 786 1678 intelligitur,

131 1680 221 1725 quod
245 1680 378 1714 Glauco
412 1693 450 1714 se
480 1693 543 1725 pro
566 1681 620 1715 illo
646 1691 787 1724 respon-

130 1737 245 1759 surum
275 1726 357 1760 dicit
389 1739 421 1771 p.
454 1729 533 1762 590.
563 1727 604 1762 A.
666 1727 788 1770 Itaque

130 1782 274 1816 parcens
322 1773 578 1816 Thrasymacho
625 1772 788 1805 Socrates

130 1822 251 1862 utpote
273 1817 341 1851 iam
372 1819 415 1852 ad
447 1819 624 1852 sanitatem
649 1828 787 1851 reverso

130 1863 229 1908 quasi
261 1864 347 1898 alius
378 1864 564 1909 cuiuspiam
601 1874 788 1898 sermonem

128 1909 218 1943 hunc
239 1911 358 1945 refert.

177 1953 431 1999 διαλεγώμεθα
451 1956 464 2001 ]

128 2000 223 2034 Flor.
241 2001 283 2035 R.

177 2043 491 2101 ἐπειδὴ-ξυμβῇ
511 2044 614 2091 τύχη.
640 2048 720 2083 592.
732 2047 786 2091 A.]

129 2096 293 2148 excerpta
316 2097 394 2127 sunt
416 2093 451 2127 in
475 2094 547 2127 Pal.
573 2095 614 2127 A.

175 2136 221 2173 τό
256 2150 295 2173 τε
327 2135 468 2173 ἀδικεῖν
497 2138 560 2173 καὶ
588 2136 631 2174 τὸ
661 2138 786 2172 δίκαια

130 2182 328 2229 πράττειν]
367 2191 399 2219 et
438 2188 531 2219 iusta
564 2191 598 2219 et
641 2186 788 2218 iniusta-

132 2232 287 2274 operatio
309 2231 384 2264 Fic.
402 2251 449 2256 —-
467 2229 510 2265 τὸ
535 2229 582 2265 τὰ
606 2231 787 2266 δίκαια-

133 2276 233 2311 Vind.
252 2276 294 2309 Ε.
330 2276 506 2311 commata
527 2279 627 2321 vulgo
652 2278 702 2310 his
721 2277 788 2310 cir-

132 2322 320 2376 cumposita
353 2321 485 2365 delevi,
520 2323 599 2368 quia
628 2323 789 2356 infinitivi

130 2367 272 2420 primum
296 2367 461 2402 obiectum
491 2369 586 2402 verbi
610 2368 788 2412 διωμολο-

130 2411 338 2470 γησάμεθα,
362 2414 484 2448 deinde
506 2415 694 2448 subiectum
709 2426 789 2447 ver-

132 2460 167 2494 bi
200 2457 271 2503 ε’χει
298 2460 402 2504 idque
441 2461 634 2505 pronomine
666 2458 788 2494 ἑκάτε-

131 2516 199 2548 ρον
222 2505 402 2550 repetitum
427 2506 588 2540 exhibere
618 2507 789 2548 videntur,

131 2555 170 2584 ut
197 2562 218 2584 a
240 2554 360 2585 neutro
385 2552 537 2597 separari
558 2552 701 2598 possint.
748 2553 788 2587 Si

130 2600 244 2630 tamen
266 2598 307 2630 ab
332 2597 494 2632 alterutro
513 2599 692 2644 sepmandi
709 2598 787 2638 sint,

131 2654 152 2676 a
177 2643 358 2698 posteriori
383 2644 496 2688 potius
525 2650 667 2689 propter
691 2644 788 2678 addi-

132 2693 202 2722 tum
227 2686 416 2732 ἑκάτερον,
442 2702 539 2734 quam
563 2702 583 2723 a
606 2691 710 2743 priori
735 2701 791 2722 se-

131 2735 345 2788 paraverim,
377 2736 467 2779 quod
492 2735 765 2770 Stallbaumius
757 2747 791 2768 ιιι

132 2791 201 2814 sec.
235 2780 319 2814 fecit
353 2787 516 2816 commate
543 2781 647 2827 priori
669 2781 790 2815 relicto

132 2826 276 2861 alterum
299 2827 424 2861 delens.

540 1952 788 1999 διαλεγόμεθα

889 1031 950 1079 ἣν]
979 1031 1031 1068 ἵν’
1057 1034 1157 1068 Vind.
1182 1033 1222 1067 F.
1247 1027 1270 1076 ἢ
1296 1031 1395 1067 Vind.
1421 1031 1465 1064 Ε.

892 1080 975 1125 ἔχει]
1007 1079 1066 1123 ἔχη
1095 1080 1192 1113 Vind.
1218 1079 1258 1112 F.

891 1128 999 1167 Hau-,-
1027 1125 1131 1169 ἔφη]
1160 1138 1223 1158 om.
1250 1123 1322 1157 Pal.
1346 1123 1386 1156 A.

890 1171 1108 1215 πλάσαντες]
1134 1169 1321 1213 πλάσομεν
1345 1169 1445 1203 idem.

889 1219 975 1262 τῆς]
1004 1219 1071 1252 τοῦ
1098 1219 1176 1250 Bas.
1202 1218 1235 1250 b.

889 1264 998 1310 λόγῳ]
1021 1260 1075 1309 τῷ
1102 1265 1130 1297 λ.
1156 1263 1230 1298 Pal.
1253 1264 1295 1296 A.
1321 1272 1385 1295 om.
1407 1260 1479 1294 Fic.

891 1314 1142 1377 ἴνα-ἧνδ’
1166 1317 1196 1364 ε’,
1198 1317 1247 1361 ὠ,
1269 1319 1324 1363 0.]
1350 1331 1414 1352 om
1433 1318 1505 1352 Pal.

846 1369 886 1401 A.
923 1363 976 1401 ἳ”ν
1011 1373 1077 1400 etc.
1109 1366 1209 1399 Vind.
1244 1365 1315 1399 ΒΕ.
1355 1366 1430 1398 Vat.
1462 1364 1506 1397 H.

844 1414 934 1447 Flor.
962 1412 1136 1447 ACTUV.
1162 1412 1284 1445 Stallb.

891 1460 995 1504 εἰδῇ]
1023 1459 1084 1501 ἴδη
1117 1458 1202 1491 Lob.
1237 1457 1336 1490 Vind.
1359 1457 1402 1490 F.
1428 1456 1508 1489 Vat.

844 1506 924 1541 ΒΜ.
948 1508 1035 1549 Ang.
1060 1504 1099 1537 Β.

891 1535 1023 1594 λέγων]
1044 1548 1148 1594 λέγον
1173 1549 1270 1582 Stob.
1295 1548 1413 1582 Trinc.

891 1595 968 1641 οἶα]
1000 1597 1084 1630 οἵαν
1110 1596 1237 1629 Euseb.

891 1652 1017 1697 {Mys}
1050 1652 1125 1697 {azy
1129 1664 1178 1687 εν.
1212 1652 1402 1685 Bekkerus.
1437 1648 1507 1685 ἕλε-

843 1711 919 1744 γον.
946 1700 1032 1733 Lob.
1056 1701 1136 1734 Vat.
1160 1699 1240 1732 ΒΜ.
1267 1699 1347 1732 Par
1372 1696 1448 1731 DK.

891 1746 1027 1801 Ποίαν]
1056 1742 1171 1778 ποῖεὲν
1203 1744 1301 1777 Vind.
1328 1744 1368 1778 F.

888 1790 988 1835 τινὰ]
1013 1791 1098 1825 τίνα
1122 1791 1216 1824 Stob.
1242 1790 1361 1824 Trinc.

891 1836 1061 1891 παλαιαὶ]
1087 1835 1219 1870 πολλαὶ
1245 1836 1323 1870 Par.
1347 1835 1392 1868 K.

890 1880 917 1928 ἤ
937 1885 989 1928 τε]
1017 1883 1089 1916 εἴτε
1113 1883 1198 1916 Lob.
1225 1883 1306 1915 Vat.
1334 1881 1414 1915 ΒΜ.

891 1929 1096 1973 Χιμαίρας]
1122 1928 1317 1972 χιμαίρρας
1340 1927 1439 1960 Vind.
1464 1926 1508 1960 F.

890 1986 954 2021 καὶ
989 1984 1038 2031 ἡ]
1073 1985 1135 2020 καὶ
1170 1985 1242 2019 Pal.
1275 1987 1315 2018 A.
1362 1981 1386 2029 ἢ
1420 1984 1506 2018 Lob.

845 2034 925 2069 vat.
950 2033 1031 2067 ΒΜ.

891 2088 1083 2134 Σκύλλης]
1104 2086 1237 2132 σκύλης
1259 2087 1359 2121 Stob.
1390 2086 1508 2121 Trinc.

844 2136 986 2175 σκυλλὶς
1010 2136 1111 2171 Vind.
1141 2136 1179 2168 F.

888 2194 965 2237 καὶ]
990 2192 1052 2227 καὶ
1077 2189 1099 2237 ἠ
1125 2192 1199 2226 Pal.
1227 2191 1265 2224 A.

889 2248 1103 2305 Κερβέρου]
1171 2245 1371 2293 κερβέρους
1433 2246 1509 2280 Ald.

844 2295 1055 2342 Κερβέρους
1079 2296 1159 2329 Bas.
1184 2306 1215 2327 a.

891 2352 1060 2398 λέγονται
1078 2373 1122 2378 --
1139 2349 1327 2396 γενέσθαι]
1345 2362 1409 2383 om.
1423 2349 1509 2384 Lob.

846 2368 951 2436 Μοιι.γ
967 2402 1005 2434 Β.
1031 2402 1111 2435 Vat.
1137 2398 1214 2431 ΒΜ.
1241 2398 1326 2430 Ven.
1352 2397 1393 2431 C.
1428 2396 1508 2430 Par.

847 2443 1342 2488 DK.F10r.U.(mu1tae‚)
1375 2445 1410 2476 in
1435 2443 1512 2486 qui-

848 2494 908 2527 bus
941 2496 1108 2536 feruntur
1151 2490 1272 2523 variae
1315 2491 1351 2523 in
1392 2489 1511 2523 eodem

841 2542 981 2596 formae
1005 2538 1212 2581 congenitae
1237 2535 1308 2570 Fic.
1344 2535 1512 2568 Fortasse

848 2585 888 2618 αι
913 2582 1082 2628 λέγονται
1105 2589 1170 2616 etc.
1204 2581 1287 2624 legit
1315 2581 1370 2614 vel
1392 2581 1510 2625 legen-

849 2631 927 2664 dum
951 2630 1097 2675 putavit,
1116 2641 1183 2674 quo
1207 2632 1319 2662 tamen
1339 2639 1423 2672 opus
1445 2638 1511 2659 non

847 2682 912 2710 est.

893 2732 1188 2776 ξυμπεφυκυῖαι]
1235 2741 1344 2773 συμπ.
1383 2729 1510 2764 Euseb.

846 2779 920 2813 Ald.
960 2780 1039 2812 Bas.
1075 2779 1129 2812 ab.
1175 2778 1297 2822 Steph.
1341 2777 1415 2809 Ast.
1457 2786 1510 2820 pr.

848 2825 957 2868 ξυμπ.
984 2823 1023 2858 αἱ
1050 2825 1149 2858 Stob.
1173 2824 1293 2857 Trinc.

1227 682 1324 721 Τῶν
1357 676 1505 721 τοιού-
1539 682 1570 724 C
