1764 3176
491 204 621 247 CIV
641 204 662 246 I
683 204 720 245 T
740 204 772 245 A
793 203 822 245 S
863 203 984 244 LIB.
1012 202 1148 244 VIIII.
1179 204 1248 241 574
1472 204 1550 242 121

173 318 415 374 ἀναγκαίαν
453 316 639 373 μητέρα,
680 314 708 372 ἢ
746 315 870 358 ἕνεκα
911 311 1080 368 ὦραίου
1121 312 1275 356 νεωστὶ
1313 312 1447 367 φίλου
1488 327 1556 366 γε-

171 385 354 443 γονότος
396 384 480 428 οὐκ
519 383 761 440 ἀναγκαίου
800 381 879 425 τὸν
919 379 1068 435 ἄωρόν
1116 397 1160 423 τε
1198 380 1271 423 καὶ
1312 379 1556 435 ἀναγκαῖον

171 453 420 510 πρεσβύτην
450 453 614 506 πατέρα
643 453 713 496 καὶ
745 455 833 494 τῶν
864 451 1008 505 φίλων
1039 446 1324 505 ἀρχαιότατον
1356 449 1476 490 δοκεῖ
1502 444 1558 489 ἄν

173 534 245 566 σοι
276 519 301 565 ὁ
332 525 534 571 τοιοῦτος
562 524 745 577 πληγαῖς
773 535 817 562 τε
838 520 998 562 δοῦναι
1028 517 1102 559 καὶ
1131 515 1558 559 καταδουλώσασθαι

173 589 229 634 ἄν
260 588 424 640 αὐτούς
458 586 537 632 υπ’
569 587 772 638 ἐκείνοις,
814 588 851 630 εί
893 587 951 636 εἰς
987 584 1068 641 τὴν
1099 583 1235 639 αὐτὴν
1273 585 1417 627 οἰκίαν
1452 583 1560 639 dyo?-

172 674 317 713 γοιτο;
349 657 440 701 Ναὶ
469 655 528 712 μοὶ
559 654 661 708 Δί’,
692 651 720 711 ἦ
754 654 799 698 δ’
828 653 884 706 ὅς.
947 652 1140 708 Σφόδρα
1170 669 1218 708 γε
1248 668 1483 707 μακαρίον,
1503 654 1558 707 ὴν

173 724 218 770 δ’
249 725 352 782 ἐγώ,
377 725 523 783 ,ἔοικεν
554 722 665 768 εἶναι
700 722 749 766 τὸ
783 723 1050 776 τυραννικὸν
1087 720 1190 764 υἱον
1218 725 1370 763 τεκεῖν.
1431 719 1560 763 Πάνυ

172 810 233 850 γε,
265 794 360 849 ἐᾞφη
405 795 455 836 Τί
486 792 543 844 δ’,
577 791 684 836 ὅταν
715 790 768 847 δὴ
798 808 851 833 τα
883 806 1048 844 πατρος
1077 789 1152 832 καὶ
1181 788 1340 844 μητρὸς
1363 790 1557 844 ἐπιλείπη
1582 794 1621 834 D

173 861 252 905 τὸν
290 865 515 913 τοιοῦτον,
556 860 669 904 πολὺ
711 860 757 903 δὲ
798 859 880 916 ἤδη
921 857 1248 913 ξυνειλεγμένον
1291 857 1339 899 ἐν
1374 855 1492 911 αὐτῷ
1532 874 1560 913 η

175 929 225 973 τὸ
264 934 354 974 τῶν
393 929 567 986 ἡδονῶν
607 933 791 986 σμῆνος,
834 927 888 971 οὐ
927 930 1106 981 πρῶτον
1145 926 1225 981 μὲν
1266 926 1405 976 οἰκίας
1443 924 1563 975 τινός

176 995 392 1052 ἐφάψεται
436 999 585 1054 τοίχου
622 996 652 1054 ἥ
688 1014 808 1048 τινος
847 995 925 1046 ὀψὲ
955 993 1128 1049 νύκτωρ
1167 992 1313 1045 ἰόντος
1352 997 1435 1036 τοῦ
1465 995 1563 1048 ἵμα-

177 1066 297 1116 τίου,
347 1066 452 1121 μετὰ
506 1066 552 1110 δὲ
604 1069 741 1109 ταῦτα
797 1064 921 1117 ἱερόν
967 1081 1007 1106 τι
1056 1062 1340 1119 νεωκορήσει;
1391 1063 1463 1105 καὶ
1516 1061 1564 1104 ἐν

177 1131 353 1187 τούτοις
408 1133 461 1192 δὴ
511 1137 646 1178 πᾶσιν
699 1132 750 1185 ἃς
806 1131 940 1176 πάλαι
989 1129 1071 1188 εἶχε
1132 1129 1259 1184 δόξας
1311 1130 1357 1174 ἐκ
1404 1129 1563 1181 παιδὸς

180 1291 227 1328 οὔ
251 1306 327 1328 cum
348 1296 429 1330 Par.
453 1295 493 1329 A.
519 1295 614 1329 Vind.
636 1295 677 1329 B.
704 1296 842 1331 Vat.H.
898 1307 968 1328 sec.
1025 1305 1106 1328 vero
1157 1290 1324 1338 ἐπιλείπῃ
1377 1303 1419 1325 ex
1473 1291 1566 1325 Flor.

178 1339 288 1382 omisi,
317 1341 397 1385 quia
421 1341 512 1386 quod
536 1342 666 1375 ironice
689 1342 842 1375 affirma-
898 1345 958 1383 A,
984 1352 1025 1374 ex
1050 1340 1190 1384 reliquis
1216 1339 1299 1373 nibil
1324 1339 1452 1372 retulit.
1492 1338 1571 1371 Ne-

177 1389 277 1420 verat
309 1387 493 1430 Socrates,
526 1388 561 1420 id
594 1388 712 1421 eodem
745 1391 841 1421 modo
899 1400 965 1432 que
989 1387 1171 1420 Bekkerus
1207 1385 1390 1430 quicquam
1416 1385 1460 1417 de
1485 1384 1567 1417 Par.

179 1432 381 1467 confirmare
424 1434 467 1467 ab
497 1433 667 1468 Adiuianti
696 1446 843 1478 persona
899 1434 941 1467 D.
978 1434 1071 1467 Mon.
1097 1433 1137 1466 B.
1167 1431 1394 1475 significavit,
1425 1441 1568 1483 quorum

178 1489 243 1512 non
267 1478 412 1513 alienum
437 1479 620 1513 videbatur
642 1485 763 1524 utpote
782 1481 843 1514 ali-

177 1524 215 1558 bi
239 1525 342 1558 etiam
366 1537 428 1559 sua
457 1531 579 1570 sponte
604 1524 842 1571 εἰρωνευομέ-

179 1581 271 1613 νου,
310 1583 340 1604 e.
366 1583 396 1606 c.
429 1571 470 1605 L.
494 1572 578 1606 IIII.
611 1584 646 1617 p.
679 1574 757 1607 423.
792 1573 841 1606 C:

179 1614 242 1650 καὶ
285 1615 436 1660 φαῦλόν
482 1614 522 1661 γ’
573 1617 662 1657 ἴσως
713 1615 845 1657 αὐτοῖς

179 1661 448 1706 προςταξομεν.
483 1675 550 1709 quo
585 1664 658 1698 loco
692 1665 845 1705 eandem,

179 1719 281 1753 quam
311 1714 448 1750 nostro,
480 1709 681 1754 particulam
714 1710 846 1744 encliti-

180 1765 253 1788 cam
276 1756 444 1790 vocabulo
476 1756 607 1789 ironice
635 1756 725 1790 dicto
750 1757 846 1790 addi-

179 1805 249 1834 tam
282 1801 456 1836 habemus.
513 1802 642 1835 Contra
674 1802 732 1835 ubi
757 1802 846 1836 serio

180 1847 417 1891 respondetur,
439 1847 549 1881 omitti
572 1860 612 1881 ea
634 1848 731 1889 solet,
744 1853 782 1882 ut
799 1849 845 1881 ib.

180 1904 214 1937 p.
235 1895 314 1928 426.
334 1894 383 1927 B:
410 1905 454 1928 ου
479 1891 580 1928 πάνυ
604 1894 741 1938 χαρίεν.
767 1895 846 1929 435.

182 1938 233 1972 C:
270 1935 317 1972 ον’
350 1937 450 1973 πάνυ
485 1951 550 1983 μοι
586 1940 769 1984 δοκοῦμεν
794 1940 847 1979 εἰς

182 1984 341 2039 φαῦλον.
375 1986 415 2020 L.
442 1986 484 2020 X.
497 1998 558 2042 Ρ.
580 1989 661 2021 6οΞ.
685 1989 734 2020 A.
770 1988 847 2020 Χα-

183 2030 274 2075 ρίεις
309 2027 357 2064 ὂὶν
391 2032 468 2088 εἴη
486 2028 506 2066 ὁ
528 2029 581 2066 -ἐν
612 2033 656 2077 τῇ
699 2030 848 2090 ποιήσξι

181 2075 377 2133 μιμητικὸς
400 2076 496 2134 πρὸς
520 2078 658 2133 σοφίαν
684 2078 768 2122 περὶ
794 2079 848 2112 ὠν

183 2118 231 2156 dlv
254 2123 356 2168 ποιῇ.
406 2122 464 2158 Ου’
486 2122 599 2158 πάνυ.
648 2126 761 2170 Atque
785 2126 848 2159 ha—

183 2180 258 2202 rum
281 2170 518 2204 recordatione
535 2171 719 2205 dictionum
743 2172 849 2206 libra-

184 2215 254 2248 rios
278 2212 324 2249 ov'
334 2216 566 2271 interpolasse
585 2217 762 2261 probabile
783 2222 847 2251 est.

231 2262 283 2304 γε]
305 2273 326 2305 γ
365 2262 452 2296 Lob.
470 2263 572 2298 Vind.
586 2264 692 2297 BEF.
711 2264 798 2309 Ang.
810 2264 848 2297 Β.

186 2307 264 2340 Vat.
290 2307 373 2341 HM.
400 2308 491 2341 Flor.
518 2309 656 2343 ACRV.

236 2353 282 2386 Τί
315 2350 388 2398 δ’,]
436 2353 482 2388 Τί
522 2351 561 2389 δ’
594 2355 668 2389 Ald.
706 2356 751 2390 Τί
785 2353 849 2398 δ’;

186 2400 267 2433 Bas.
287 2400 341 2433 ab.

233 2442 412 2502 ἐπιλείπῃ]
437 2446 491 2480 Ita
514 2447 594 2480 Par.
618 2448 659 2480 A.
685 2447 786 2481 Vind.
805 2448 849 2482 F.

186 2492 273 2536 Ang.
296 2492 336 2525 B.
371 2481 530 2536 ἐπιληπη
563 2493 664 2529 Vind.
692 2494 734 2527 Ε.
774 2491 851 2527 ἐπι-

188 2538 275 2594 λίπη
302 2538 400 2572 Vind.
425 2539 465 2573 Β.
493 2540 575 2572 Veri.
600 2541 641 2573 B.
666 2541 747 2574 vat.
764 2541 850 2574 HM.

188 2581 366 2617 ἐπιλείπει
388 2586 475 2619 Ven.
495 2586 536 2619 C.
562 2582 743 2619 ἐπιλείποι
764 2587 849 2619 Lob.

189 2630 281 2664 Mon.
306 2630 346 2663 B.
372 2633 408 2662 et
431 2642 506 2663 cum
537 2643 560 2674 η
585 2643 689 2676 super
714 2644 749 2665 οι
772 2633 851 2666 Pau⁴

190 2676 233 2710 Κ.
258 2675 334 2709 Ald.
360 2677 439 2709 Bas.
465 2678 518 2710 ab.
545 2678 664 2721 Steph.
691 2676 853 2711 ἐπιλίποι

190 2722 268 2756 Vat.
291 2723 333 2756 B.
383 2722 484 2762 Quod
509 2722 552 2756 ad
578 2723 791 2757 Florentinos
811 2724 853 2756 li-

188 2769 268 2802 bros
304 2768 448 2811 attinet,
473 2768 715 2803 Stallbaumius
741 2770 774 2803 in
798 2781 853 2814 pr.

189 2811 355 2860 ἐπιλείπῃ
390 2825 432 2847 ex
475 2814 566 2849 Flor.
599 2815 666 2856 T.‚
700 2820 771 2849 tum
809 2827 852 2848 ex

189 2860 306 2895 eodem
339 2863 374 2894 et
406 2871 448 2894 ex
483 2861 589 2894 Acv.
626 2858 794 2906 ἐπιλίπῃ,
818 2863 852 2895 in

900 1479 1045 1524 priorem
1072 1490 1145 1512 cum
1164 1478 1354 1523 posteriore
1374 1475 1569 1510 consentire

900 1526 1066 1570 suspicor.
1135 1526 1182 1558 Ac
1216 1525 1258 1557 de
1299 1524 1396 1557 modo
1431 1522 1568 1567 quidem

901 1571 1049 1605 dubitari
1084 1570 1223 1616 nequit,
1274 1573 1408 1614 tempus
1453 1573 1566 1602 autem

901 1629 1105 1662 quamquam
1129 1615 1353 1662 piaeteritum
1374 1615 1491 1649 eadem
1511 1626 1570 1648 ra-

901 1665 1019 1704 tione,
1054 1675 1142 1707 quae
1174 1673 1276 1705 supra
1301 1674 1336 1706 p.
1361 1663 1439 1697 573.
1464 1661 1507 1694 Ε.
1534 1664 1570 1693 et

903 1710 943 1743 L.
976 1709 1071 1743 VIII.
1111 1721 1144 1753 Ρ.
1177 1710 1254 1743 568.
1286 1708 1328 1741 Ε.
1376 1707 1571 1741 necessaria

904 1760 990 1796 erat,
1015 1756 1126 1788 teneri
1151 1761 1186 1788 et
1211 1754 1267 1787 hic
1285 1757 1434 1798 poterat,
1456 1758 1571 1786 tamen

903 1813 1067 1847 praesens
1100 1801 1213 1845 aptius
1246 1805 1298 1833 est
1331 1804 1366 1833 et
1398 1800 1463 1832 iam
1488 1805 1571 1840 tum,

905 1860 1007 1892 quum
1044 1847 1189 1900 primum
1222 1847 1370 1880 deficere
1402 1845 1572 1890 patrimo-

905 1894 993 1927 nium
1019 1893 1172 1937 incipiat,
1199 1905 1273 1926 eum
1294 1893 1336 1925 ad
1354 1892 1573 1925 latrocinium

905 1946 939 1973 et
965 1939 1190 1983 sacrilegium
1217 1950 1254 1973 se
1279 1939 1434 1972 conferre
1467 1938 1574 1981 signi-

904 1986 997 2020 ficat.
1032 1986 1175 2019 Accedit
1199 1985 1348 2019 codicum
1375 1984 1574 2025 auctoritas,

904 2044 1046 2077 quorum
1076 2032 1135 2076 qui
1168 2032 1413 2076 diphthongum
1446 2031 1479 2063 in
1512 2042 1573 2074 pe-

905 2079 1043 2112 nultima
1062 2078 1200 2120 habent,
1219 2077 1309 2112 haud
1334 2076 1437 2109 dubie
1460 2076 1571 2121 potio-

904 2136 961 2158 res
985 2128 1074 2158 sunt.

952 2167 990 2204 ἐν
1001 2167 1119 2215 αὐτῷ]
1145 2173 1222 2213 post
1245 2162 1270 2213 ῄ
1294 2169 1381 2202 Lob.
1395 2169 1474 2203 Vat
1487 2168 1569 2202 BM.
1595 2168 1634 2209 D

907 2214 945 2250 ἐν
971 2214 1093 2250 ἑαυτω
1119 2215 1221 2250 Vind.
1246 2216 1285 2248 B.
1325 2212 1444 2248 ἓαυτῶ
1472 2214 1572 2248 Vind.

906 2263 948 2296 F.
972 2264 1058 2306 Aug.
1084 2263 1123 2295 B.
1149 2262 1245 2294 Flor.
1264 2263 1307 2295 R.
1338 2259 1376 2294 ἐν
1402 2257 1506 2307 αυτῷ
1532 2273 1575 2294 ex

906 2308 1165 2389 gesbri'liiiiiemii}
1177 2295 1575 2396 ,Lnoisillxlritigsiijuiffiieslgle

906 2401 1071 2455 sequitur.

954 2443 1080 2489 τινὸς]
1106 2451 1185 2491 post
1210 2442 1400 2501 ἐφάψεται
1423 2446 1503 2480 Par.
1529 2446 1573 2479 K.

955 2490 1168 2536 ἐφάψεται]
1232 2489 1426 2535 ἐφάψαιτο
1486 2492 1574 2526 Lob.

909 2541 989 2573 Vat.
1015 2539 1061 2572 M.

955 2583 1106 2627 τοίχου]
1132 2583 1280 2626 τοίχους
1307 2585 1383 2618 Ald.
1412 2586 1493 2619 Bas.
1518 2586 1572 2619 ab.

956 2630 1132 2686 ἱματίου,]
1164 2628 1336 2671 ἱματίους
1364 2632 1443 2664 Bas.
1469 2633 1523 2666 ab.

954 2674 1046 2720 μετὰ
1073 2674 1112 2710 δὲ
1136 2676 1271 2720 ταῦτα]
1298 2678 1465 2720 μεταδετ.
1487 2678 1571 2712 Lob.

911 2724 1008 2758 Vind.
1032 2723 1076 2756 Ε.
1102 2726 1248 2756 etam.
1273 2734 1325 2778 pr.
1350 2724 1443 2758 Mon.
1468 2725 1509 2757 B.

957 2766 1059 2813 ἱερόν
1082 2780 1119 2801 τι
1141 2766 1386 2813 νεωκορησει]
1413 2769 1466 2802 Ad
1490 2771 1577 2804 hunc

909 2815 1019 2849 locum
1044 2813 1219 2859 pertinere
1252 2827 1295 2848 ex
1328 2827 1437 2860 eoque
1461 2829 1576 2851 emen-

910 2862 1022 2895 danda
1054 2871 1132 2895 esse
1153 2860 1291 2895 videtur
1314 2861 1428 2905 glossa
1461 2863 1578 2898 Photii
