1764 3176
258 105 286 143 6
676 104 1153 149 PLATONIS

259 210 286 266 ἦ
315 226 359 254 τε
384 210 472 254 ὑπό
504 214 595 255 τῶν
631 217 810 258 πολλῶν
848 215 1168 275 ἐπαινουμένη,
1210 219 1238 277 ἡ
1268 221 1464 279 Κρητική
1493 238 1537 267 τε
1568 224 1643 267 καὶ

261 277 495 336 Λακωνική
538 278 669 338 αὕτη,
719 283 794 327 καὶ
841 284 1023 338 δευτέρα
1063 288 1137 330 καὶ
1176 287 1390 344 δευτέρως
1428 289 1643 334 ἐπαινου-

259 345 392 402 μένη,
442 347 692 405 καλουμένη
733 348 774 393 δ’
811 348 1060 407 ὀλιγαρχία,
1119 359 1292 411 συχνῶν
1328 357 1523 412 γέμουσα
1561 374 1642 402 κα-

258 417 351 456 κῶν
392 417 604 467 πολιτεία,
642 416 670 473 ἥ
700 433 744 461 τε
774 418 911 475 ταύτῃ
943 419 1162 475 διάφορος
1201 422 1274 465 καὶ
1316 423 1468 480 ἐφεξῆς
1493 425 1707 481 pawn-492

256 480 366 538 μένη
407 484 698 539 δημοκρατία,
739 486 814 528 καὶ
851 486 879 543 ἡ
910 489 1091 543 γενναία
1131 488 1183 545 δὴ
1213 492 1421 545 τυραννὶς
1448 493 1522 536 καὶ
1549 510 1641 538 πα-

257 552 348 591 σῶν
376 548 546 594 τούτων
576 552 872 608 διαφέρουσα,
915 554 1123 610 τέταρτόν
1158 574 1202 600 τε
1239 559 1312 602 καὶ
1352 560 1534 616 ἔσχατον
1562 562 1639 606 πό-

255 619 361 667 λεως
390 615 574 675 νόσημα.
614 618 642 675 ἢ
677 622 775 664 τίνα
807 621 943 679 ἄλλην
973 624 1080 679 ἔχεις
1120 625 1240 668 ἰδέαν
1268 630 1506 682 πολιτείας,
1547 629 1640 687 ἥτις

255 717 357 752 etiam
397 719 496 753 valde
532 721 757 756 celebrantur.
829 723 919 758 Nam
977 726 1158 770 credibile,
1193 728 1266 762 eius
1299 728 1459 765 librarius
1490 743 1635 776 perver-

254 763 319 797 hoc
347 765 539 808 significatu
580 768 757 803 formulam
796 765 917 813 ὄνομα

255 806 349 852 ἔχειν
372 811 601 856 accipiendam
626 825 702 848 esse
731 815 920 849 luculenter

254 856 377 888 docent
404 858 510 891 verba
536 859 704 902 proxima.
773 861 918 895 Fallitur

253 901 584 936 Sch'eiermacherus
615 916 647 949 p.
670 906 774 941 536.“
810 908 916 942 Stall-

253 946 418 982 baumius.
466 949 538 982 Sed
573 950 663 984 aliud
694 956 748 985 est
775 949 915 996 ὀνόμα-

252 1004 300 1025 τα
331 990 445 1036 ἔχειν,
470 1006 580 1040 neque
606 997 650 1030 ad
683 997 855 1032 Creticam
881 1005 915 1032 et

252 1038 454 1073 Laconicam
477 1044 628 1084 tantum,
653 1043 712 1076 sed
736 1043 779 1077 ad
799 1056 914 1079 omnes

251 1088 398 1128 quatuor
417 1085 551 1130 politias
569 1087 655 1121 haec
676 1090 781 1122 verba
808 1091 914 1134 perti-

252 1134 350 1171 nent,
392 1143 481 1175 quae
515 1133 656 1178 proprie
692 1135 914 1181 intelligenda

251 1186 328 1209 esse
358 1176 691 1214 Schleierlnacherus
723 1181 804 1214 mihi
839 1182 916 1228 qui-

250 1222 326 1255 dem
353 1227 448 1256 recte
483 1227 637 1259 statuere
663 1226 810 1261 videtur.
859 1229 915 1264 Cf.

250 1267 292 1301 L.
308 1267 390 1301 IIII.
417 1280 450 1313 p.
471 1268 551 1304 428.
575 1271 626 1304 E:
663 1268 747 1306 ὅσοι
769 1270 914 1319 ἐπιστή-

248 1324 323 1356 μας
355 1311 499 1357 ἔχοντες
540 1312 790 1360 ὀνομάζονταί
818 1332 915 1360 τινες

250 1356 358 1394 εἶναι.
423 1361 512 1394 Illud
556 1375 622 1396 nou
665 1365 915 1400 concedendum

249 1410 333 1449 puto
365 1406 699 1452 Schleiermachero‚
732 1411 910 1446 Platonem

248 1451 315 1485 iam
344 1451 398 1485 hic
429 1464 548 1487 nomen
579 1457 818 1501 τιμοκρατίας
849 1470 909 1492 seu

247 1498 441 1541 τιμαρχίας
490 1499 526 1533 in
576 1508 687 1536 mente
738 1503 910 1547 habuisse,

247 1543 338 1588 quod
376 1544 466 1578 infra
499 1558 534 1591 p.
555 1547 634 1581 545.
662 1549 701 1582 Β.
738 1553 909 1598 tamquam

247 1600 371 1622 novum
390 1591 560 1634 producit,
586 1597 646 1626 aut
666 1595 752 1628 hanc
771 1599 907 1641 queque

247 1632 534 1680 ἀριστοκρατίαν
565 1638 630 1672 dici
653 1641 820 1684 voluisse,
855 1642 908 1676 cui

246 1681 390 1725 primum
413 1683 503 1716 inter
525 1690 703 1730 corruptas
724 1687 831 1721 locum
852 1700 908 1721 as-

247 1726 373 1769 signat.
424 1729 550 1769 Quidni
576 1731 639 1764 hoc
671 1732 779 1777 ipsum
798 1735 911 1768 nomi-

246 1773 302 1806 uis
327 1773 400 1806 loco
429 1774 636 1818 habeamus,
678 1779 768 1822 quod
799 1781 911 1814 Creti-

247 1830 323 1851 cam
356 1825 390 1853 εἰ
429 1821 635 1855 Laconicam
665 1823 774 1858 dicit?
821 1826 911 1859 Num

246 1863 275 1897 si
307 1871 510 1910 quaeratur,
544 1880 645 1913 quam
671 1870 811 1904 formam
843 1872 911 1905 rei·

246 1910 404 1955 publicae
424 1913 513 1946 bello
541 1914 831 1959 Peloponnesiaco
857 1918 910 1951 vi-

247 1960 326 1990 ctae
364 1957 521 1992 civitates
550 1961 764 2005 acceperint,
798 1963 911 1997 Laco-

245 2003 360 2036 m'cam
379 2003 493 2041 dicere
514 2005 772 2041 dubitabimus?

290 2045 315 2092 ἡ
347 2048 512 2094 Κρητική
552 2071 598 2076 -
629 2049 907 2100 ἐπαινουμένη]

245 2106 310 2128 om.
337 2095 436 2129 Vind.
448 2097 490 2130 F.
503 2097 537 2130 in
562 2109 605 2131 m.
631 2099 734 2132 habet
757 2100 856 2134 Vind.
868 2102 907 2136 Β.

292 2137 325 2174 δ’
337 2138 540 2187 ὀλιγαρχία]
556 2141 593 2177 δὲ
607 2141 905 2181 0²2..Vind.F.St0b.

291 2184 436 2232 ταύτῃ]
463 2190 580 2223 Astius
604 2191 639 2224 in
663 2202 730 2224 sec.
750 2194 907 2227 coniicie-

245 2233 305 2266 bat
337 2232 486 2279 ταύτης.
536 2236 690 2270 Frustra.
730 2238 783 2271 Cf.
819 2239 903 2283 Leg.

244 2278 285 2311 1..
320 2279 419 2314 VIII.
463 2293 496 2326 p.
529 2283 607 2317 843.
645 2282 695 2316 C:
738 2281 797 2318 διὸ
836 2284 901 2329 χρὴ

243 2321 394 2364 πάντως
455 2324 700 2373 εὐλαβεῖσθαι
758 2330 905 2373 γείτονα

243 2369 382 2412 γείτονι
410 2370 524 2416 μηδὲν
551 2377 674 2409 ποιεῖν
706 2374 904 2421 διάφορον.

243 2419 280 2449 et
304 2416 475 2451 Matthiae
499 2431 637 2463 gramm.
663 2424 696 2464 ἓ.
721 2424 802 2457 366.
822 2429 904 2457 nota

243 2464 274 2497 3.
303 2462 357 2496 cui
383 2464 625 2500 Stallbaumius
661 2479 726 2501 non
760 2470 907 2504 debebat

245 2507 397 2541 eiusdem
422 2511 498 2544 libri
522 2513 554 2556 ξ.
581 2514 670 2555 428,
695 2517 728 2549 2.
766 2516 905 2549 coniun-

244 2566 346 2598 gere,
373 2556 499 2600 quippe
523 2570 590 2602 quo
614 2560 687 2594 loco
710 2560 764 2594 vir
777 2562 905 2595 doctis-

243 2599 350 2633 simus
375 2601 546 2637 diversum
580 2605 739 2650 loquendi
771 2608 902 2642 modum

244 2645 403 2680 illustrat.
464 2648 623 2684 Ceterum
667 2653 753 2686 hanc
792 2665 904 2687 rerum

245 2692 458 2736 publicarum
494 2696 639 2739 seriem,
664 2711 765 2743 quam
789 2705 824 2734 et
847 2711 902 2733 res

243 2738 318 2781 ipsa
343 2742 378 2773 et
401 2752 545 2785 sequens
570 2743 754 2787 disputatio
779 2746 904 2780 confir-

244 2787 334 2825 mat,
372 2785 528 2821 Alcinous
561 2789 634 2831 vel,
669 2791 758 2835 quod
795 2792 902 2836 magis

975 772 1019 805 tit
1042 773 1126 816 isag.
1153 785 1182 806 c.
1201 775 1257 810 33.
1293 787 1326 819 p.
1353 778 1437 811 122:
1462 776 1574 812 πέντε
1594 777 1636 812 δέ

975 829 1087 862 φησιν
1119 815 1215 852 εἶναι
1251 822 1456 862 πολιτείας·
1499 822 1567 868 τήν
1596 835 1636 858 τε

975 861 1300 909 ἀριστοκρατικὴν,
1327 863 1474 902 ὁπόταν
1495 869 1532 903 οὶ
1553 866 1633 913 ἄρι-

975 919 1054 943 στοι
1082 906 1243 954 ἄρχωσι,
1279 911 1342 945 καὶ
1364 912 1542 958 δευτέραν
1564 913 1633 960 τήν

972 954 1258 1001 τιμοκρατικήν,
1286 959 1490 1002 φιλοτίμων
1515 957 1634 996 ὄντων

971 1001 1048 1034 τῶν
1076 1000 1288 1046 ἀρχόντων,
1323 1004 1386 1038 καὶ
1416 1006 1544 1050 τρίτην
1565 1005 1634 1052 τήν

973 1047 1270 1092 δημοκρατικὴν,
1296 1049 1359 1084 καὶ
1378 1050 1473 1094 μετὰ
1491 1050 1634 1097 ταύτην

971 1091 1041 1149 την
1066 1091 1324 1139 ὀλιγαρχικὴν,
1350 1099 1565 1132 τελευταίαν
1592 1097 1632 1134 δὲ

971 1152 1042 1183 την
1061 1141 1278 1184 τυραννίδα,
1302 1143 1488 1189 χειρίστην
1509 1141 1632 1189 ὑπάρ-

970 1195 1119 1229 χουσαν.

1015 1232 1192 1277 γενναία]
1217 1235 1370 1277 γενναῖα
1392 1235 1492 1270 Vind.
1512 1236 1584 1271 BF.

1017 1299 1101 1345 καὶ]
1129 1297 1167 1334 ἐκ
1192 1302 1284 1336 Μοη.
1309 1303 1348 1336 Β.
1373 1303 1469 1338 Flor.
1492 1304 1537 1339 U.
1564 1305 1628 1340 καὶ

969 1342 993 1389 ἡ
1024 1347 1104 1380 Par.
1141 1348 1181 1383 A.
1215 1348 1316 1383 Vind.
1360 1349 1433 1384 BE.
1474 1351 1553 1384 Vat.
1586 1352 1632 1386 H.

969 1392 1216 1428 Flor.ACTV.
1241 1394 1333 1439 quod
1357 1407 1559 1441 quamquam
1575 1409 1632 1431 se·-

970 1439 1116 1472 cundum
1140 1450 1198 1481 ea,
1233 1452 1323 1485 quae
1347 1442 1422 1477 Vol.
1448 1442 1476 1475 I.
1511 1455 1545 1487 p.
1571 1445 1630 1480 27.

968 1484 1235 1528 disputavimus,
1269 1487 1352 1520 ferri
1386 1488 1631 1532 quodammodo

967 1534 1093 1574 potest,
1118 1532 1160 1564 ob
1184 1531 1400 1566 insolentiam
1428 1537 1465 1567 et
1487 1535 1531 1568 ob
1559 1547 1631 1570 am·

966 1575 1186 1620 biguitatem‚
1217 1589 1318 1623 quum
1357 1579 1467 1624 quinti
1489 1581 1631 1616 nominis

967 1623 1258 1667 exspectationem
1311 1626 1443 1659 moveri
1489 1639 1631 1662 necesse

966 1671 1074 1705 esset,
1108 1669 1262 1714 recipere
1287 1682 1352 1704 non
1376 1671 1533 1708 sustinui.
1566 1673 1629 1708 καὶ

967 1714 1002 1748 in
1037 1714 1136 1748 Vind.
1171 1715 1212 1748 B.
1248 1717 1382 1761 punctis
1413 1718 1629 1753 circumscri-

968 1764 1062 1804 ptum
1086 1772 1196 1805 neque
1228 1774 1248 1795 a
1272 1763 1304 1795 F
1307 1763 1395 1796 icino
1430 1776 1629 1810 expressum

969 1811 1043 1847 est,
1085 1818 1151 1851 quo
1185 1807 1296 1842 deleto
1330 1816 1539 1855 servatoque
1570 1824 1627 1846 ar-

968 1852 1071 1885 ticulo
1113 1852 1215 1886 lectio
1249 1853 1384 1888 exsistit
1418 1857 1628 1901 probabilior

968 1897 1093 1940 etiam,
1129 1911 1230 1942 quam
1264 1900 1422 1944 vulgata,
1452 1914 1541 1946 quae
1573 1907 1628 1937 ta—

967 1953 1041 1976 men
1069 1949 1104 1977 et
1127 1944 1203 1989 ipsa
1234 1945 1323 1979 bona
1348 1950 1382 1979 et
1407 1959 1426 1980 a
1451 1949 1627 1984 codicibus

967 1989 1095 2022 firmior
1141 1994 1204 2023 est.
1264 1992 1318 2025 Cf.
1369 1992 1452 2037 Leg.
1502 1994 1542 2027 L.
1584 1997 1624 2030 V.

965 2046 999 2079 p.
1025 2037 1102 2070 730.
1129 2035 1178 2069 D:
1206 2033 1225 2070 ὁ
1249 2036 1372 2072 δὲκαὶ
1393 2038 1625 2083 ξυγκολοὲζων

967 2080 1019 2119 εἰς
1048 2079 1205 2123 δύναμιν
1241 2086 1321 2123 τοῖς
1361 2080 1560 2130 ἄρχουσιν,
1604 2083 1624 2122 ὁ

963 2124 1075 2170 μέγας
1108 2124 1204 2171 α’νὴρ
1233 2125 1272 2162 ἐν
1303 2129 1411 2164 πόλει
1444 2131 1526 2166 καὶ
1553 2131 1627 2168 τέ-

964 2174 1094 2212 λειος
1120 2170 1233 2213 οὗτος
1264 2173 1550 2222 ἀναγορευέσθω
1571 2192 1625 2213 νι-

962 2217 1130 2263 κηφόρος
1161 2218 1283 2266 ἀρετῇ.

1007 2286 1241 2331 διαφέρουσα
1268 2293 1281 2336 ]
1368 2290 1626 2337 διαφεύγουσα

961 2333 1041 2366 Par.
1061 2335 1168 2369 ADK.
1193 2348 1262 2371 sec.
1288 2338 1397 2371 Bekk.
1423 2339 1623 2375 Lob.Vind.

961 2379 1033 2412 BF.
1060 2380 1152 2415 Mon.
1166 2383 1206 2416 B.
1229 2384 1305 2417 Vat.
1330 2385 1446 2420 BHM.
1474 2386 1556 2420 Ven.
1583 2386 1622 2420 C.

961 2426 1060 2459 Flor.
1080 2427 1254 2462 ACTUV.
1275 2430 1412 2475 Reliqui
1437 2435 1515 2465 sunt
1538 2444 1623 2477 qua-

962 2474 1039 2504 tuor
1065 2473 1183 2515 (Vind.
1209 2474 1251 2508 E.
1280 2477 1364 2511 ven.
1392 2478 1431 2511 Β.
1469 2479 1555 2522 Aug.
1583 2479 1624 2512 B.

962 2518 1055 2551 Flor.
1084 2519 1144 2563 R.)
1178 2532 1252 2553 cum
1285 2523 1436 2556 Stobaeo
1468 2527 1503 2557 et
1525 2525 1623 2559 Fici-

962 2575 1003 2596 no
1023 2565 1084 2608 (ab
1109 2566 1161 2598 his
1181 2568 1335 2601 omnibus
1358 2570 1535 2614 differens)
1547 2572 1622 2605 vul-

961 2617 1076 2652 gatam
1102 2611 1283 2646 editionum
1318 2616 1466 2649 omnium
1489 2620 1524 2650 et
1546 2618 1622 2650 uni-

961 2667 1000 2689 ce
1018 2668 1133 2690 veram
1153 2659 1357 2702 scripturam
1380 2666 1528 2696 tuentes.
1553 2663 1619 2696 Er-

960 2702 1050 2743 rori,
1077 2715 1176 2747 quein
1201 2705 1293 2740 Mon.
1318 2708 1359 2741 B.
1383 2707 1474 2742 Flor.
1496 2709 1540 2742 U.
1569 2709 1620 2742 in-

959 2748 1159 2793 terpolanda
1207 2753 1460 2797 praepositione
1514 2755 1621 2788 corri-

959 2805 1042 2838 gere
1075 2796 1204 2830 frustra
1236 2799 1350 2833 conati
1381 2804 1479 2842 sunt,
1519 2813 1620 2836 occa-
