1764 3176
234 140 317 180 204

694 137 1154 182 PLATONIS

171 249 205 290 E
234 263 337 304 μεν,
367 245 435 290 ὅτι
466 241 592 290 οὗτοι
619 246 760 299 πάσας
787 248 868 304 μὲν
908 249 1057 306 τέχνας
1088 249 1355 302 ἐπίστανται,
1386 248 1530 293 πάντα
1561 249 1607 294 δὲ

229 315 283 358 τοὶ
320 313 578 369 ἀνθρώπεια
618 317 670 359 τὰ
711 315 822 370 πρὸς
860 314 1019 373 ἀρετὴν
1057 317 1132 360 καὶ
1162 319 1320 361 κακίαν
1365 319 1438 362 καὶ
1478 317 1530 362 τά
1561 333 1608 374 γε

229 387 351 426 θεῖα·
392 380 561 439 ἀνάγκη
591 383 674 438 γὰρ
706 384 783 427 τόν
827 382 999 439 ἀγαθὸν
1028 384 1232 440 ποιητήν,
1273 385 1309 428 εἰ
1337 385 1479 441 μέλλει
1509 386 1608 441 περὶ

230 446 293 494 ὧν
327 450 384 494 ἂν
421 454 528 507 ποιῇ
567 444 708 502 καλῶς
746 450 965 508 ποιήσειν,
1007 451 1152 495 εἰδότα
1183 451 1271 507 ἄρα
1298 459 1459 505 ποιεῖν,
1489 454 1518 510 ἢ
1548 452 1606 509 μή

231 516 330 564 οἷόν
359 535 403 562 τε
433 517 545 562 εἶναι
575 524 728 562 ποιεῖν.
771 522 838 564 δεῖ
865 520 918 576 δή
948 520 1287 573 ἐπισκέψασθαι,
1319 520 1507 577 πότερον
1536 538 1607 576 μι-

232 591 385 644 μηταῖς
426 585 602 637 τούτοις
650 582 774 631 οὗτοι
823 586 1074 644 ἐντυχόντες
1119 586 1404 646 ἐξηπάτηνται
1450 589 1522 633 καὶ
1555 588 1608 632 τοὶ

138 665 206 701 599
233 657 338 712 ἔργα
368 653 516 698 αὐτῶν
556 652 743 709 ὁρῶντες
782 654 866 699 οὐκ
897 654 1185 700 αἰσθάνονται
1217 655 1364 711 τριττὰ
1396 655 1609 711 ἀπέχοντα

228 728 308 769 τοῦ
347 723 476 774 ὄντος
517 722 591 765 καὶ
632 722 761 780 ῥᾴδια
799 729 942 768 ποιεῖν
981 722 1039 780 μή
1080 724 1214 768 εἰδότι
1252 723 1333 780 τὴν
1373 722 1604 780 ἀλήθειαν·

227 791 516 848 φαντάσματα
554 788 660 844 γὰρ,
705 788 800 834 ἀλλ’
844 791 926 835 οὐκ
969 791 1074 835 ὄντα
1118 794 1351 834 ποιοῦσιν·
1390 790 1418 847 ἤ
1454 808 1494 834 τι
1534 792 1609 834 καὶ

227 860 428 916 λέγουσι,
461 858 535 903 καὶ
563 862 624 915 τῷ
661 858 754 903 ὄντι
792 861 835 903 οἱ
865 859 1028 915 ἀγαθοὶ
1058 858 1228 914 ποιηταὶ
1270 859 1387 901 ἴσασι
1417 858 1515 914 περὶ
1545 852 1609 901 ὦν

165 1009 199 1050 Ε
276 1005 505 1050 ἐπίστανται]
530 1021 594 1042 om..
614 1009 739 1043 Vat.ss.
767 1009 888 1043 ἴσασιν

229 1054 316 1088 Lob.
358 1056 437 1090 Vat.
474 1055 522 1088 M.
558 1066 697 1099 quormn
737 1057 889 1089 codicum

225 1101 269 1134 ad
293 1101 372 1134 Vat.
399 1100 437 1134 Β.
470 1101 629 1141 eandem,
664 1113 763 1145 quam
788 1101 886 1135 Vind.

224 1147 264 1180 Β.
289 1147 381 1180 Mon.
405 1146 445 1179 C.
472 1147 514 1179 ad
541 1127 639 1181 Vind'.
661 1147 702 1180 Ε.
723 1148 887 1181 rationem

225 1204 301 1227 esse
325 1193 357 1225 h.
386 1192 407 1225 l.
433 1192 644 1236 intelligitur.

271 1236 318 1272 τὰ
354 1206 603 1281 ανθρώπεια]
641 1235 886 1282 τάνθρώπεια

224 1285 309 1319 Lob.
335 1285 435 1319 Vind.
462 1285 529 1317 BF.
555 1284 649 1317 Mon.
677 1284 718 1317 C.
744 1286 827 1328 Aug
843 1285 882 1318 B.

226 1332 302 1365 Vat.
315 1330 364 1364 M.
390 1330 482 1363 Flor.
495 1330 539 1363 R.
566 1330 884 1371 Bekkerus,Astius

223 1377 258 1410 in
283 1380 362 1410 text.
389 1379 424 1409 et
447 1375 702 1409 Stallbaumius.
738 1376 792 1409 Cf.
809 1378 884 1412 Vol.

222 1423 250 1457 I.
280 1434 313 1467 p.
340 1422 428 1457 LVI.
451 1433 527 1467 sqq.

267 1469 371 1512 θεῖα]
401 1469 480 1504 Vat.
505 1469 548 1502 B.
573 1464 775 1512 ἠπίσταντο
795 1479 815 1502 a
839 1480 883 1505 m.

221 1525 250 1548 s.
272 1514 378 1548 addit.

267 1558 410 1605 μέλλει]
443 1557 567 1603 μέλλοι
592 1559 693 1596 Vind.
720 1560 763 1594 Ε.
789 1560 884 1595 Flor.

267 1651 752 1740 1]

222 1744 264 1777 Β.
297 1743 332 1777 εἰ
363 1741 407 1777 δ’
434 1740 496 1777 ὅτε
530 1745 615 1778 Ven.
641 1744 681 1778 C.
716 1748 751 1777 et
786 1756 807 1778 a
838 1711 881 1778 nli.

222 1801 275 1834 pr.
301 1790 381 1823 Vat.
407 1790 447 1823 Β.

271 1833 354 1869 οἶόν
389 1837 451 1880 τε]

221 1882 356 1925 Ang.B

268 1907 404 1970 ποιεῖν]
431 1924 595 1960 εὐποιεῖν
613 1926 724 1960 Procl.
742 1929 884 1961 ποιεῖν.·

224 1973 325 2006 Vind.
349 1973 393 2006 E.

269 2017 443 2062 πότερον]
471 2015 655 2061 πρότερον
680 2018 792 2052 Procl.

267 2064 436 2108 τούτοις]
466 2077 530 2098 om.
555 2064 653 2097 Vind.
683 2064 754 2097 ΒΕ.
790 2063 881 2098 Mon.

223 2111 264 2146 G.
289 2112 380 2146 Flor.
407 2111 447 2144 C.
471 2111 583 2144 Procl.

268 2154 500 2201 ἐντυχόντες]

222 2203 317 2238 Flor.
343 2204 387 2237 T.

269 2246 442 2294 ὁρῶντες]
466 2245 498 2283 ὁ.
519 2245 766 2292 ἐξηπάτηνται
782 2247 881 2281 Vind.

498 1833 581 1869 οἶόν
623 1831 662 1868 τ’
707 1835 808 1870 Vind.
844 1836 884 1869 1⁴.

601 2153 884 2199 ἐντυγχάνοντες

271 2339 540 2383 αἰσθάνονται]
567 2341 661 2374 Μοῐι.
685 2341 725 2374 Β.
756 2339 789 2374 in
814 2340 881 2373 fine

222 2398 342 2421 versus
364 2400 383 2420 a
407 2399 451 2421 m.
475 2399 501 2421 s.
520 2383 578 2421 ὅτι
594 2385 743 2420 additum
766 2387 878 2419 habet.

265 2431 418 2477 τριττα]
457 2431 563 2477 τριτὰ
596 2433 689 2466 Mon.
722 2432 761 2466 C.
795 2431 880 2476 τρία

219 2479 331 2513 Procl.

252 2521 388 2566 ὄντος]
419 2522 545 2579 ’γέντος
573 2524 672 2558 Vind.
700 2524 743 2557 Ε.

265 2569 401 2617 ῥᾴδια]
429 2567 475 2603 ον’
501 2568 534 2612 ζ).
562 2570 660 2603 Vind.
687 2570 757 2604 ΒΕ.
785 2570 877 2604 Mon.

220 2618 260 2652 C.
286 2618 380 2650 Flor.
405 2616 475 2650 Ac.
504 2613 637 2660 ῥᾴδιον
662 2616 771 2650 Procl.

264 2661 406 2706 εἰδότι]
447 2651 575 2696 εἰδότα
615 2663 692 2696 Par.
730 2662 771 2696 K.

217 2710 327 2743 Bekk.

262 2752 354 2809 γαρ]
390 2766 454 2788 om.
489 2754 582 2787 Mon
614 2755 650 2786 Β
680 2774 717 2778 ——
755 2753 877 2787 Venbis

218 2798 465 2845 φαντάσματα
488 2812 570 2843 γαρ,
590 2797 671 2834 αλλ’
699 2812 766 2834 ουκ
785 2795 878 2835 ὄντα

130 2346 199 2382 599

806 2673 872 2695 se(-

947 1010 1144 1052 ποιοῦσιν,
1196 1020 1284 1054 quae
1330 1007 1523 1052 Stephanus
1570 1011 1606 1040 et

945 1056 1060 1089 Astius
1084 1067 1146 1099 pro
1179 1055 1375 1099 parenthesi
1404 1055 1606 1094 habuerunt,

947 1102 1124 1135 Bekkerus
1158 1101 1330 1135 commatis
1361 1100 1520 1144 utrinque
1555 1099 1605 1131 di—

944 1147 1311 1191 st11x1tego,q11ia
1335 1146 1451 1180 eadem
1475 1145 1605 1179 ratione

944 1194 986 1247 a⁷d
1010 1192 1180 1248 proxima
1224 1193 1358 1226 adiecta
1398 1195 1496 1232 sunt,
1537 1201 1604 1235 qua

944 1236 1086 1282 ἀνάγκη
1111 1236 1182 1282 γὰρ
1208 1242 1273 1272 etc.
1306 1238 1339 1271 in
1364 1236 1604 1290 superioribus,

943 1296 1018 1318 cum
1041 1285 1264 1318 Stallbaumio
1295 1284 1331 1317 in
1364 1296 1433 1317 sec.
1467 1282 1604 1316 maiolis

942 1330 1225 1386 inteipunctionis
1252 1333 1349 1363 notas
1374 1328 1522 1363 adhibui.

988 1374 1056 1410 οὐκ
1083 1372 1189 1432 ὄντα]
1216 1372 1380 1409 ουκόντα
1402 1374 1501 1410 Vind.
1527 1374 1570 1406 Ε.

987 1418 1010 1465 ἤ
1029 1422 1076 1465 τι]
1111 1418 1133 1465 ἢ
1159 1421 1195 1455 τὶ
1221 1422 1297 1456 Ald.
1322 1422 1402 1456 Bas.
1435 1421 1490 1454 ab.
1519 1415 1542 1463 ἢ
1567 1419 1603 1453 τί

941 1467 1026 1501 Lob.
1053 1468 1151 1501 Vind.
1177 1467 1217 1500 F.
1248 1467 1359 1502 Procl.
1383 1466 1502 1510 steph.
1527 1468 1603 1499 Ast.

941 1525 994 1558 pr.
1021 1513 1059 1547 εἴ
1078 1526 1113 1547 τι
1137 1513 1236 1546 Vind.
1251 1513 1325 1547 BE.
1352 1512 1443 1545 Mon.
1457 1511 1497 1544 C.
1517 1512 1604 1546 ven.

941 1560 980 1593 Β.
1016 1559 1095 1593 vat.
1120 1560 1164 1593 H.
1190 1559 1282 1594 Flor.
1305 1558 1444 1592 ACTV.
1470 1556 1507 1591 τί
1531 1556 1603 1591 ine-

941 1608 1036 1650 ptum
1061 1617 1136 1638 esse
1161 1616 1262 1650 quuln
1286 1603 1522 1638 antecedentia
1542 1603 1601 1636 do-

942 1656 1041 1692 cent,
1074 1651 1199 1696 quibus
1233 1651 1318 1684 haec
1345 1649 1502 1695 opposita
1527 1660 1602 1682 esse

940 1697 1088 1739 debent,
1112 1702 1182 1730 tum
1205 1697 1404 1741 sequentia,
1425 1707 1513 1740 quae
1537 1695 1599 1728 ho—

940 1754 1014 1777 rum
1038 1743 1296 1800 explicationem
1325 1742 1507 1776 continent.

988 1788 1074 1833 καὶ]
1111 1801 1175 1822 om.
1204 1789 1314 1821 Procl.
1347 1787 1435 1829 „uoci
1458 1799 1524 1821 non
1548 1790 1601 1820 est

943 1835 1098 1876 otiosum,
1122 1835 1183 1868 sed
1205 1834 1334 1867 indicat
1356 1833 1599 1867 dubitationem

941 1881 1131 1925 loquentis,
1155 1880 1211 1925 qui
1235 1881 1322 1913 nihil
1346 1881 1389 1913 ab
1414 1881 1456 1913 iis
1482 1891 1598 1923 exspe-

941 1928 1030 1960 ctari
1062 1937 1162 1970 posse
1195 1925 1378 1969 significat.
1432 1925 1600 1958 Dixerunt

941 1973 982 2005 de
1010 1973 1072 2006 hoc
1095 1984 1158 2005 usu
1183 1972 1397 2004 Hermannus
1421 1971 1463 2004 ad
1480 1971 1597 2014 Viger.

941 2030 974 2062 p.
992 2020 1070 2053 837.
1105 2023 1140 2050 et
1163 2017 1276 2050 Bremi
1303 2017 1344 2050 ad
1378 2017 1595 2050 Demosthen.

940 2064 1037 2096 Orat.
1063 2063 1133 2096 Sel.
1158 2063 1293 2097 Sect.I.
1318 2063 1467 2106 p.143.“
1491 2062 1597 2095 Stall-

939 2109 1092 2142 baumius
1126 2109 1161 2142 in
1201 2120 1268 2142 sec.
1305 2109 1518 2142 Hemnannus
1561 2112 1596 2141 et

940 2154 1053 2189 Bremi
1078 2155 1122 2188 de
1146 2165 1185 2188 eo
1219 2154 1406 2199 particulae
1435 2165 1498 2187 usu
1527 2154 1597 2187 dis-

939 2205 1080 2246 putant,
1113 2201 1171 2246 qui
1202 2200 1235 2234 in
1271 2200 1596 2244 interrogationibus

938 2247 1089 2288 obtinet,
1124 2247 1166 2280 (le
1197 2258 1263 2292 quo
1292 2246 1371 2279 mihi
1395 2246 1475 2291 quid
1499 2246 1594 2279 vide—

938 2296 1027 2334 atur,
1051 2304 1154 2337 supra
1176 2305 1210 2337 p.
1236 2294 1312 2327 108.
1338 2292 1479 2325 ostendi.
1520 2292 1595 2324 Hoc

938 2351 1020 2372 vero
1053 2339 1126 2372 loco
1159 2350 1260 2383 quum
1292 2338 1327 2371 τί
1361 2338 1512 2383 ineptum
1538 2337 1595 2379 sit,

934 2385 1025 2418 illam
1049 2397 1183 2430 quoque
1217 2384 1497 2428 significationem
1521 2383 1592 2417 ine-

934 2434 1028 2475 ptam
1057 2443 1131 2464 esse
1162 2436 1316 2475 apparet.
1364 2430 1508 2463 Constat
1531 2441 1592 2463 au-

937 2483 1005 2510 tem
1038 2480 1129 2519 tum,
1163 2488 1264 2521 quum
1288 2477 1381 2522 optio
1411 2476 1501 2509 inter
1524 2476 1591 2510 duo

935 2522 1091 2567 ambigua
1118 2527 1189 2563 est
1225 2526 1263 2555 ut
1280 2534 1361 2556 mon
1393 2533 1493 2556 unum
1516 2524 1590 2555 tan-

934 2572 1021 2611 tum,
1047 2569 1106 2602 sed
1138 2569 1281 2602 alterum
1312 2580 1442 2613 quoque
1465 2567 1594 2612 eligen-

936 2615 1013 2649 dum
1044 2615 1152 2649 vide1i
1177 2615 1300 2659 possit,
1325 2615 1367 2648 ad
1398 2615 1461 2648 hoc
1484 2614 1591 2667 ipsum

935 2661 1193 2705 significandum
1225 2660 1413 2705 particulae
1440 2655 1464 2703 ἢ
1496 2659 1591 2703 iungi

935 2708 1045 2741 solere
1068 2707 1141 2740 καί.
1182 2707 1255 2761 5Sic
1291 2708 1456 2740 Hoineius
1483 2706 1523 2738 Il.
1549 2705 1590 2738 L.

936 2753 1141 2787 11.v.238:
1178 2748 1280 2796 ὄφρα
1309 2753 1453 2807 ἴδηται,
1488 2747 1510 2794 ἤ
1541 2748 1589 2805 ῥά

936 2799 970 2832 τί
994 2798 1030 2833 οὶ
1054 2795 1091 2842 χ’
1111 2796 1217 2842 ἡμεῖς
1234 2796 1527 2842 προσαμύνομεν,
1547 2793 1589 2840 ήε
