<?xml version="1.0" encoding="UTF-8"?>
<!DOCTYPE html PUBLIC "-//W3C//DTD XHTML 1.0 Transitional//EN"
    "http://www.w3.org/TR/xhtml1/DTD/xhtml1-transitional.dtd">
<html xmlns="http://www.w3.org/1999/xhtml" xml:lang="en" lang="en">
 <head>
  <title>
</title>
<meta http-equiv="Content-Type" content="text/html;charset=utf-8" />
  <meta name='ocr-system' content='tesseract 3.04.00' />
  <meta name='ocr-capabilities' content='ocr_page ocr_carea ocr_par ocr_line ocrx_word'/>
</head>
<body>
  <div class='ocr_page' id='page_1' title='image "./operagraecerecen01platuoft_0184.png"; bbox 0 0 1764 3176; ppageno 0'>
   <div class='ocr_carea' id='block_1_1' title="bbox 273 114 1252 161">
    <p class='ocr_par' dir='ltr' id='par_1_1' title="bbox 273 114 1252 161">
     <span class='ocr_line' id='line_1_1' title="bbox 273 114 1252 161; baseline -0.003 0"><span class='ocrx_word' id='word_1_1' title='bbox 273 121 330 161; x_wconf 78' lang='lat'><em>48</em></span> <span class='ocrx_word' id='word_1_2' title='bbox 729 114 1252 159; x_wconf 51' lang='lat' dir='ltr'><em>PLATONISx</em></span> 
     </span>
    </p>
   </div>
   <div class='ocr_carea' id='block_1_2' title="bbox 272 225 1673 285">
    <p class='ocr_par' dir='ltr' id='par_1_2' title="bbox 272 225 1673 285">
     <span class='ocr_line' id='line_1_2' title="bbox 272 225 1673 285; baseline -0.001 -13"><span class='ocrx_word' id='word_1_3' title='bbox 272 227 504 272; x_wconf 79' lang='grc' dir='ltr'><em>ἐθέλουσιν</em></span> <span class='ocrx_word' id='word_1_4' title='bbox 545 229 703 284; x_wconf 77' lang='grc' dir='ltr'><em>εἴργειν</em></span> <span class='ocrx_word' id='word_1_5' title='bbox 740 229 863 285; x_wconf 80' lang='grc' dir='ltr'><em>νόμῳ</em></span> <span class='ocrx_word' id='word_1_6' title='bbox 906 231 997 271; x_wconf 73' lang='grc' dir='ltr'><em>τῶν</em></span> <span class='ocrx_word' id='word_1_7' title='bbox 1035 228 1151 272; x_wconf 82' lang='grc' dir='ltr'><em>νέων</em></span> <span class='ocrx_word' id='word_1_8' title='bbox 1191 226 1288 270; x_wconf 85' lang='grc' dir='ltr'><strong><em>ὅσοι</em></strong></span> <span class='ocrx_word' id='word_1_9' title='bbox 1327 225 1382 270; x_wconf 79' lang='grc' dir='ltr'><em>ἂν</em></span> <span class='ocrx_word' id='word_1_10' title='bbox 1419 225 1673 272; x_wconf 82' lang='grc' dir='ltr'><em>ἀκόλαστοι</em></span> 
     </span>
    </p>
   </div>
   <div class='ocr_carea' id='block_1_3' title="bbox 271 294 1659 760">
    <p class='ocr_par' dir='ltr' id='par_1_3' title="bbox 271 294 1659 760">
     <span class='ocr_line' id='line_1_3' title="bbox 271 294 1652 351; baseline 0.001 -13"><span class='ocrx_word' id='word_1_11' title='bbox 271 298 528 351; x_wconf 87' lang='grc' dir='ltr'><em>γίγνωνται,</em></span> <span class='ocrx_word' id='word_1_12' title='bbox 569 297 626 351; x_wconf 83' lang='grc' dir='ltr'><em>μή</em></span> <span class='ocrx_word' id='word_1_13' title='bbox 670 296 826 348; x_wconf 80' lang='grc' dir='ltr'><em>ἐξεῖναι</em></span> <span class='ocrx_word' id='word_1_14' title='bbox 868 294 1017 346; x_wconf 83' lang='grc' dir='ltr'><em>αὐτοῖς</em></span> <span class='ocrx_word' id='word_1_15' title='bbox 1056 294 1306 339; x_wconf 79' lang='grc' dir='ltr'><em>ἀναλίσκειν</em></span> <span class='ocrx_word' id='word_1_16' title='bbox 1337 311 1381 337; x_wconf 88' lang='grc' dir='ltr'><em>τε</em></span> <span class='ocrx_word' id='word_1_17' title='bbox 1411 297 1486 338; x_wconf 87' lang='grc' dir='ltr'><em>καὶ</em></span> <span class='ocrx_word' id='word_1_18' title='bbox 1516 296 1652 340; x_wconf 84' lang='grc' dir='ltr'><em>ἀπολ-</em></span> 
     </span>
     <span class='ocr_line' id='line_1_4' title="bbox 271 362 1657 418; baseline 0.001 -12"><span class='ocrx_word' id='word_1_19' title='bbox 271 363 402 406; x_wconf 83' lang='grc' dir='ltr'><em>λύναι</em></span> <span class='ocrx_word' id='word_1_20' title='bbox 446 362 498 406; x_wconf 77' lang='grc' dir='ltr'><em>τὰ</em></span> <span class='ocrx_word' id='word_1_21' title='bbox 539 362 707 417; x_wconf 80' lang='grc' dir='ltr'><em>αὐτῶν,</em></span> <span class='ocrx_word' id='word_1_22' title='bbox 752 368 826 409; x_wconf 83' lang='grc' dir='ltr'><em>ἵνα</em></span> <span class='ocrx_word' id='word_1_23' title='bbox 857 362 1105 418; x_wconf 73' lang='grc' dir='ltr'><em>ὠνούμενοι</em></span> <span class='ocrx_word' id='word_1_24' title='bbox 1133 362 1186 406; x_wconf 77' lang='grc' dir='ltr'><em>τά</em></span> <span class='ocrx_word' id='word_1_25' title='bbox 1216 366 1305 406; x_wconf 76' lang='grc' dir='ltr'><em>τῶν</em></span> <span class='ocrx_word' id='word_1_26' title='bbox 1339 364 1552 407; x_wconf 82' lang='grc' dir='ltr'><em>τοιούτων</em></span> <span class='ocrx_word' id='word_1_27' title='bbox 1582 365 1657 408; x_wconf 83' lang='grc' dir='ltr'><em>καὶ</em></span> 
     </span>
     <span class='ocr_line' id='line_1_5' title="bbox 271 430 1655 487; baseline 0 -14"><span class='ocrx_word' id='word_1_28' title='bbox 271 432 608 484; x_wconf 81' lang='grc' dir='ltr'><em>εἰσδανείζοντες</em></span> <span class='ocrx_word' id='word_1_29' title='bbox 647 432 705 475; x_wconf 76' lang='grc' dir='ltr'><em>ἔτι</em></span> <span class='ocrx_word' id='word_1_30' title='bbox 750 432 1068 487; x_wconf 77' lang='grc' dir='ltr'><em>πλουσιώτεροί</em></span> <span class='ocrx_word' id='word_1_31' title='bbox 1108 449 1150 475; x_wconf 87' lang='grc' dir='ltr'><em>τε</em></span> <span class='ocrx_word' id='word_1_32' title='bbox 1188 431 1262 474; x_wconf 81' lang='grc' dir='ltr'><em>καὶ</em></span> <span class='ocrx_word' id='word_1_33' title='bbox 1293 430 1558 485; x_wconf 76' lang='grc' dir='ltr'><em>ἐντιμότεροι</em></span> <span class='ocrx_word' id='word_1_34' title='bbox 1587 433 1655 485; x_wconf 86' lang='grc' dir='ltr'><em>γί-</em></span> 
     </span>
     <span class='ocr_line' id='line_1_6' title="bbox 271 497 1656 555; baseline 0.001 -14"><span class='ocrx_word' id='word_1_35' title='bbox 271 516 474 554; x_wconf 87' lang='grc' dir='ltr'><em>γνωνται.</em></span> <span class='ocrx_word' id='word_1_36' title='bbox 536 498 709 550; x_wconf 86' lang='grc' dir='ltr'><em>Παντός</em></span> <span class='ocrx_word' id='word_1_37' title='bbox 738 517 785 555; x_wconf 92' lang='grc' dir='ltr'><em>γε</em></span> <span class='ocrx_word' id='word_1_38' title='bbox 815 505 995 555; x_wconf 82' lang='grc' dir='ltr'><em>μᾶλλον.</em></span> <span class='ocrx_word' id='word_1_39' title='bbox 1044 499 1224 544; x_wconf 84' lang='grc' dir='ltr'><em>Οὐκοῦν</em></span> <span class='ocrx_word' id='word_1_40' title='bbox 1255 501 1385 554; x_wconf 86' lang='grc' dir='ltr'><em>δῆλον</em></span> <span class='ocrx_word' id='word_1_41' title='bbox 1414 497 1496 554; x_wconf 76' lang='grc' dir='ltr'><em>ἤδη</em></span> <span class='ocrx_word' id='word_1_42' title='bbox 1526 503 1656 542; x_wconf 86' lang='grc' dir='ltr'><em>τοῦτο</em></span> 
     </span>
     <span class='ocr_line' id='line_1_7' title="bbox 271 566 1657 626; baseline -0.002 -15"><span class='ocrx_word' id='word_1_43' title='bbox 271 568 319 611; x_wconf 80' lang='grc' dir='ltr'><em>ἐν</em></span> <span class='ocrx_word' id='word_1_44' title='bbox 347 567 490 619; x_wconf 86' lang='grc' dir='ltr'><em>πόλει,</em></span> <span class='ocrx_word' id='word_1_45' title='bbox 534 566 600 610; x_wconf 83' lang='grc' dir='ltr'><em>ὅτι</em></span> <span class='ocrx_word' id='word_1_46' title='bbox 629 572 823 611; x_wconf 83' lang='grc' dir='ltr'><em>πλοῦτον</em></span> <span class='ocrx_word' id='word_1_47' title='bbox 853 574 983 626; x_wconf 77' lang='grc' dir='ltr'><em>τιμςῖν</em></span> <span class='ocrx_word' id='word_1_48' title='bbox 1013 570 1085 612; x_wconf 85' lang='grc' dir='ltr'><em>καὶ</em></span> <span class='ocrx_word' id='word_1_49' title='bbox 1116 566 1413 623; x_wconf 79' lang='grc' dir='ltr'><em>σωφροσύνην</em></span> <span class='ocrx_word' id='word_1_50' title='bbox 1444 566 1533 622; x_wconf 83' lang='grc' dir='ltr'><em>ἅμα</em></span> <span class='ocrx_word' id='word_1_51' title='bbox 1564 569 1657 609; x_wconf 84' lang='grc' dir='ltr'><em>ἱκα-</em></span> 
     </span>
     <span class='ocr_line' id='line_1_8' title="bbox 273 633 1657 690; baseline 0.001 -12"><span class='ocrx_word' id='word_1_52' title='bbox 273 640 359 686; x_wconf 79' lang='grc' dir='ltr'><em>νῶς</em></span> <span class='ocrx_word' id='word_1_53' title='bbox 398 640 584 679; x_wconf 80' lang='grc' dir='ltr'><em>κτᾶσθαι</em></span> <span class='ocrx_word' id='word_1_54' title='bbox 619 634 666 677; x_wconf 78' lang='grc' dir='ltr'><em>ἐν</em></span> <span class='ocrx_word' id='word_1_55' title='bbox 709 640 798 686; x_wconf 87' lang='grc' dir='ltr'><em>τοῖς</em></span> <span class='ocrx_word' id='word_1_56' title='bbox 837 639 1034 686; x_wconf 79' lang='grc' dir='ltr'><em>πολίταις</em></span> <span class='ocrx_word' id='word_1_57' title='bbox 1076 634 1318 687; x_wconf 82' lang='grc' dir='ltr'><em>ἀδύνατον,</em></span> <span class='ocrx_word' id='word_1_58' title='bbox 1361 633 1456 677; x_wconf 83' lang='grc' dir='ltr'><em>ἀλλ’</em></span> <span class='ocrx_word' id='word_1_59' title='bbox 1489 633 1657 690; x_wconf 79' lang='grc' dir='ltr'><em>ἀνάγκη</em></span> 
     </span>
     <span class='ocr_line' id='line_1_9' title="bbox 272 700 1659 760; baseline -0.002 -13"><span class='ocrx_word' id='word_1_60' title='bbox 272 702 300 760; x_wconf 81' lang='grc' dir='ltr'><strong><em>ἢ</em></strong></span> <span class='ocrx_word' id='word_1_61' title='bbox 329 707 408 747; x_wconf 86' lang='grc' dir='ltr'><em>τοῦ</em></span> <span class='ocrx_word' id='word_1_62' title='bbox 441 703 591 756; x_wconf 77' lang='grc' dir='ltr'><em>ἕτερον</em></span> <span class='ocrx_word' id='word_1_63' title='bbox 621 701 795 758; x_wconf 87' lang='grc' dir='ltr'><em>ἀμελεῖν</em></span> <span class='ocrx_word' id='word_1_64' title='bbox 824 703 852 760; x_wconf 82' lang='grc' dir='ltr'><strong><em>ἢ</em></strong></span> <span class='ocrx_word' id='word_1_65' title='bbox 880 700 974 747; x_wconf 85' lang='grc' dir='ltr'><em>τοῦΙ</em></span> <span class='ocrx_word' id='word_1_66' title='bbox 993 703 1165 757; x_wconf 67' lang='grc' dir='ltr'><em>ἑτέρους</em></span> <span class='ocrx_word' id='word_1_67' title='bbox 1190 704 1424 753; x_wconf 81' lang='grc' dir='ltr'><em>Ἐπιεικῶς,</em></span> <span class='ocrx_word' id='word_1_68' title='bbox 1457 701 1555 757; x_wconf 71' lang='grc' dir='ltr'><em>ἔφη,</em></span> <span class='ocrx_word' id='word_1_69' title='bbox 1584 704 1659 758; x_wconf 84' lang='grc' dir='ltr'><em>δῆ-</em></span> 
     </span>
    </p>
   </div>
   <div class='ocr_carea' id='block_1_4' title="bbox 273 776 364 816">
    <p class='ocr_par' dir='ltr' id='par_1_4' title="bbox 273 776 364 816">
     <span class='ocr_line' id='line_1_10' title="bbox 273 776 364 816; baseline 0 -1"><span class='ocrx_word' id='word_1_70' title='bbox 273 776 364 816; x_wconf 91' lang='grc' dir='ltr'><em>λον.</em></span> 
     </span>
    </p>
   </div>
   <div class='ocr_carea' id='block_1_5' title="bbox 428 769 1659 827">
    <p class='ocr_par' dir='ltr' id='par_1_5' title="bbox 428 769 1659 827">
     <span class='ocr_line' id='line_1_11' title="bbox 428 769 1659 827; baseline -0.002 -13"><span class='ocrx_word' id='word_1_71' title='bbox 428 775 794 826; x_wconf 78' lang='grc' dir='ltr'><em>Παραμελοῦντες</em></span> <span class='ocrx_word' id='word_1_72' title='bbox 835 770 887 827; x_wconf 81' lang='grc' dir='ltr'><em>δή</em></span> <span class='ocrx_word' id='word_1_73' title='bbox 919 771 965 814; x_wconf 77' lang='grc' dir='ltr'><em>ἐν</em></span> <span class='ocrx_word' id='word_1_74' title='bbox 995 777 1088 822; x_wconf 89' lang='grc' dir='ltr'><em>ταῖς</em></span> <span class='ocrx_word' id='word_1_75' title='bbox 1117 769 1383 825; x_wconf 80' lang='grc' dir='ltr'><em>ὀλιγαρχίαις</em></span> <span class='ocrx_word' id='word_1_76' title='bbox 1413 770 1485 812; x_wconf 87' lang='grc' dir='ltr'><em>καὶ</em></span> <span class='ocrx_word' id='word_1_77' title='bbox 1516 769 1659 825; x_wconf 77' lang='grc' dir='ltr'><em>ἐφιέν-</em></span> 
     </span>
    </p>
   </div>
   <div class='ocr_carea' id='block_1_6' title="bbox 272 834 1660 894">
    <p class='ocr_par' dir='ltr' id='par_1_6' title="bbox 272 834 1660 894">
     <span class='ocr_line' id='line_1_12' title="bbox 272 834 1660 894; baseline -0.003 -10"><span class='ocrx_word' id='word_1_78' title='bbox 272 857 341 891; x_wconf 87' lang='grc' dir='ltr'><em>τες</em></span> <span class='ocrx_word' id='word_1_79' title='bbox 371 839 703 882; x_wconf 76' lang='grc' dir='ltr'><em>ἀκολασταίνειν</em></span> <span class='ocrx_word' id='word_1_80' title='bbox 745 839 827 882; x_wconf 63' lang='lat' dir='ltr'><em>ofin</em></span> <span class='ocrx_word' id='word_1_81' title='bbox 868 839 1061 894; x_wconf 79' lang='grc' dir='ltr'><em>ἀγεννεῖς</em></span> <span class='ocrx_word' id='word_1_82' title='bbox 1104 839 1239 882; x_wconf 82' lang='grc' dir='ltr'><em>ἐνίοτε</em></span> <span class='ocrx_word' id='word_1_83' title='bbox 1279 834 1547 889; x_wconf 73' lang='grc' dir='ltr'><em>ἀνθρώπους</em></span> <span class='ocrx_word' id='word_1_84' title='bbox 1576 838 1660 881; x_wconf 85' lang='grc' dir='ltr'><em>πέ-</em></span> 
     </span>
    </p>
   </div>
   <div class='ocr_carea' id='block_1_7' title="bbox 276 904 964 963">
    <p class='ocr_par' dir='ltr' id='par_1_7' title="bbox 276 904 964 963">
     <span class='ocr_line' id='line_1_13' title="bbox 276 904 964 963; baseline -0.001 -12"><span class='ocrx_word' id='word_1_85' title='bbox 276 924 409 963; x_wconf 85' lang='grc' dir='ltr'><em>νητας</em></span> <span class='ocrx_word' id='word_1_86' title='bbox 454 904 709 962; x_wconf 80' lang='grc' dir='ltr'><em>ἠνάγκασαν</em></span> <span class='ocrx_word' id='word_1_87' title='bbox 747 907 964 963; x_wconf 78' lang='grc' dir='ltr'><em>γενέσθαι.</em></span> 
     </span>
    </p>
   </div>
   <div class='ocr_carea' id='block_1_8' title="bbox 275 1054 940 1183">
    <p class='ocr_par' dir='ltr' id='par_1_8' title="bbox 275 1054 930 1183">
     <span class='ocr_line' id='line_1_14' title="bbox 323 1054 717 1100; baseline 0.005 -11"><span class='ocrx_word' id='word_1_88' title='bbox 323 1054 482 1100; x_wconf 80' lang='grc' dir='ltr'><em>εἴργειν]</em></span> <span class='ocrx_word' id='word_1_89' title='bbox 508 1056 618 1100; x_wconf 77' lang='grc' dir='ltr'><em>εἶ’γειν</em></span> <span class='ocrx_word' id='word_1_90' title='bbox 642 1056 717 1091; x_wconf 81' lang='lat' dir='ltr'><strong>Ald.</strong></span> 
     </span>
     <span class='ocr_line' id='line_1_15' title="bbox 275 1102 940 1183; baseline 0.003 -49"><span class='ocrx_word' id='word_1_91' title='bbox 275 1102 541 1183; x_wconf 45' lang='grc' dir='ltr'><em>1ζὸζίγνῦωνται]</em></span> <span class='ocrx_word' id='word_1_92' title='bbox 567 1103 754 1146; x_wconf 79' lang='grc' dir='ltr'><em>γίγνονται</em></span> <span class='ocrx_word' id='word_1_93' title='bbox 778 1102 880 1137; x_wconf 83' lang='lat' dir='ltr'><strong>Vind.</strong></span> <span class='ocrx_word' id='word_1_94' title='bbox 901 1103 940 1136; x_wconf 99' lang='lat' dir='ltr'><em>F.</em></span> 
     </span>
    </p>
   </div>
   <div class='ocr_carea' id='block_1_9' title="bbox 278 1191 945 1411">
    <p class='ocr_par' dir='ltr' id='par_1_9' title="bbox 278 1191 942 1274">
     <span class='ocr_line' id='line_1_16' title="bbox 323 1191 942 1240; baseline 0.007 -14"><span class='ocrx_word' id='word_1_95' title='bbox 323 1192 371 1237; x_wconf 87' lang='grc' dir='ltr'><em>μὴ</em></span> <span class='ocrx_word' id='word_1_96' title='bbox 401 1191 535 1235; x_wconf 78' lang='grc' dir='ltr'><em>ἐξεῖναι</em></span> <span class='ocrx_word' id='word_1_97' title='bbox 564 1213 598 1218; x_wconf 81' lang='lat'><em>—</em></span> <span class='ocrx_word' id='word_1_98' title='bbox 627 1194 848 1240; x_wconf 80' lang='grc' dir='ltr'><em>γίγνωνται]</em></span> <span class='ocrx_word' id='word_1_99' title='bbox 878 1208 942 1230; x_wconf 88' lang='lat' dir='ltr'><strong>om.</strong></span> 
     </span>
     <span class='ocr_line' id='line_1_17' title="bbox 278 1240 424 1274; baseline -0.007 -1"><span class='ocrx_word' id='word_1_100' title='bbox 278 1242 359 1274; x_wconf 83' lang='lat' dir='ltr'><strong>Vat.</strong></span> <span class='ocrx_word' id='word_1_101' title='bbox 383 1240 424 1272; x_wconf 94' lang='lat' dir='ltr'><em>B.</em></span> 
     </span>
    </p>

    <p class='ocr_par' dir='ltr' id='par_1_10' title="bbox 278 1282 945 1411">
     <span class='ocr_line' id='line_1_18' title="bbox 326 1282 943 1329; baseline 0.002 -10"><span class='ocrx_word' id='word_1_102' title='bbox 326 1282 554 1329; x_wconf 78' lang='grc' dir='ltr'><em>ἀπολλύναι]</em></span> <span class='ocrx_word' id='word_1_103' title='bbox 601 1282 808 1320; x_wconf 81' lang='grc' dir='ltr'><em>ἀπολλῦναι</em></span> <span class='ocrx_word' id='word_1_104' title='bbox 857 1287 943 1320; x_wconf 91' lang='lat' dir='ltr'><strong>Lob.</strong></span> 
     </span>
     <span class='ocr_line' id='line_1_19' title="bbox 278 1331 945 1367; baseline 0 0"><span class='ocrx_word' id='word_1_105' title='bbox 278 1331 380 1367; x_wconf 85' lang='lat' dir='ltr'><strong>Vind.</strong></span> <span class='ocrx_word' id='word_1_106' title='bbox 422 1331 461 1364; x_wconf 89' lang='lat' dir='ltr'><em>F.</em></span> <span class='ocrx_word' id='word_1_107' title='bbox 510 1337 546 1365; x_wconf 83' lang='lat' dir='ltr'><em>et</em></span> <span class='ocrx_word' id='word_1_108' title='bbox 579 1331 662 1364; x_wconf 84' lang='lat' dir='ltr'>editi</span> <span class='ocrx_word' id='word_1_109' title='bbox 694 1338 772 1366; x_wconf 86' lang='lat' dir='ltr'>ante</span> <span class='ocrx_word' id='word_1_110' title='bbox 807 1334 945 1366; x_wconf 83' lang='lat' dir='ltr'>Bekke-</span> 
     </span>
     <span class='ocr_line' id='line_1_20' title="bbox 279 1389 365 1411; baseline -0.012 0"><span class='ocrx_word' id='word_1_111' title='bbox 279 1389 365 1411; x_wconf 86' lang='lat' dir='ltr'><strong>rum.</strong></span> 
     </span>
    </p>
   </div>
   <div class='ocr_carea' id='block_1_10' title="bbox 277 1419 948 2009">
    <p class='ocr_par' dir='ltr' id='par_1_11' title="bbox 327 1419 944 1466">
     <span class='ocr_line' id='line_1_21' title="bbox 327 1419 944 1466; baseline 0.003 -10"><span class='ocrx_word' id='word_1_112' title='bbox 327 1419 478 1466; x_wconf 70' lang='grc' dir='ltr'><em>αὐτῶν]</em></span> <span class='ocrx_word' id='word_1_113' title='bbox 506 1419 567 1456; x_wconf 78' lang='lat' dir='ltr'><strong>ccv’.</strong></span> <span class='ocrx_word' id='word_1_114' title='bbox 596 1423 681 1456; x_wconf 87' lang='lat' dir='ltr'><strong>Lob.</strong></span> <span class='ocrx_word' id='word_1_115' title='bbox 714 1424 814 1456; x_wconf 84' lang='lat' dir='ltr'><strong>Vind.</strong></span> <span class='ocrx_word' id='word_1_116' title='bbox 840 1425 944 1458; x_wconf 79' lang='lat' dir='ltr'><strong>BEF.</strong></span> 
     </span>
    </p>

    <p class='ocr_par' dir='ltr' id='par_1_12' title="bbox 277 1469 948 1871">
     <span class='ocr_line' id='line_1_22' title="bbox 325 1469 947 1513; baseline 0 -10"><span class='ocrx_word' id='word_1_117' title='bbox 325 1469 630 1513; x_wconf 74' lang='grc' dir='ltr'><em>εἰσδανείζοντες]</em></span> <span class='ocrx_word' id='word_1_118' title='bbox 682 1469 947 1511; x_wconf 77' lang='grc' dir='ltr'><em>,δανείζοντες</em></span> 
     </span>
     <span class='ocr_line' id='line_1_23' title="bbox 279 1516 947 1570; baseline -0.001 -20"><span class='ocrx_word' id='word_1_119' title='bbox 279 1522 357 1570; x_wconf 82' lang='lat' dir='ltr'>post</span> <span class='ocrx_word' id='word_1_120' title='bbox 393 1516 528 1549; x_wconf 85' lang='lat' dir='ltr'>lituram</span> <span class='ocrx_word' id='word_1_121' title='bbox 562 1516 640 1548; x_wconf 83' lang='lat' dir='ltr'><strong>Par.</strong></span> <span class='ocrx_word' id='word_1_122' title='bbox 681 1518 745 1551; x_wconf 87' lang='lat' dir='ltr'><em>A.‘</em></span> <span class='ocrx_word' id='word_1_123' title='bbox 809 1517 947 1557; x_wconf 81' lang='lat' dir='ltr'>„Putet</span> 
     </span>
     <span class='ocr_line' id='line_1_24' title="bbox 279 1561 947 1614; baseline -0.001 -18"><span class='ocrx_word' id='word_1_124' title='bbox 279 1564 428 1596; x_wconf 75' lang='lat' dir='ltr'>tortasse</span> <span class='ocrx_word' id='word_1_125' title='bbox 461 1561 639 1614; x_wconf 80' lang='lat' dir='ltr'>quispiam</span> <span class='ocrx_word' id='word_1_126' title='bbox 664 1563 858 1595; x_wconf 83' lang='lat' dir='ltr'>mutandum</span> <span class='ocrx_word' id='word_1_127' title='bbox 884 1563 947 1595; x_wconf 89' lang='lat' dir='ltr'><em>hoc</em></span> 
     </span>
     <span class='ocr_line' id='line_1_25' title="bbox 277 1606 948 1663; baseline 0 -22"><span class='ocrx_word' id='word_1_128' title='bbox 277 1607 497 1663; x_wconf 75' lang='lat' dir='ltr'>participium</span> <span class='ocrx_word' id='word_1_129' title='bbox 529 1607 562 1640; x_wconf 86' lang='lat' dir='ltr'><em>in</em></span> <span class='ocrx_word' id='word_1_130' title='bbox 597 1606 690 1640; x_wconf 87' lang='lat' dir='ltr'>aliud</span> <span class='ocrx_word' id='word_1_131' title='bbox 727 1609 826 1641; x_wconf 84' lang='lat' dir='ltr'>valde</span> <span class='ocrx_word' id='word_1_132' title='bbox 860 1608 948 1641; x_wconf 76' lang='lat' dir='ltr'>vici—</span> 
     </span>
     <span class='ocr_line' id='line_1_26' title="bbox 280 1651 947 1697; baseline 0 -10"><span class='ocrx_word' id='word_1_133' title='bbox 280 1665 358 1687; x_wconf 89' lang='lat' dir='ltr'><em>num</em></span> <span class='ocrx_word' id='word_1_134' title='bbox 385 1651 675 1694; x_wconf 76' lang='grc' dir='ltr'><em>ἐκδανείζοντες,</em></span> <span class='ocrx_word' id='word_1_135' title='bbox 713 1654 801 1697; x_wconf 89' lang='lat' dir='ltr'>quod</span> <span class='ocrx_word' id='word_1_136' title='bbox 835 1659 947 1687; x_wconf 79' lang='lat' dir='ltr'>tamen</span> 
     </span>
     <span class='ocr_line' id='line_1_27' title="bbox 280 1699 932 1733; baseline 0 0"><span class='ocrx_word' id='word_1_137' title='bbox 280 1712 346 1733; x_wconf 89' lang='lat' dir='ltr'><em>non</em></span> <span class='ocrx_word' id='word_1_138' title='bbox 386 1705 515 1733; x_wconf 78' lang='lat' dir='ltr'>temere</span> <span class='ocrx_word' id='word_1_139' title='bbox 561 1699 753 1733; x_wconf 81' lang='lat' dir='ltr'>faciendum</span> <span class='ocrx_word' id='word_1_140' title='bbox 797 1700 932 1733; x_wconf 51' lang='lat' dir='ltr'><em>fuerim</em></span> 
     </span>
     <span class='ocr_line' id='line_1_28' title="bbox 281 1745 947 1790; baseline 0.002 -12"><span class='ocrx_word' id='word_1_141' title='bbox 281 1745 403 1790; x_wconf 82' lang='lat' dir='ltr'><strong>steph.</strong></span> <span class='ocrx_word' id='word_1_142' title='bbox 432 1757 463 1789; x_wconf 90' lang='lat' dir='ltr'><em>p.</em></span> <span class='ocrx_word' id='word_1_143' title='bbox 487 1747 542 1779; x_wconf 75' lang='lat'><strong>26.</strong></span> <span class='ocrx_word' id='word_1_144' title='bbox 568 1745 700 1778; x_wconf 83' lang='lat' dir='ltr'>Tamen</span> <span class='ocrx_word' id='word_1_145' title='bbox 725 1746 808 1779; x_wconf 81' lang='lat' dir='ltr'>fecit</span> <span class='ocrx_word' id='word_1_146' title='bbox 832 1746 947 1779; x_wconf 82' lang='lat' dir='ltr'><em>Astius</em></span> 
     </span>
     <span class='ocr_line' id='line_1_29' title="bbox 281 1791 948 1836; baseline 0.003 -12"><span class='ocrx_word' id='word_1_147' title='bbox 281 1792 315 1824; x_wconf 78' lang='lat' dir='ltr'><em>in</em></span> <span class='ocrx_word' id='word_1_148' title='bbox 340 1802 407 1824; x_wconf 84' lang='lat' dir='ltr'><strong>sec.</strong></span> <span class='ocrx_word' id='word_1_149' title='bbox 445 1791 549 1836; x_wconf 83' lang='lat' dir='ltr'>idque</span> <span class='ocrx_word' id='word_1_150' title='bbox 573 1802 647 1823; x_wconf 90' lang='lat' dir='ltr'><em>cum</em></span> <span class='ocrx_word' id='word_1_151' title='bbox 673 1792 872 1836; x_wconf 86' lang='lat' dir='ltr'>Stephano,</span> <span class='ocrx_word' id='word_1_152' title='bbox 909 1798 948 1826; x_wconf 88' lang='lat' dir='ltr'><em>ut</em></span> 
     </span>
     <span class='ocr_line' id='line_1_30' title="bbox 283 1837 344 1871; baseline 0 0"><span class='ocrx_word' id='word_1_153' title='bbox 283 1837 344 1871; x_wconf 82' lang='lat' dir='ltr'><strong>ait.</strong></span> 
     </span>
    </p>

    <p class='ocr_par' dir='ltr' id='par_1_13' title="bbox 329 1882 886 1927">
     <span class='ocr_line' id='line_1_31' title="bbox 329 1882 886 1927; baseline 0 -11"><span class='ocrx_word' id='word_1_154' title='bbox 329 1884 388 1927; x_wconf 90' lang='grc' dir='ltr'><em>τε]</em></span> <span class='ocrx_word' id='word_1_155' title='bbox 414 1895 479 1916; x_wconf 86' lang='lat' dir='ltr'><strong>om.</strong></span> <span class='ocrx_word' id='word_1_156' title='bbox 504 1883 590 1917; x_wconf 84' lang='lat' dir='ltr'><strong>Ven.</strong></span> <span class='ocrx_word' id='word_1_157' title='bbox 615 1883 655 1915; x_wconf 92' lang='grc' dir='ltr'><strong>Β.</strong></span> <span class='ocrx_word' id='word_1_158' title='bbox 681 1882 782 1917; x_wconf 82' lang='lat' dir='ltr'><strong>Vind.</strong></span> <span class='ocrx_word' id='word_1_159' title='bbox 809 1884 886 1917; x_wconf 79' lang='lat' dir='ltr'><em>BE.</em></span> 
     </span>
    </p>

    <p class='ocr_par' dir='ltr' id='par_1_14' title="bbox 284 1925 946 2009">
     <span class='ocr_line' id='line_1_32' title="bbox 329 1925 946 1972; baseline 0.002 -10"><span class='ocrx_word' id='word_1_160' title='bbox 329 1925 578 1972; x_wconf 83' lang='grc' dir='ltr'><em>ἐντιμότεροι]</em></span> <span class='ocrx_word' id='word_1_161' title='bbox 606 1925 841 1972; x_wconf 71' lang='grc' dir='ltr'><em>ε’ντιμεότεροι</em></span> <span class='ocrx_word' id='word_1_162' title='bbox 866 1929 946 1963; x_wconf 88' lang='lat' dir='ltr'><strong>Bas.</strong></span> 
     </span>
     <span class='ocr_line' id='line_1_33' title="bbox 284 1975 340 2009; baseline -0.018 0"><span class='ocrx_word' id='word_1_163' title='bbox 284 1975 340 2009; x_wconf 84' lang='lat' dir='ltr'><strong>ab.</strong></span> 
     </span>
    </p>
   </div>
   <div class='ocr_carea' id='block_1_11' title="bbox 283 2019 946 2102">
    <p class='ocr_par' dir='ltr' id='par_1_15' title="bbox 283 2019 946 2101">
     <span class='ocr_line' id='line_1_34' title="bbox 329 2019 946 2064; baseline 0.003 -11"><span class='ocrx_word' id='word_1_164' title='bbox 329 2020 547 2064; x_wconf 84' lang='grc' dir='ltr'><em>γίγνωνται]</em></span> <span class='ocrx_word' id='word_1_165' title='bbox 570 2019 757 2063; x_wconf 83' lang='grc' dir='ltr'><em>γίγνονται</em></span> <span class='ocrx_word' id='word_1_166' title='bbox 782 2020 884 2054; x_wconf 80' lang='lat' dir='ltr'><strong>Vind.</strong></span> <span class='ocrx_word' id='word_1_167' title='bbox 904 2021 946 2055; x_wconf 87' lang='lat' dir='ltr'><em>F.</em></span> 
     </span>
     <span class='ocr_line' id='line_1_35' title="bbox 283 2066 605 2102; baseline -0.006 -1"><span class='ocrx_word' id='word_1_168' title='bbox 283 2067 375 2101; x_wconf 87' lang='lat' dir='ltr'><strong>Flor.</strong></span> <span class='ocrx_word' id='word_1_169' title='bbox 400 2067 444 2102; x_wconf 89' lang='lat' dir='ltr'><em>R.</em></span> <span class='ocrx_word' id='word_1_170' title='bbox 468 2066 547 2099; x_wconf 83' lang='lat' dir='ltr'><strong>Bas.</strong></span> <span class='ocrx_word' id='word_1_171' title='bbox 575 2067 605 2099; x_wconf 91' lang='lat' dir='ltr'><em>b.</em></span> 
     </span>
    </p>
   </div>
   <div class='ocr_carea' id='block_1_12' title="bbox 284 2120 948 2306">
    <p class='ocr_par' dir='ltr' id='par_1_16' title="bbox 284 2120 948 2306">
     <span class='ocr_line' id='line_1_36' title="bbox 329 2120 948 2167; baseline -0.003 -9"><span class='ocrx_word' id='word_1_172' title='bbox 329 2120 427 2167; x_wconf 82' lang='grc' dir='ltr'><em>ἤδη]</em></span> <span class='ocrx_word' id='word_1_173' title='bbox 455 2135 519 2157; x_wconf 87' lang='lat' dir='ltr'><strong>om.</strong></span> <span class='ocrx_word' id='word_1_174' title='bbox 531 2122 605 2156; x_wconf 87' lang='lat' dir='ltr'><strong>Fic.</strong></span> <span class='ocrx_word' id='word_1_175' title='bbox 627 2121 709 2155; x_wconf 79' lang='lat' dir='ltr'><em>item</em></span> <span class='ocrx_word' id='word_1_176' title='bbox 733 2122 845 2166; x_wconf 86' lang='lat' dir='ltr'>paullo</span> <span class='ocrx_word' id='word_1_177' title='bbox 870 2127 948 2167; x_wconf 75' lang='lat' dir='ltr'>post</span> 
     </span>
     <span class='ocr_line' id='line_1_37' title="bbox 286 2166 947 2213; baseline -0.003 -9"><span class='ocrx_word' id='word_1_178' title='bbox 286 2168 423 2208; x_wconf 74' lang='grc' dir='ltr'><em>ἱκανῶς</em></span> <span class='ocrx_word' id='word_1_179' title='bbox 448 2175 481 2202; x_wconf 86' lang='lat' dir='ltr'><em>et</em></span> <span class='ocrx_word' id='word_1_180' title='bbox 499 2166 538 2202; x_wconf 80' lang='grc' dir='ltr'><em>ἐν</em></span> <span class='ocrx_word' id='word_1_181' title='bbox 556 2171 636 2207; x_wconf 88' lang='grc' dir='ltr'><em>τοῖς</em></span> <span class='ocrx_word' id='word_1_182' title='bbox 656 2168 837 2209; x_wconf 86' lang='grc' dir='ltr'><em>πολίταις,</em></span> <span class='ocrx_word' id='word_1_183' title='bbox 862 2180 947 2213; x_wconf 92' lang='lat' dir='ltr'>quo—</span> 
     </span>
     <span class='ocr_line' id='line_1_38' title="bbox 286 2213 947 2260; baseline -0.002 -11"><span class='ocrx_word' id='word_1_184' title='bbox 286 2227 361 2249; x_wconf 92' lang='lat' dir='ltr'><em>rum</em></span> <span class='ocrx_word' id='word_1_185' title='bbox 386 2215 556 2260; x_wconf 82' lang='lat' dir='ltr'><strong>posterius</strong></span> <span class='ocrx_word' id='word_1_186' title='bbox 583 2226 657 2248; x_wconf 90' lang='lat' dir='ltr'><em>cum</em></span> <span class='ocrx_word' id='word_1_187' title='bbox 680 2213 842 2248; x_wconf 80' lang='grc' dir='ltr'><em>κτασθαι</em></span> <span class='ocrx_word' id='word_1_188' title='bbox 866 2226 947 2248; x_wconf 89' lang='lat' dir='ltr'>con-</span> 
     </span>
     <span class='ocr_line' id='line_1_39' title="bbox 284 2261 578 2306; baseline -0.003 -11"><span class='ocrx_word' id='word_1_189' title='bbox 284 2261 490 2306; x_wconf 79' lang='lat' dir='ltr'>iungendum</span> <span class='ocrx_word' id='word_1_190' title='bbox 514 2266 578 2294; x_wconf 82' lang='lat' dir='ltr'><strong>est.</strong></span> 
     </span>
    </p>
   </div>
   <div class='ocr_carea' id='block_1_13' title="bbox 282 2315 949 2823">
    <p class='ocr_par' dir='ltr' id='par_1_17' title="bbox 285 2315 946 2399">
     <span class='ocr_line' id='line_1_40' title="bbox 332 2315 946 2362; baseline -0.002 -10"><span class='ocrx_word' id='word_1_191' title='bbox 332 2316 506 2362; x_wconf 72' lang='grc' dir='ltr'><em>ἓτέρον;]</em></span> <span class='ocrx_word' id='word_1_192' title='bbox 534 2315 674 2361; x_wconf 75' lang='grc' dir='ltr'><em>ἑτέρου.</em></span> <span class='ocrx_word' id='word_1_193' title='bbox 700 2317 792 2351; x_wconf 87' lang='grc' dir='ltr'><em>Μοιι.</em></span> <span class='ocrx_word' id='word_1_194' title='bbox 805 2318 846 2352; x_wconf 90' lang='grc' dir='ltr'><strong>Β.</strong></span> <span class='ocrx_word' id='word_1_195' title='bbox 871 2329 946 2352; x_wconf 90' lang='lat' dir='ltr'><em>cum</em></span> 
     </span>
     <span class='ocr_line' id='line_1_41' title="bbox 285 2364 657 2399; baseline -0.005 0"><span class='ocrx_word' id='word_1_196' title='bbox 285 2364 387 2399; x_wconf 82' lang='lat' dir='ltr'>editis</span> <span class='ocrx_word' id='word_1_197' title='bbox 412 2371 491 2398; x_wconf 82' lang='lat' dir='ltr'>ante</span> <span class='ocrx_word' id='word_1_198' title='bbox 515 2365 657 2397; x_wconf 81' lang='lat' dir='ltr'><strong>Astium.</strong></span> 
     </span>
    </p>

    <p class='ocr_par' dir='ltr' id='par_1_18' title="bbox 282 2410 946 2536">
     <span class='ocr_line' id='line_1_42' title="bbox 329 2410 946 2454; baseline 0 -11"><span class='ocrx_word' id='word_1_199' title='bbox 329 2410 667 2454; x_wconf 83' lang='grc' dir='ltr'><em>Παραμελοῦντες]</em></span> <span class='ocrx_word' id='word_1_200' title='bbox 707 2411 796 2443; x_wconf 84' lang='lat' dir='ltr'><em>Dum</em></span> <span class='ocrx_word' id='word_1_201' title='bbox 823 2429 868 2435; x_wconf 96' lang='lat'><strong>—</strong></span> <span class='ocrx_word' id='word_1_202' title='bbox 891 2411 946 2444; x_wconf 80' lang='lat' dir='ltr'><em>iu·</em></span> 
     </span>
     <span class='ocr_line' id='line_1_43' title="bbox 282 2457 945 2501; baseline 0.002 -11"><span class='ocrx_word' id='word_1_203' title='bbox 282 2458 431 2491; x_wconf 76' lang='lat' dir='ltr'><em>ventutis</em></span> <span class='ocrx_word' id='word_1_204' title='bbox 473 2458 708 2491; x_wconf 82' lang='lat' dir='ltr'><em>educationem</em></span> <span class='ocrx_word' id='word_1_205' title='bbox 748 2457 945 2501; x_wconf 77' lang='lat' dir='ltr'><strong>negligunt.</strong></span> 
     </span>
     <span class='ocr_line' id='line_1_44' title="bbox 282 2502 356 2536; baseline 0 0"><span class='ocrx_word' id='word_1_206' title='bbox 282 2502 356 2536; x_wconf 86' lang='lat' dir='ltr'><strong>Fic.</strong></span> 
     </span>
    </p>

    <p class='ocr_par' dir='ltr' id='par_1_19' title="bbox 285 2543 949 2823">
     <span class='ocr_line' id='line_1_45' title="bbox 331 2543 946 2604; baseline -0.003 -23"><span class='ocrx_word' id='word_1_207' title='bbox 331 2545 514 2604; x_wconf 81' lang='grc' dir='ltr'><em>ἀγεννεῖς]</em></span> <span class='ocrx_word' id='word_1_208' title='bbox 558 2543 714 2591; x_wconf 85' lang='grc' dir='ltr'><em>ἀγενὴσ,</em></span> <span class='ocrx_word' id='word_1_209' title='bbox 746 2558 834 2581; x_wconf 90' lang='lat' dir='ltr'><strong>corr.</strong></span> <span class='ocrx_word' id='word_1_210' title='bbox 859 2558 880 2580; x_wconf 91' lang='lat' dir='ltr'>a</span> <span class='ocrx_word' id='word_1_211' title='bbox 902 2558 946 2579; x_wconf 82' lang='lat'><strong>111.</strong></span> 
     </span>
     <span class='ocr_line' id='line_1_46' title="bbox 286 2589 949 2638; baseline -0.002 -11"><span class='ocrx_word' id='word_1_212' title='bbox 286 2605 338 2638; x_wconf 88' lang='lat' dir='ltr'><strong>pr.</strong></span> <span class='ocrx_word' id='word_1_213' title='bbox 382 2590 547 2637; x_wconf 86' lang='grc' dir='ltr'><em>ἀγενεὶσ,</em></span> <span class='ocrx_word' id='word_1_214' title='bbox 581 2594 682 2628; x_wconf 73' lang='lat' dir='ltr'><strong>Vind.</strong></span> <span class='ocrx_word' id='word_1_215' title='bbox 721 2593 762 2626; x_wconf 89' lang='lat' dir='ltr'><em>F.</em></span> <span class='ocrx_word' id='word_1_216' title='bbox 808 2589 949 2636; x_wconf 82' lang='grc' dir='ltr'><em>ἀγενεῖς</em></span> 
     </span>
     <span class='ocr_line' id='line_1_47' title="bbox 285 2639 948 2683; baseline -0.002 -11"><span class='ocrx_word' id='word_1_217' title='bbox 285 2640 381 2673; x_wconf 88' lang='lat' dir='ltr'><strong>Flor.</strong></span> <span class='ocrx_word' id='word_1_218' title='bbox 407 2640 484 2672; x_wconf 89' lang='lat' dir='ltr'><em>RT.</em></span> <span class='ocrx_word' id='word_1_219' title='bbox 509 2645 576 2679; x_wconf 79' lang='lat' dir='ltr'><em>et,</em></span> <span class='ocrx_word' id='word_1_220' title='bbox 579 2641 747 2681; x_wconf 85' lang='lat' dir='ltr'>‚fortasse</span> <span class='ocrx_word' id='word_1_221' title='bbox 771 2639 856 2683; x_wconf 82' lang='lat' dir='ltr'><strong>Aug.</strong></span> <span class='ocrx_word' id='word_1_222' title='bbox 881 2639 948 2672; x_wconf 88' lang='lat' dir='ltr'><em>B.“</em></span> 
     </span>
     <span class='ocr_line' id='line_1_48' title="bbox 288 2685 948 2729; baseline -0.005 -9"><span class='ocrx_word' id='word_1_223' title='bbox 288 2697 363 2720; x_wconf 91' lang='lat' dir='ltr'><em>cum</em></span> <span class='ocrx_word' id='word_1_224' title='bbox 397 2685 498 2718; x_wconf 85' lang='lat' dir='ltr'>editis</span> <span class='ocrx_word' id='word_1_225' title='bbox 531 2691 611 2718; x_wconf 82' lang='lat' dir='ltr'>ante</span> <span class='ocrx_word' id='word_1_226' title='bbox 644 2697 712 2719; x_wconf 88' lang='lat' dir='ltr'><strong>sec.</strong></span> <span class='ocrx_word' id='word_1_227' title='bbox 746 2685 856 2726; x_wconf 78' lang='lat' dir='ltr'><em>Astii,</em></span> <span class='ocrx_word' id='word_1_228' title='bbox 890 2685 948 2729; x_wconf 88' lang='lat' dir='ltr'><em>qui</em></span> 
     </span>
     <span class='ocr_line' id='line_1_49' title="bbox 288 2731 948 2775; baseline -0.002 -9"><span class='ocrx_word' id='word_1_229' title='bbox 288 2743 330 2766; x_wconf 82' lang='lat' dir='ltr'><em>ex</em></span> <span class='ocrx_word' id='word_1_230' title='bbox 364 2731 561 2765; x_wconf 85' lang='lat' dir='ltr'>coniectura</span> <span class='ocrx_word' id='word_1_231' title='bbox 598 2731 701 2775; x_wconf 85' lang='lat' dir='ltr'><em>(nam</em></span> <span class='ocrx_word' id='word_1_232' title='bbox 725 2731 768 2765; x_wconf 85' lang='lat' dir='ltr'><em>de</em></span> <span class='ocrx_word' id='word_1_233' title='bbox 803 2731 880 2764; x_wconf 85' lang='lat' dir='ltr'><strong>Par.</strong></span> <span class='ocrx_word' id='word_1_234' title='bbox 904 2731 948 2765; x_wconf 82' lang='lat' dir='ltr'><em>K.</em></span> 
     </span>
     <span class='ocr_line' id='line_1_50' title="bbox 289 2776 949 2823; baseline 0 -12"><span class='ocrx_word' id='word_1_235' title='bbox 289 2776 465 2823; x_wconf 75' lang='lat' dir='ltr'>Bipotitini</span> <span class='ocrx_word' id='word_1_236' title='bbox 496 2777 638 2820; x_wconf 83' lang='lat' dir='ltr'>tacent)</span> <span class='ocrx_word' id='word_1_237' title='bbox 673 2789 773 2822; x_wconf 91' lang='lat' dir='ltr'>quum</span> <span class='ocrx_word' id='word_1_238' title='bbox 806 2788 871 2811; x_wconf 89' lang='lat' dir='ltr'><em>non</em></span> <span class='ocrx_word' id='word_1_239' title='bbox 907 2777 949 2811; x_wconf 84' lang='lat' dir='ltr'><em>de</em></span> 
     </span>
    </p>
   </div>
   <div class='ocr_carea' id='block_1_14' title="bbox 1026 903 1661 961">
    <p class='ocr_par' dir='ltr' id='par_1_20' title="bbox 1026 903 1661 961">
     <span class='ocr_line' id='line_1_51' title="bbox 1026 903 1661 961; baseline 0 -11"><span class='ocrx_word' id='word_1_240' title='bbox 1026 905 1162 950; x_wconf 80' lang='grc' dir='ltr'><em>Μάλα</em></span> <span class='ocrx_word' id='word_1_241' title='bbox 1199 921 1259 961; x_wconf 85' lang='grc' dir='ltr'><em>γε.</em></span> <span class='ocrx_word' id='word_1_242' title='bbox 1321 903 1552 961; x_wconf 78' lang='grc' dir='ltr'><em>Κάθηνται</em></span> <span class='ocrx_word' id='word_1_243' title='bbox 1593 904 1661 961; x_wconf 86' lang='grc' dir='ltr'><em>δὴ,</em></span> 
     </span>
    </p>
   </div>
   <div class='ocr_carea' id='block_1_15' title="bbox 998 1054 1666 1789">
    <p class='ocr_par' dir='ltr' id='par_1_21' title="bbox 998 1054 1666 1789">
     <span class='ocr_line' id='line_1_52' title="bbox 998 1054 1660 1102; baseline -0.003 -12"><span class='ocrx_word' id='word_1_244' title='bbox 998 1068 1141 1102; x_wconf 84' lang='lat' dir='ltr'>genere,</span> <span class='ocrx_word' id='word_1_245' title='bbox 1172 1055 1232 1089; x_wconf 81' lang='lat' dir='ltr'><em>sed</em></span> <span class='ocrx_word' id='word_1_246' title='bbox 1270 1054 1312 1088; x_wconf 86' lang='lat' dir='ltr'><em>de</em></span> <span class='ocrx_word' id='word_1_247' title='bbox 1342 1055 1454 1088; x_wconf 83' lang='lat' dir='ltr'>indole</span> <span class='ocrx_word' id='word_1_248' title='bbox 1475 1065 1660 1088; x_wconf 86' lang='lat' dir='ltr'>sermonem</span> 
     </span>
     <span class='ocr_line' id='line_1_53' title="bbox 999 1097 1660 1146; baseline -0.005 -10"><span class='ocrx_word' id='word_1_249' title='bbox 999 1115 1076 1136; x_wconf 79' lang='lat' dir='ltr'>esse</span> <span class='ocrx_word' id='word_1_250' title='bbox 1107 1102 1335 1146; x_wconf 73' lang='lat' dir='ltr'><strong>intelligeret,</strong></span> <span class='ocrx_word' id='word_1_251' title='bbox 1379 1097 1543 1144; x_wconf 79' lang='grc' dir='ltr'><em>ἀγεννεῖς</em></span> <span class='ocrx_word' id='word_1_252' title='bbox 1575 1101 1660 1133; x_wconf 88' lang='lat' dir='ltr'>scri-</span> 
     </span>
     <span class='ocr_line' id='line_1_54' title="bbox 1000 1146 1660 1201; baseline -0.003 -20"><span class='ocrx_word' id='word_1_253' title='bbox 1000 1149 1078 1201; x_wconf 86' lang='lat' dir='ltr'><strong>psit.</strong></span> <span class='ocrx_word' id='word_1_254' title='bbox 1128 1148 1198 1181; x_wconf 82' lang='lat' dir='ltr'><em>Sed</em></span> <span class='ocrx_word' id='word_1_255' title='bbox 1238 1146 1385 1201; x_wconf 81' lang='lat' dir='ltr'>quidvis</span> <span class='ocrx_word' id='word_1_256' title='bbox 1411 1147 1564 1201; x_wconf 74' lang='grc' dir='ltr'><em>γενναίῳ</em></span> <span class='ocrx_word' id='word_1_257' title='bbox 1598 1158 1660 1190; x_wconf 83' lang='grc' dir='ltr'><em>ορ-</em></span> 
     </span>
     <span class='ocr_line' id='line_1_55' title="bbox 998 1189 1661 1247; baseline -0.003 -20"><span class='ocrx_word' id='word_1_258' title='bbox 998 1194 1146 1239; x_wconf 83' lang='lat' dir='ltr'>positum</span> <span class='ocrx_word' id='word_1_259' title='bbox 1166 1189 1337 1247; x_wconf 85' lang='grc' dir='ltr'><em>ἀγεννες,</em></span> <span class='ocrx_word' id='word_1_260' title='bbox 1362 1189 1487 1236; x_wconf 84' lang='grc' dir='ltr'><em>ἀγενες</em></span> <span class='ocrx_word' id='word_1_261' title='bbox 1509 1204 1589 1225; x_wconf 82' lang='lat' dir='ltr'>vero</span> <span class='ocrx_word' id='word_1_262' title='bbox 1614 1192 1661 1233; x_wconf 93' lang='lat' dir='ltr'><em>id,</em></span> 
     </span>
     <span class='ocr_line' id='line_1_56' title="bbox 1001 1238 1662 1293; baseline -0.003 -20"><span class='ocrx_word' id='word_1_263' title='bbox 1001 1240 1090 1293; x_wconf 91' lang='lat' dir='ltr'>quod</span> <span class='ocrx_word' id='word_1_264' title='bbox 1125 1241 1253 1278; x_wconf 65' lang='lat' dir='ltr'>origine</span> <span class='ocrx_word' id='word_1_265' title='bbox 1296 1244 1434 1279; x_wconf 69' lang='lat' dir='ltr'><em>ern-‚eat</em></span> <span class='ocrx_word' id='word_1_266' title='bbox 1469 1250 1489 1272; x_wconf 91' lang='lat' dir='ltr'>a</span> <span class='ocrx_word' id='word_1_267' title='bbox 1520 1238 1662 1271; x_wconf 82' lang='lat' dir='ltr'>Platone</span> 
     </span>
     <span class='ocr_line' id='line_1_57' title="bbox 1002 1284 1661 1330; baseline -0.003 -11"><span class='ocrx_word' id='word_1_268' title='bbox 1002 1285 1070 1319; x_wconf 82' lang='lat' dir='ltr'><em>dici</em></span> <span class='ocrx_word' id='word_1_269' title='bbox 1095 1285 1319 1330; x_wconf 76' lang='lat' dir='ltr'>piobabiliter</span> <span class='ocrx_word' id='word_1_270' title='bbox 1350 1285 1465 1318; x_wconf 83' lang='lat' dir='ltr'>docuit</span> <span class='ocrx_word' id='word_1_271' title='bbox 1488 1284 1661 1317; x_wconf 77' lang='lat' dir='ltr'>Stallbau-</span> 
     </span>
     <span class='ocr_line' id='line_1_58' title="bbox 1002 1330 1663 1374; baseline -0.003 -9"><span class='ocrx_word' id='word_1_272' title='bbox 1002 1332 1086 1365; x_wconf 81' lang='lat' dir='ltr'><em>mius</em></span> <span class='ocrx_word' id='word_1_273' title='bbox 1130 1332 1172 1364; x_wconf 89' lang='lat' dir='ltr'><em>ad</em></span> <span class='ocrx_word' id='word_1_274' title='bbox 1213 1331 1351 1374; x_wconf 81' lang='lat' dir='ltr'><strong>Protag.</strong></span> <span class='ocrx_word' id='word_1_275' title='bbox 1392 1342 1425 1374; x_wconf 85' lang='lat' dir='ltr'><strong>p.</strong></span> <span class='ocrx_word' id='word_1_276' title='bbox 1449 1331 1527 1364; x_wconf 88' lang='lat'><strong>319.</strong></span> <span class='ocrx_word' id='word_1_277' title='bbox 1552 1330 1595 1363; x_wconf 90' lang='lat' dir='ltr'><strong>D.</strong></span> <span class='ocrx_word' id='word_1_278' title='bbox 1629 1330 1663 1363; x_wconf 85' lang='lat' dir='ltr'><em>in</em></span> 
     </span>
     <span class='ocr_line' id='line_1_59' title="bbox 1001 1376 1663 1421; baseline -0.003 -11"><span class='ocrx_word' id='word_1_279' title='bbox 1001 1377 1090 1411; x_wconf 92' lang='lat' dir='ltr'><strong>Bibl.</strong></span> <span class='ocrx_word' id='word_1_280' title='bbox 1125 1379 1188 1410; x_wconf 88' lang='lat' dir='ltr'><em>Gr.</em></span> <span class='ocrx_word' id='word_1_281' title='bbox 1225 1377 1328 1410; x_wconf 81' lang='lat' dir='ltr'><strong>Goth.</strong></span> <span class='ocrx_word' id='word_1_282' title='bbox 1367 1376 1426 1409; x_wconf 85' lang='lat' dir='ltr'><em>ubi</em></span> <span class='ocrx_word' id='word_1_283' title='bbox 1459 1388 1557 1421; x_wconf 89' lang='lat' dir='ltr'>quem</span> <span class='ocrx_word' id='word_1_284' title='bbox 1590 1381 1663 1409; x_wconf 80' lang='lat' dir='ltr'>ter-</span> 
     </span>
     <span class='ocr_line' id='line_1_60' title="bbox 1003 1421 1661 1466; baseline -0.005 -9"><span class='ocrx_word' id='word_1_285' title='bbox 1003 1424 1088 1457; x_wconf 83' lang='lat' dir='ltr'><em>tium</em></span> <span class='ocrx_word' id='word_1_286' title='bbox 1120 1423 1238 1456; x_wconf 84' lang='lat' dir='ltr'>laudat</span> <span class='ocrx_word' id='word_1_287' title='bbox 1268 1423 1399 1463; x_wconf 86' lang='lat' dir='ltr'>locum,</span> <span class='ocrx_word' id='word_1_288' title='bbox 1432 1421 1516 1466; x_wconf 83' lang='lat' dir='ltr'><strong>Leg.</strong></span> <span class='ocrx_word' id='word_1_289' title='bbox 1547 1422 1587 1455; x_wconf 91' lang='lat' dir='ltr'><strong>L.</strong></span> <span class='ocrx_word' id='word_1_290' title='bbox 1622 1421 1661 1454; x_wconf 94' lang='lat' dir='ltr'><strong>V.</strong></span> 
     </span>
     <span class='ocr_line' id='line_1_61' title="bbox 1004 1467 1663 1514; baseline -0.006 -10"><span class='ocrx_word' id='word_1_291' title='bbox 1004 1481 1036 1514; x_wconf 93' lang='lat' dir='ltr'><strong>p.</strong></span> <span class='ocrx_word' id='word_1_292' title='bbox 1061 1470 1139 1504; x_wconf 83' lang='lat'><strong>735.</strong></span> <span class='ocrx_word' id='word_1_293' title='bbox 1166 1469 1204 1501; x_wconf 89' lang='grc' dir='ltr'><em>Β.</em></span> <span class='ocrx_word' id='word_1_294' title='bbox 1240 1480 1280 1501; x_wconf 87' lang='lat' dir='ltr'><em>eo</em></span> <span class='ocrx_word' id='word_1_295' title='bbox 1315 1468 1382 1500; x_wconf 86' lang='lat' dir='ltr'><em>duo</em></span> <span class='ocrx_word' id='word_1_296' title='bbox 1414 1474 1546 1501; x_wconf 82' lang='lat' dir='ltr'>tantum</span> <span class='ocrx_word' id='word_1_297' title='bbox 1570 1467 1663 1500; x_wconf 87' lang='lat' dir='ltr'>codi—</span> 
     </span>
     <span class='ocr_line' id='line_1_62' title="bbox 1004 1510 1664 1558; baseline -0.003 -10"><span class='ocrx_word' id='word_1_298' title='bbox 1004 1527 1059 1549; x_wconf 83' lang='lat' dir='ltr'><em>ces</em></span> <span class='ocrx_word' id='word_1_299' title='bbox 1095 1516 1197 1558; x_wconf 86' lang='lat' dir='ltr'><strong>(Ven.</strong></span> <span class='ocrx_word' id='word_1_300' title='bbox 1222 1514 1260 1547; x_wconf 90' lang='lat' dir='ltr'><em>B.</em></span> <span class='ocrx_word' id='word_1_301' title='bbox 1288 1519 1323 1546; x_wconf 80' lang='lat' dir='ltr'><em>et</em></span> <span class='ocrx_word' id='word_1_302' title='bbox 1347 1515 1432 1556; x_wconf 76' lang='lat' dir='ltr'><strong>Ang.</strong></span> <span class='ocrx_word' id='word_1_303' title='bbox 1456 1515 1513 1557; x_wconf 84' lang='grc' dir='ltr'><strong>Β.)</strong></span> <span class='ocrx_word' id='word_1_304' title='bbox 1539 1510 1664 1557; x_wconf 88' lang='grc' dir='ltr'><em>ἀγενῆ,</em></span> 
     </span>
     <span class='ocr_line' id='line_1_63' title="bbox 1003 1559 1663 1617; baseline -0.002 -24"><span class='ocrx_word' id='word_1_305' title='bbox 1003 1561 1123 1617; x_wconf 54' lang='grc' dir='ltr'><em>ιζιίιιιο</em></span> <span class='ocrx_word' id='word_1_306' title='bbox 1146 1564 1180 1593; x_wconf 85' lang='lat' dir='ltr'><em>et</em></span> <span class='ocrx_word' id='word_1_307' title='bbox 1212 1559 1359 1593; x_wconf 85' lang='lat' dir='ltr'>secundo</span> <span class='ocrx_word' id='word_1_308' title='bbox 1393 1571 1479 1592; x_wconf 85' lang='lat' dir='ltr'>unus</span> <span class='ocrx_word' id='word_1_309' title='bbox 1511 1560 1597 1594; x_wconf 84' lang='lat' dir='ltr'><strong>Ven.</strong></span> <span class='ocrx_word' id='word_1_310' title='bbox 1622 1560 1663 1594; x_wconf 89' lang='lat' dir='ltr'><em>B.</em></span> 
     </span>
     <span class='ocr_line' id='line_1_64' title="bbox 1005 1604 1666 1650; baseline -0.003 -10"><span class='ocrx_word' id='word_1_311' title='bbox 1005 1604 1045 1650; x_wconf 62' lang='grc' dir='ltr'><em>ἀγ</em></span> <span class='ocrx_word' id='word_1_312' title='bbox 1045 1606 1147 1640; x_wconf 78' lang='grc' dir='ltr'><em>ενῶν</em></span> <span class='ocrx_word' id='word_1_313' title='bbox 1171 1606 1318 1640; x_wconf 83' lang='lat' dir='ltr'><strong>exhibet.</strong></span> <span class='ocrx_word' id='word_1_314' title='bbox 1367 1605 1443 1638; x_wconf 87' lang='lat' dir='ltr'><em>Nec</em></span> <span class='ocrx_word' id='word_1_315' title='bbox 1475 1606 1580 1639; x_wconf 87' lang='lat' dir='ltr'>maior</span> <span class='ocrx_word' id='word_1_316' title='bbox 1612 1611 1666 1639; x_wconf 85' lang='lat' dir='ltr'><em>est</em></span> 
     </span>
     <span class='ocr_line' id='line_1_65' title="bbox 1003 1651 1664 1697; baseline -0.002 -12"><span class='ocrx_word' id='word_1_317' title='bbox 1003 1653 1112 1686; x_wconf 80' lang='lat' dir='ltr'><strong>Alcib.</strong></span> <span class='ocrx_word' id='word_1_318' title='bbox 1138 1652 1164 1685; x_wconf 89' lang='lat' dir='ltr'><em>I.</em></span> <span class='ocrx_word' id='word_1_319' title='bbox 1190 1665 1224 1697; x_wconf 89' lang='lat' dir='ltr'><em>p.</em></span> <span class='ocrx_word' id='word_1_320' title='bbox 1253 1652 1327 1686; x_wconf 85' lang='lat'><strong>107.</strong></span> <span class='ocrx_word' id='word_1_321' title='bbox 1352 1652 1393 1684; x_wconf 90' lang='grc' dir='ltr'><em>Β.</em></span> <span class='ocrx_word' id='word_1_322' title='bbox 1429 1651 1562 1695; x_wconf 68' lang='lat' dir='ltr'>vuigati</span> <span class='ocrx_word' id='word_1_323' title='bbox 1585 1655 1664 1685; x_wconf 81' lang='lat' dir='ltr'>ante</span> 
     </span>
     <span class='ocr_line' id='line_1_66' title="bbox 1003 1695 1663 1742; baseline -0.002 -11"><span class='ocrx_word' id='word_1_324' title='bbox 1003 1699 1198 1732; x_wconf 84' lang='lat' dir='ltr'>Bekkerum</span> <span class='ocrx_word' id='word_1_325' title='bbox 1221 1695 1355 1742; x_wconf 84' lang='grc' dir='ltr'><em>ἀγενὴς</em></span> <span class='ocrx_word' id='word_1_326' title='bbox 1379 1697 1577 1732; x_wconf 75' lang='lat' dir='ltr'><em>auctmitaS.</em></span> <span class='ocrx_word' id='word_1_327' title='bbox 1609 1698 1663 1731; x_wconf 89' lang='lat' dir='ltr'><strong>Cf.</strong></span> 
     </span>
     <span class='ocr_line' id='line_1_67' title="bbox 1005 1744 1379 1789; baseline -0.008 -9"><span class='ocrx_word' id='word_1_328' title='bbox 1005 1744 1080 1780; x_wconf 83' lang='lat' dir='ltr'><strong>V0.1</strong></span> <span class='ocrx_word' id='word_1_329' title='bbox 1107 1745 1151 1777; x_wconf 93' lang='lat' dir='ltr'><em>II.</em></span> <span class='ocrx_word' id='word_1_330' title='bbox 1176 1756 1210 1789; x_wconf 91' lang='lat' dir='ltr'><strong>p.</strong></span> <span class='ocrx_word' id='word_1_331' title='bbox 1234 1745 1323 1786; x_wconf 89' lang='grc'><em>303,</em></span> <span class='ocrx_word' id='word_1_332' title='bbox 1348 1755 1379 1777; x_wconf 91' lang='lat' dir='ltr'><strong>a.</strong></span> 
     </span>
    </p>
   </div>
   <div class='ocr_carea' id='block_1_16' title="bbox 1050 1797 1542 1847">
    <p class='ocr_par' dir='ltr' id='par_1_22' title="bbox 1050 1797 1542 1847">
     <span class='ocr_line' id='line_1_68' title="bbox 1050 1797 1542 1847; baseline -0.002 -13"><span class='ocrx_word' id='word_1_333' title='bbox 1050 1799 1241 1847; x_wconf 49' lang='lat' dir='ltr'><em>Menam.</em></span> <span class='ocrx_word' id='word_1_334' title='bbox 1245 1797 1374 1835; x_wconf 79' lang='grc' dir='ltr'><em>ἀλιστά</em></span> <span class='ocrx_word' id='word_1_335' title='bbox 1398 1801 1477 1834; x_wconf 84' lang='lat' dir='ltr'><strong>Vat.</strong></span> <span class='ocrx_word' id='word_1_336' title='bbox 1501 1801 1542 1834; x_wconf 91' lang='grc' dir='ltr'><em>Β.</em></span> 
     </span>
    </p>
   </div>
   <div class='ocr_carea' id='block_1_17' title="bbox 1005 1846 1663 1938">
    <p class='ocr_par' dir='ltr' id='par_1_23' title="bbox 1005 1846 1663 1938">
     <span class='ocr_line' id='line_1_69' title="bbox 1052 1846 1663 1891; baseline -0.002 -10"><span class='ocrx_word' id='word_1_337' title='bbox 1052 1847 1179 1891; x_wconf 78' lang='grc' dir='ltr'><em>οῦτοι]</em></span> <span class='ocrx_word' id='word_1_338' title='bbox 1213 1860 1276 1881; x_wconf 85' lang='lat' dir='ltr'><strong>om.</strong></span> <span class='ocrx_word' id='word_1_339' title='bbox 1311 1846 1411 1883; x_wconf 89' lang='lat' dir='ltr'><strong>Vind.</strong></span> <span class='ocrx_word' id='word_1_340' title='bbox 1445 1847 1488 1880; x_wconf 88' lang='lat' dir='ltr'><em>E.</em></span> <span class='ocrx_word' id='word_1_341' title='bbox 1524 1849 1559 1880; x_wconf 79' lang='lat' dir='ltr'><em>et</em></span> <span class='ocrx_word' id='word_1_342' title='bbox 1582 1858 1663 1881; x_wconf 85' lang='lat' dir='ltr'><em>am.</em></span> 
     </span>
     <span class='ocr_line' id='line_1_70' title="bbox 1005 1893 1224 1938; baseline 0 -12"><span class='ocrx_word' id='word_1_343' title='bbox 1005 1904 1057 1938; x_wconf 78' lang='lat' dir='ltr'><strong>pr.</strong></span> <span class='ocrx_word' id='word_1_344' title='bbox 1082 1893 1167 1926; x_wconf 84' lang='lat' dir='ltr'><strong>Ven.</strong></span> <span class='ocrx_word' id='word_1_345' title='bbox 1185 1894 1224 1926; x_wconf 92' lang='lat' dir='ltr'><em>B.</em></span> 
     </span>
    </p>
   </div>
   <div class='ocr_carea' id='block_1_18' title="bbox 1002 1938 1669 2822">
    <p class='ocr_par' dir='ltr' id='par_1_24' title="bbox 1002 1938 1669 2822">
     <span class='ocr_line' id='line_1_71' title="bbox 1051 1938 1386 1983; baseline -0.006 -11"><span class='ocrx_word' id='word_1_346' title='bbox 1051 1939 1120 1983; x_wconf 88' lang='grc' dir='ltr'><em>τῇ]</em></span> <span class='ocrx_word' id='word_1_347' title='bbox 1146 1951 1210 1972; x_wconf 89' lang='lat' dir='ltr'><em>om.</em></span> <span class='ocrx_word' id='word_1_348' title='bbox 1237 1939 1316 1973; x_wconf 82' lang='lat' dir='ltr'><strong>Vat.</strong></span> <span class='ocrx_word' id='word_1_349' title='bbox 1342 1938 1386 1970; x_wconf 93' lang='lat' dir='ltr'><strong>H.</strong></span> 
     </span>
     <span class='ocr_line' id='line_1_72' title="bbox 1049 1981 1666 2028; baseline 0 -10"><span class='ocrx_word' id='word_1_350' title='bbox 1049 1981 1356 2028; x_wconf 81' lang='grc' dir='ltr'><em>κεκεντρωμένοι]</em></span> <span class='ocrx_word' id='word_1_351' title='bbox 1390 1981 1666 2027; x_wconf 76' lang='grc' dir='ltr'><em>κεκεντρομένοι</em></span> 
     </span>
     <span class='ocr_line' id='line_1_73' title="bbox 1003 2030 1665 2119; baseline -0.003 -9"><span class='ocrx_word' id='word_1_352' title='bbox 1003 2030 1087 2110; x_wconf 51' lang='lat' dir='ltr'><em>Alie</em></span> <span class='ocrx_word' id='word_1_353' title='bbox 1111 2074 1196 2119; x_wconf 80' lang='grc' dir='ltr'><em>καὶ]</em></span> <span class='ocrx_word' id='word_1_354' title='bbox 1222 2074 1322 2108; x_wconf 80' lang='lat' dir='ltr'>Prius</span> <span class='ocrx_word' id='word_1_355' title='bbox 1347 2086 1411 2108; x_wconf 89' lang='lat' dir='ltr'><strong>om.</strong></span> <span class='ocrx_word' id='word_1_356' title='bbox 1429 2074 1522 2108; x_wconf 88' lang='lat' dir='ltr'><strong>Flor.</strong></span> <span class='ocrx_word' id='word_1_357' title='bbox 1548 2075 1591 2108; x_wconf 93' lang='lat' dir='ltr'><strong>T.</strong></span> <span class='ocrx_word' id='word_1_358' title='bbox 1614 2075 1665 2108; x_wconf 87' lang='lat' dir='ltr'><em>al-</em></span> 
     </span>
     <span class='ocr_line' id='line_1_74' title="bbox 1003 2120 1665 2155; baseline 0 0"><span class='ocrx_word' id='word_1_359' title='bbox 1003 2127 1113 2155; x_wconf 82' lang='lat' dir='ltr'>terum</span> <span class='ocrx_word' id='word_1_360' title='bbox 1136 2122 1229 2155; x_wconf 85' lang='lat' dir='ltr'><strong>Mon.</strong></span> <span class='ocrx_word' id='word_1_361' title='bbox 1255 2121 1295 2154; x_wconf 90' lang='lat' dir='ltr'><em>B.</em></span> <span class='ocrx_word' id='word_1_362' title='bbox 1322 2120 1356 2154; x_wconf 90' lang='lat' dir='ltr'><em>in</em></span> <span class='ocrx_word' id='word_1_363' title='bbox 1381 2132 1423 2153; x_wconf 92' lang='lat' dir='ltr'><strong>m.</strong></span> <span class='ocrx_word' id='word_1_364' title='bbox 1450 2132 1470 2154; x_wconf 87' lang='lat' dir='ltr'>a</span> <span class='ocrx_word' id='word_1_365' title='bbox 1495 2132 1538 2154; x_wconf 89' lang='grc' dir='ltr'><em>ιιι.</em></span> <span class='ocrx_word' id='word_1_366' title='bbox 1560 2132 1588 2155; x_wconf 89' lang='lat' dir='ltr'><em>s.</em></span> <span class='ocrx_word' id='word_1_367' title='bbox 1604 2122 1665 2155; x_wconf 89' lang='lat' dir='ltr'><em>ha-</em></span> 
     </span>
     <span class='ocr_line' id='line_1_75' title="bbox 1002 2169 1665 2257; baseline 0 -10"><span class='ocrx_word' id='word_1_368' title='bbox 1002 2169 1246 2257; x_wconf 60' lang='grc' dir='ltr'><em>ἰἋέίἀμφότεροι</em></span> <span class='ocrx_word' id='word_1_369' title='bbox 1269 2238 1278 2254; x_wconf 95' lang='grc'><em>,</em></span> <span class='ocrx_word' id='word_1_370' title='bbox 1343 2210 1538 2255; x_wconf 82' lang='grc' dir='ltr'><em>μισοῦντές</em></span> <span class='ocrx_word' id='word_1_371' title='bbox 1591 2214 1665 2257; x_wconf 89' lang='grc' dir='ltr'><em>τε]</em></span> 
     </span>
     <span class='ocr_line' id='line_1_76' title="bbox 1003 2258 1574 2304; baseline -0.005 -10"><span class='ocrx_word' id='word_1_372' title='bbox 1003 2262 1155 2304; x_wconf 81' lang='lat' dir='ltr'><em>utrisque</em></span> <span class='ocrx_word' id='word_1_373' title='bbox 1188 2260 1290 2293; x_wconf 74' lang='lat' dir='ltr'><em>malls</em></span> <span class='ocrx_word' id='word_1_374' title='bbox 1320 2259 1473 2302; x_wconf 81' lang='lat' dir='ltr'><em>oppressi</em></span> <span class='ocrx_word' id='word_1_375' title='bbox 1498 2258 1574 2291; x_wconf 87' lang='lat' dir='ltr'><strong>Fic.</strong></span> 
     </span>
     <span class='ocr_line' id='line_1_77' title="bbox 1051 2313 1664 2361; baseline -0.003 -11"><span class='ocrx_word' id='word_1_376' title='bbox 1051 2313 1202 2361; x_wconf 74' lang='grc' dir='ltr'><em>αὐτῶν]</em></span> <span class='ocrx_word' id='word_1_377' title='bbox 1232 2313 1293 2350; x_wconf 88' lang='grc' dir='ltr'><em>αυ’.</em></span> <span class='ocrx_word' id='word_1_378' title='bbox 1323 2316 1408 2350; x_wconf 88' lang='lat' dir='ltr'><strong>Lob.</strong></span> <span class='ocrx_word' id='word_1_379' title='bbox 1434 2316 1533 2350; x_wconf 86' lang='lat' dir='ltr'><strong>vind.</strong></span> <span class='ocrx_word' id='word_1_380' title='bbox 1558 2315 1664 2350; x_wconf 78' lang='lat' dir='ltr'><strong>BEF.</strong></span> 
     </span>
     <span class='ocr_line' id='line_1_78' title="bbox 1003 2362 1665 2407; baseline -0.003 -10"><span class='ocrx_word' id='word_1_381' title='bbox 1003 2363 1080 2398; x_wconf 83' lang='lat' dir='ltr'><strong>Ald.</strong></span> <span class='ocrx_word' id='word_1_382' title='bbox 1104 2363 1182 2396; x_wconf 86' lang='lat' dir='ltr'><strong>Bas.</strong></span> <span class='ocrx_word' id='word_1_383' title='bbox 1208 2363 1261 2396; x_wconf 87' lang='lat' dir='ltr'><strong>ab.</strong></span> <span class='ocrx_word' id='word_1_384' title='bbox 1287 2365 1322 2395; x_wconf 78' lang='lat' dir='ltr'><em>et</em></span> <span class='ocrx_word' id='word_1_385' title='bbox 1347 2374 1366 2395; x_wconf 90' lang='lat' dir='ltr'>a</span> <span class='ocrx_word' id='word_1_386' title='bbox 1385 2374 1427 2395; x_wconf 90' lang='lat' dir='ltr'><strong>m.</strong></span> <span class='ocrx_word' id='word_1_387' title='bbox 1446 2373 1496 2407; x_wconf 90' lang='lat' dir='ltr'><strong>pr.</strong></span> <span class='ocrx_word' id='word_1_388' title='bbox 1521 2362 1615 2396; x_wconf 84' lang='lat' dir='ltr'><strong>Men.</strong></span> <span class='ocrx_word' id='word_1_389' title='bbox 1625 2362 1665 2396; x_wconf 92' lang='grc' dir='ltr'><strong>Β.</strong></span> 
     </span>
     <span class='ocr_line' id='line_1_79' title="bbox 1049 2407 1394 2465; baseline -0.006 -23"><span class='ocrx_word' id='word_1_390' title='bbox 1049 2407 1118 2465; x_wconf 85' lang='grc' dir='ltr'><em>δὴ]</em></span> <span class='ocrx_word' id='word_1_391' title='bbox 1145 2421 1212 2442; x_wconf 88' lang='lat' dir='ltr'><strong>om.</strong></span> <span class='ocrx_word' id='word_1_392' title='bbox 1238 2407 1394 2442; x_wconf 84' lang='lat' dir='ltr'><strong>F101·.T.</strong></span> 
     </span>
     <span class='ocr_line' id='line_1_80' title="bbox 1006 2451 1659 2535; baseline -0.002 -1"><span class='ocrx_word' id='word_1_393' title='bbox 1006 2451 1564 2535; x_wconf 47' lang='lat' dir='ltr'><em>Hfss1²32ss²s⁶²ff5z¹f4225fffffssff⁶</em></span> <span class='ocrx_word' id='word_1_394' title='bbox 1579 2454 1659 2488; x_wconf 52' lang='lat'><em>‘⁷²²‘</em></span> 
     </span>
     <span class='ocr_line' id='line_1_81' title="bbox 1006 2502 1666 2599; baseline -0.003 -18"><span class='ocrx_word' id='word_1_395' title='bbox 1006 2548 1088 2581; x_wconf 80' lang='lat' dir='ltr'><strong><em>bunt</em></strong></span> <span class='ocrx_word' id='word_1_396' title='bbox 1128 2547 1204 2580; x_wconf 91' lang='lat' dir='ltr'><strong>Fic.</strong></span> <span class='ocrx_word' id='word_1_397' title='bbox 1235 2558 1333 2589; x_wconf 81' lang='lat' dir='ltr'>quem</span> <span class='ocrx_word' id='word_1_398' title='bbox 1371 2502 1666 2599; x_wconf 44' lang='lat' dir='ltr'><em>plegqueivizlgss-</em></span> 
     </span>
     <span class='ocr_line' id='line_1_82' title="bbox 1005 2591 1668 2646; baseline -0.003 -20"><span class='ocrx_word' id='word_1_399' title='bbox 1005 2598 1120 2646; x_wconf 84' lang='lat' dir='ltr'>pretes</span> <span class='ocrx_word' id='word_1_400' title='bbox 1154 2592 1262 2626; x_wconf 78' lang='lat' dir='ltr'>secuti</span> <span class='ocrx_word' id='word_1_401' title='bbox 1298 2597 1385 2625; x_wconf 88' lang='lat' dir='ltr'><strong>sunt.</strong></span> <span class='ocrx_word' id='word_1_402' title='bbox 1441 2591 1526 2626; x_wconf 85' lang='lat' dir='ltr'><strong>Mihi</strong></span> <span class='ocrx_word' id='word_1_403' title='bbox 1559 2597 1668 2626; x_wconf 80' lang='lat' dir='ltr'>status</span> 
     </span>
     <span class='ocr_line' id='line_1_83' title="bbox 1005 2638 1667 2673; baseline -0.003 -1"><span class='ocrx_word' id='word_1_404' title='bbox 1005 2645 1041 2673; x_wconf 85' lang='lat' dir='ltr'><em>et</em></span> <span class='ocrx_word' id='word_1_405' title='bbox 1064 2639 1213 2672; x_wconf 86' lang='lat' dir='ltr'>incessus</span> <span class='ocrx_word' id='word_1_406' title='bbox 1241 2638 1385 2671; x_wconf 86' lang='lat' dir='ltr'>istorum</span> <span class='ocrx_word' id='word_1_407' title='bbox 1408 2638 1575 2672; x_wconf 84' lang='lat' dir='ltr'>hominum</span> <span class='ocrx_word' id='word_1_408' title='bbox 1608 2639 1667 2671; x_wconf 77' lang='lat' dir='ltr'><em>de—</em></span> 
     </span>
     <span class='ocr_line' id='line_1_84' title="bbox 1006 2684 1669 2738; baseline -0.003 -20"><span class='ocrx_word' id='word_1_409' title='bbox 1006 2685 1107 2718; x_wconf 83' lang='lat' dir='ltr'>misso</span> <span class='ocrx_word' id='word_1_410' title='bbox 1138 2684 1250 2738; x_wconf 86' lang='lat' dir='ltr'>capite</span> <span class='ocrx_word' id='word_1_411' title='bbox 1282 2685 1371 2717; x_wconf 82' lang='lat' dir='ltr'>inter</span> <span class='ocrx_word' id='word_1_412' title='bbox 1404 2685 1496 2717; x_wconf 62' lang='lat' dir='ltr'>cives</span> <span class='ocrx_word' id='word_1_413' title='bbox 1528 2695 1669 2717; x_wconf 73' lang='lat' dir='ltr'>vensan-</span> 
     </span>
     <span class='ocr_line' id='line_1_85' title="bbox 1005 2730 1667 2774; baseline -0.003 -10"><span class='ocrx_word' id='word_1_414' title='bbox 1005 2731 1088 2764; x_wconf 86' lang='lat' dir='ltr'><em>tium</em></span> <span class='ocrx_word' id='word_1_415' title='bbox 1123 2735 1158 2764; x_wconf 82' lang='lat' dir='ltr'><em>et</em></span> <span class='ocrx_word' id='word_1_416' title='bbox 1186 2731 1397 2763; x_wconf 77' lang='lat' dir='ltr'>innocentiae</span> <span class='ocrx_word' id='word_1_417' title='bbox 1431 2730 1544 2774; x_wconf 82' lang='lat' dir='ltr'>specie</span> <span class='ocrx_word' id='word_1_418' title='bbox 1567 2741 1667 2772; x_wconf 84' lang='lat' dir='ltr'>prae-</span> 
     </span>
     <span class='ocr_line' id='line_1_86' title="bbox 1007 2775 1668 2822; baseline -0.003 -12"><span class='ocrx_word' id='word_1_419' title='bbox 1007 2777 1082 2810; x_wconf 85' lang='lat' dir='ltr'><em>dam</em></span> <span class='ocrx_word' id='word_1_420' title='bbox 1107 2777 1315 2822; x_wconf 83' lang='lat' dir='ltr'>captantium</span> <span class='ocrx_word' id='word_1_421' title='bbox 1347 2776 1497 2810; x_wconf 88' lang='lat' dir='ltr'>describi</span> <span class='ocrx_word' id='word_1_422' title='bbox 1520 2775 1668 2809; x_wconf 83' lang='lat' dir='ltr'><strong>videtur.</strong></span> 
     </span>
    </p>
   </div>
   <div class='ocr_carea' id='block_1_19' title="bbox 1743 2655 1764 2815">
    <p class='ocr_par' dir='ltr' id='par_1_25' title="bbox 1743 2655 1764 2815">
     <span class='ocr_line' id='line_1_87' title="bbox 1743 2655 1764 2815; textangle 90"><span class='ocrx_word' id='word_1_423' title='bbox 1743 2776 1764 2815; x_wconf 29' lang='lat'><em>3*-</em></span> <span class='ocrx_word' id='word_1_424' title='bbox 1746 2679 1764 2739; x_wconf 36' lang='grc' dir='ltr'><em>’ἂ</em></span> <span class='ocrx_word' id='word_1_425' title='bbox 1751 2655 1753 2658; x_wconf 43' lang='grc' dir='ltr'><em>ι</em></span> 
     </span>
    </p>
   </div>
  </div>
 </body>
</html>
