1764 3176
261 129 343 168 110

712 120 1187 163 PLATONIS

259 235 452 291 λυμένον
485 249 529 276 τε
558 233 632 276 καὶ
662 230 993 290 ἀπηλλαγμένον
1024 229 1230 288 αἰσχύνης
1260 232 1333 276 καὶ
1367 230 1636 288 φρονήσεως.

196 313 232 352 D
264 305 394 361 μητρί
435 318 478 344 τε
519 300 602 357 γὰρ
641 301 869 357 ἐπιχειρεῖν
908 302 1168 356 μίγνυσθαι,
1212 298 1270 352 ὥς
1312 301 1469 352 οἴεται,
1507 297 1639 343 οὐδὲν

260 371 381 415 ὀκνεῖ
421 370 537 427 ἄλλῳ
579 385 623 412 τε
663 367 835 425 ὁτῳοῦν
875 367 1126 422 ἀνθρώπων
1168 368 1243 411 καὶ
1278 371 1398 411 θεῶν
1446 368 1517 410 καὶ
1554 372 1637 423 θη-

258 442 390 494 ρίων,
422 442 677 494 μιαιφονεῖν
709 455 752 481 τε
782 436 935 482 ὁτιοῦν
964 435 1194 521 βρώματός
1229 451 1273 478 τε
1303 435 1536 490 απέχεσθαι
1564 451 1639 490 μη-

261 507 410 558 δενός,
452 507 525 550 καὶ
566 505 630 550 ἑνὶ
667 506 783 564 λόγῳ
825 505 928 549 ου’τε
967 505 1119 556 ἀνοίας
1158 503 1288 548 οὐδὲν
1328 504 1510 547 ἐλλείπει
1540 499 1635 545 οὔτ’

262 575 581 631 αναισχυντίας.

634 573 923 631 Ἀληθὲστατα
932 609 943 626 ,
982 574 1066 630 ἔφη
1078 605 1089 623 ,
1130 573 1279 628 λέγεις.

1326 571 1465 615 ““Ὀταν
1504 570 1550 614 δὲ
1578 586 1640 625 γε,

260 642 405 699 οἶμαι,
435 642 638 699 ὑγιεινῶς
667 659 731 693 τις
760 643 831 700 ἔχῃ
863 643 996 695 αὐτὸς
1027 641 1166 686 αὑτοῦ
1193 642 1267 684 καὶ
1298 638 1544 695 σωφρόνως
1569 639 1641 682 καὶ

260 713 321 763 εἰς
359 710 436 754 τὸν
464 710 610 753 ὕπνον
639 712 685 766 ἰ”ῃ
716 711 765 754 τὸ
795 711 1044 768 λογιστικὸν
1073 710 1152 765 μὲν
1180 708 1347 764 ἐγείρας
1376 708 1539 751 ἑαυτοῦ
1568 708 1641 750 καὶ

262 777 463 829 ἑστιάσας
499 779 644 833 λόγων
684 784 834 823 καλῶν
870 780 944 823 καὶ
976 778 1192 830 σκέψεων,
1224 779 1284 828 εἰς
1315 777 1528 820 σύννοιαν
1558 772 1643 818 αὐ-

203 857 237 897 Ε
262 847 334 899 τὸς
377 846 496 905 αὐτῷ
533 844 826 902 ἀφικόμενος,
865 847 914 891 τὸ
944 844 1259 903 ἐπιθυμητικὸν
1289 845 1334 888 δὲ
1364 843 1642 900 μήτεᾼένδείᾳ

265 915 371 967 δούς
409 914 513 971 μήτε
551 919 801 972 πλησμονῇ,
833 915 952 967 ὅπως
981 914 1038 958 ἂν
1067 917 1262 971 κοιμηθῇ
1292 913 1365 957 καὶ
1394 912 1452 969 μὴ
1482 910 1643 967 παρέχῃ

264 1089 344 1123 Bas.
373 1088 406 1121 b.
441 1088 675 1142 „(annotata.)
709 1087 815 1122 Paulo
846 1091 925 1130 post

265 1146 328 1179 pro
356 1130 432 1168 οἷπὸ
461 1132 599 1178 πάσης,
625 1134 753 1178 legitur
777 1130 925 1187 απάσης

266 1182 303 1214 in
335 1180 453 1214 eodem
484 1180 571 1214 libro
602 1186 671 1214 vet.
680 1183 703 1199 “
748 1181 926 1225 Step11.in

267 1239 308 1260 m.
338 1227 392 1261 Cf.
419 1226 584 1260 Matthiae
606 1238 744 1280 gramm.
768 1239 802 1271 p.
824 1227 901 1261 665.

313 1271 376 1306 καὶ
401 1270 628 1316 φρονήσεως]
653 1269 677 1316 ἢ
704 1285 744 1316 φ.
769 1273 866 1306 Stob.

314 1341 445 1385 μητρί]
480 1341 683 1374 Plutarchus
707 1352 789 1374 mor.
814 1353 847 1385 p.
873 1330 928 1376 83.

268 1389 308 1421 A.
343 1391 602 1421 connnemorata
625 1387 771 1420 Zenonis
795 1392 931 1420 senten-

270 1435 318 1467 tia
349 1434 390 1467 de
415 1434 626 1478 pr'okectibus
651 1433 789 1466 virtutis
814 1444 856 1466 ex
880 1433 930 1465 in·

267 1480 404 1513 somniis
462 1479 681 1513 aestimandis
729 1479 841 1512 τοῦτο
892 1476 931 1512 δὲ

269 1524 450 1567 Πλατων,
476 1526 597 1569 inquit,
623 1538 674 1564 ως
700 1523 807 1568 εὀικε,
834 1535 932 1558 συνι-

269 1570 346 1606 δών
379 1569 563 1615 πρότερον
598 1569 830 1625 ἐξεμόρφωσε
870 1569 933 1604 καὶ

271 1616 475 1652 διετύπωσε
511 1617 577 1661 τῆς
618 1615 729 1660 φύσει
763 1629 932 1673 τυραννι-

270 1665 337 1719 κῆς
394 1664 517 1707 ψυχῆς
577 1667 639 1697 οἱα
692 1661 788 1697 κατὰ
844 1661 934 1702 τοὺς

269 1707 416 1749 ν’πνους
441 1710 511 1756 δρᾷ
537 1707 579 1766 tf)
601 1708 854 1766 φανταστικὸν
873 1708 935 1742 καὶ

273 1753 420 1800 ἄλογον.
452 1768 562 1799 μητρι
594 1767 633 1789 τε
663 1754 732 1799 γὰρ
766 1753 940 1810 ἐπιχειρεῖ

273 1803 475 1854 μίγνυσθαι
498 1801 562 1835 καὶ
586 1801 670 1857 περὶ
695 1800 848 1846 βρώσεις
875 1798 936 1844 ὁρ-

274 1861 334 1906 μα
373 1845 623 1887 παντοδαποῖς
687 1847 937 1903 παρανομοῦν

275 1894 338 1929 καὶ
361 1892 549 1943 χρώμενον
584 1892 721 1928 εαυτοῦ
754 1896 837 1933 ταῖς
861 1890 938 1926 ἐπι-

275 1941 430 1998 θνμίαις
481 1938 562 1974 οἷον
591 1938 839 1995 λελυμέναις,
893 1934 939 1978 ἃς

276 1984 371 2031 μεθ’
404 1983 547 2030 ἡμέραν
580 1982 600 2020 ὁ
634 1983 751 2029 νόμος
785 1982 939 2029 αἰσχύνῃ

276 2032 339 2068 καὶ
378 2031 486 2078 φόβῳ
527 2032 796 2087 καθείργνυσιν.
852 2030 941 2064 Ιὺίᾱ.

277 2092 310 2136 p.
345 2082 422 2114 101.
451 2082 503 2112 A:
535 2075 558 2122 ἡ
585 2079 697 2112 κακία
725 2098 771 2103 —
799 2075 836 2111 ἐν
861 2079 940 2116 τοῖς

277 2122 413 2165 ν’πνοις
445 2122 696 2169 αποφυγοῦσα
729 2121 842 2166 δόξας
876 2121 939 2156 καὶ

277 2169 419 2227 νόμους
460 2170 522 2205 καὶ
565 2168 796 2227 ποῤῥωτοίτω
839 2180 939 2213 γενο-

277 2215 369 2262 με’νη
394 2217 462 2251 τοῦ
484 2215 646 2252 δεδιέναι
667 2216 729 2251 καὶ
749 2216 941 2251 αἰδεῖσθαι

276 2264 406 2298 πᾶσαν
430 2261 633 2318 ἐπιθυμίαν
656 2266 752 2297 κινεῖ
771 2261 834 2297 καὶ
852 2259 939 2295 ἐπα-

278 2310 432 2365 ν,εγείρει
475 2307 518 2344 τὸ
564 2307 753 2353 κακόηθες
791 2307 854 2343 καὶ
894 2303 937 2341 τὸ

280 2353 501 2391 ἀκόλαστον.
543 2357 654 2400 μητρί
688 2367 727 2389 τε
759 2354 830 2400 γὰρ
864 2351 940 2387 ε’πι-

280 2404 393 2457 χειρεῖ
423 2402 652 2456 μίγνυσθαι,
688 2398 739 2442 ὥς
767 2411 885 2457 φησιν
919 2395 938 2433 ὁ

283 2445 460 2490 Πλάτων,
487 2448 551 2482 καὶ
575 2445 729 2506 ρρωσεις
753 2445 951 2501 ἀθέσμους

281 2505 506 2550 προσαγεται
539 2494 602 2529 καὶ
623 2492 798 2550 πράξεως
830 2489 942 2527 ουδε-

282 2552 369 2584 μιας
394 2552 580 2584 απεχεται,
609 2538 852 2575 απολαύουσα
872 2539 940 2572 τοῦ

284 2589 515 2631 παρανομεῖν
540 2591 604 2620 etc.

332 2652 548 2700 ἐπιχειρεῖν]
576 2652 749 2699 ἐπιχειρεῖ
772 2655 850 2689 Par.
871 2654 948 2688 DK.

287 2702 372 2745 Ang.
410 2702 449 2734 B.
483 2702 560 2735 Vat.
597 2701 641 2735 H.
683 2702 775 2735 Flor.
808 2700 948 2735 ACRT.

286 2759 402 2791 margo
430 2748 527 2782 Stob.
562 2749 669 2781 Gesn.
691 2748 768 2782 Ald.
792 2748 870 2783 Bas.
894 2747 948 2781 ab.

288 2791 465 2836 ἐπιθυμεῖ
486 2794 583 2828 Stob.

1030 1084 1155 1132 οὐδὲν]
1179 1086 1243 1120 καὶ
1264 1083 1376 1121 οὐδὲν
1391 1087 1477 1130 Ang.
1491 1085 1530 1119 Β.
1551 1084 1643 1118 Flor.
1673 1077 1712 1118 D

983 1133 1062 1168 RT.

1032 1175 1127 1224 ἄλλῳ
1155 1190 1194 1213 τε
1225 1176 1414 1234 ὁτῳοῦν]
1425 1173 1463 1212 ὀί.
1487 1189 1519 1211 τ.
1554 1172 1647 1212 Htw-

986 1225 1056 1258 οὖν
1084 1214 1180 1258 v‘ind.
1201 1225 1244 1258 F.
1277 1213 1364 1258 αλλ’
1391 1220 1453 1258 οἵτε
1479 1217 1548 1258 οὖν
1573 1219 1647 1268 ὅτῳ

985 1272 1082 1305 Stob.
1101 1272 1220 1305 Trinc.

1032 1316 1267 1361 μιαιφονεῖν]
1302 1317 1525 1360 μιαιφωνεῖν
1551 1314 1648 1348 Vind.

1036 1405 1188 1452 ὁτιοῦν]
1213 1405 1344 1442 ὅτιοῦν
1368 1407 1469 1443 Vind.
1492 1407 1531 1440 F.
1557 1406 1649 1440 Fici—

988 1466 1050 1489 nus
1075 1456 1159 1488 haec
1183 1455 1261 1488 inde
1286 1466 1306 1488 a
1328 1454 1438 1498 μητρί
1461 1464 1500 1487 τε·
1524 1453 1573 1486 ita
1591 1463 1650 1485 ex-

989 1502 1132 1546 pressit:
1158 1505 1196 1534 ut
1219 1506 1278 1534 ant
1301 1512 1376 1533 cum
1396 1506 1508 1533 matre
1530 1509 1651 1542 corpus

990 1549 1130 1581 miscere
1148 1548 1329 1585 videatur,
1358 1552 1420 1580 aut
1437 1558 1511 1579 cum
1531 1545 1650 1590 quovis

991 1595 1060 1627 alio
1078 1595 1211 1626 homine
1232 1594 1285 1626 vel
1303 1594 1387 1634 Deo,
1409 1604 1513 1636 saepe
1532 1597 1565 1625 et
1581 1592 1652 1625 bel-

992 1641 1072 1679 lua‚·
1109 1645 1212 1683 atque
1246 1640 1351 1672 etiam
1378 1619 1557 1673 ’trucidare
1585 1637 1652 1672 ali-

992 1697 1101 1740 quem,
1126 1692 1158 1719 ct
1176 1686 1279 1740 impie
1300 1687 1486 1720 cruentari.

1041 1728 1128 1765 οὔτ’
1164 1727 1361 1775 ἀναισχνντ

992 1778 1094 1812 Vind.
1127 1778 1232 1811 BEF.
1266 1780 1351 1821 Ang.
1365 1731 1445 1811 [gs]

994 1825 1086 1857 Fulm
1100 1823 1306 1857 ACRTUV.
1331 1824 1428 1857 Stob.
1454 1823 1577 1857 Stallb.
1590 1834 1655 1856 ον-

993 1881 1032 1903 τε
1052 1882 1088 1904 α.
1107 1869 1201 1903 Mon.
1219 1870 1260 1902 B.
1278 1870 1352 1904 Ald.
1371 1869 1449 1903 Bas.
1462 1870 1516 1903 ab.
1534 1868 1654 1912 steph.

994 1916 1103 1949 Bekk.
1141 1918 1216 1950 Ast.
1274 1915 1311 1948 Id
1345 1915 1546 1956 tenuissem,
1590 1913 1655 1947 nisi

995 1961 1146 1995 Bekkeri
1191 1961 1360 1994 silentium
1402 1961 1444 1994 de
1479 1960 1579 1996 Vind.
1614 1959 1654 1991 B.

996 2007 1219 2051 suspicionem
1254 2007 1296 2040 de
1319 2006 1456 2050 reliquis
1482 2005 1656 2039 codicibus

996 2052 1139 2087 Parisiis
1161 2054 1204 2086 ab
1229 2064 1269 2086 eo
1294 2052 1425 2086 collatis
1448 2051 1631 2086 iniecisset.

1042 2097 1084 2133 δέ
1115 2100 1178 2143 γε]
1221 2096 1263 2132 δέ
1298 2095 1336 2142 γ’
1371 2098 1456 2132 Lob.
1491 2098 1570 2132 vat.
1605 2097 1656 2131 M.

996 2146 1094 2179 Stob.
1121 2146 1228 2179 Gesn
1264 2143 1308 2178 δέ.
1336 2141 1374 2200 ⁷⁷:
1409 2145 1507 2178 Stob.
1536 2143 1655 2177 Trinc.

1043 2189 1117 2247 ἔχῃ]
1145 2188 1219 2234 ε’χοι
1243 2190 1327 2226 Lob.
1353 2188 1424 2233 ε’χει
1447 2190 1547 2224 Vind.
1572 2189 1613 2223 F.

995 2235 1185 2317 8ίῦαξτοῦ]
1224 2249 1286 2271 αν.
1323 2237 1408 2270 Lob.
1444 2236 1546 2273 Vind.
1582 2235 1655 2269 EF.

1040 2295 1057 2317 0

1042 2325 1268 2373 λογιστικὸν]
1311 2325 1457 2372 λογικὸν
1500 2329 1580 2364 Vat.
1617 2327 1659 2360 B.

998 2377 1084 2409 Ven.
1115 2377 1157 2409 B.
1192 2377 1272 2409 Bas.
1307 2376 1341 2408 b.
1385 2385 1501 2418 margo
1536 2373 1657 2418 Steph.

1046 2465 1209 2512 ἐγείρας]
1252 2462 1404 2510 ἀγείρας
1449 2465 1548 2499 Vind.
1583 2464 1658 2498 BE.

1002 2514 1082 2548 Vat.
1107 2515 1150 2547 H.

1050 2558 1199 2603 ἑαυτοῦ]
1227 2555 1346 2592 αὐτοῦ
1370 2559 1455 2592 Lob.
1480 2558 1580 2592 Stob.

1050 2607 1186 2650 καλῶν]
1212 2605 1336 2638 κακῶν
1361 2606 1446 2640 Ven.
1470 2605 1511 2638 B.

1051 2650 1245 2696 σύννοιαν]
1288 2648 1443 2684 σύνοιαν
1486 2649 1585 2685 Vind.
1618 2648 1661 2682 E.

1006 2701 1042 2732 et
1066 2710 1087 2732 a
1109 2710 1151 2732 m.
1176 2709 1229 2743 pr.
1255 2699 1347 2732 Mon.
1365 2698 1406 2731 B.
1431 2697 1528 2730 Stob.
1543 2694 1661 2729 Trinc.

1053 2786 1174 2835 αὑτῷ]
1200 2786 1303 2824 αὐτῶ
1329 2789 1426 2825 Vind.
1447 2788 1522 2823 EF.
1547 2798 1663 2831 margo

1480 1731 1536 1764 Ita
1566 1730 1651 1763 Lob.

1456 1779 1534 1812 Vat.
1567 1775 1654 1829 HM.
