1764 3176
247 159 346 186 xxu
668 140 1203 182 PRAEFATIO

249 253 482 304 Εὐβουλίδης
519 252 539 291 ὁ
571 254 835 302 Πυθαγορικὸς
871 255 933 291 καὶ
960 253 1203 303 Ἀριστόξενος
1232 254 1297 290 καὶ
1332 250 1638 302 Ἱππόβοτοςκαὶ

250 324 455 371 Νεάνθης,
486 325 521 361 οἳ
543 324 638 360 κατὰ
666 323 733 361 τὸν
759 321 879 371 ἄνδρα
908 321 1225 376 ἀναγράψαντες,
1245 337 1355 362 σιστ
1376 324 1468 362 ἔτεσι
1486 324 1638 371 τὰς’με-

243 381 502 429 ’τεμψνχώσεις
526 381 593 423 τὰς
628 379 730 431 αὐτῷ
761 384 1034 429 συμβεβηκυίας
1068 382 1215 428 ἔφασαν
1229 380 1436 432 γεγονέναι·
1465 381 1558 426 μετὰ
1576 396 1639 419 το-

249 441 368 475 σαῦτα
387 440 480 484 γοῦν
502 437 564 484 ἔτη
580 438 639 480 εἰς
656 441 936 485 παλιγγενεσίαν
962 438 1088 475 ἐλθεῖν
1107 437 1343 484 Πυθαγόραν
1363 438 1427 474 καὶ
1448 435 1640 483 ἇναζῆσαι,

250 493 386 532 ὡσανεὶ
415 493 508 541 μετὰ
538 492 610 541 τὴν
637 494 790 541 πρώτην
818 493 1078 533 ἁνακύκλωσιν
1107 496 1170 532 καὶ
1204 494 1391 531 ἐπάνοδον
1406 495 1474 531 τοῦ
1499 492 1574 531 ἀπὸ
1598 493 1641 541 ἓξ

249 553 500 599 ψυχογονικοῦ
527 549 664 599 κύβου,
703 554 773 588 τοῦ
804 547 844 588 δ’
882 548 1003 588 αὐτοῦ
1032 551 1095 602 noti
1128 549 1477 600 ἆποκαταστατικοῦ
1505 547 1570 588 διὰ
1593 550 1638 587 *cd

242 606 459 655 ’σφαιρικόν.
519 612 589 645 Sed
620 612 856 655 gravissimum
885 616 1122 654 argumentum
1151 602 1240 657 infra
1261 611 1466 657 proferetur.
1522 611 1642 645 Pena·-

247 679 322 703 mus
346 669 450 711 igitur
480 679 657 702 numerum
690 669 972 711 multiplicatione
1001 669 1144 702 duorum
1170 669 1356 712 primorum
1376 668 1539 702 cuborum
1556 665 1641 711 pr'o'-

248 731 402 759 creatum
421 726 625 768 significari,
657 728 692 758 et
721 735 765 759 ex
795 723 859 758 hac
890 725 1223 770 hypothesi‘reliqua
1247 724 1528 770 consideremus,
1550 721 1642 769 quae

247 783 276 816 si
303 779 351 815 ita
385 784 586 825 comparata
617 785 714 823 sunt,
745 786 783 814 ut
803 791 880 815 eam
902 783 1058 824 firment,
1087 783 1234 828 alterum
1254 784 1322 828 non
1346 779 1552 822 admittant,
1582 792 1641 815 ve-

248 850 321 872 rum
342 849 404 872 nos
424 839 578 882 posuisse
598 839 788 873 credamus.
845 839 1008 881 Sequitur
1030 843 1144 872 autem‘
1172 837 1259 872 ho'ci
1289 830 1345 872 ’ὧν
1365 834 1549 879 ἔπίτριτὸς
1571 848 1642 871 πυ-

246 891 352 938 θμὴν
378 891 547 937 πεμπάδι
577 891 744 936 συζυγεὶς
783 887 852 927 δύο
883 887 1065 937 ἁρμονίας
1094 892 1294 937 παρέχεται
1323 892 1404 937 τρὶς
1439 888 1642 937 αὖξηθείς“;

248 952 344 985 cuius
377 956 510 995 partem
535 952 603 984 iam
631 951 826 994 attigimus,
855 962 958 994 quum
983 952 1120 985 Barocii
1149 962 1283 999 errores
1304 951 1501 996 singillatim
1519 951 1644 994 argue-

246 1009 378 1044 bamus.
439 1008 509 1041 Sed
533 1008 679 1051 primum
707 1008 948 1050 explicandum
969 1014 1021 1041 est
1044 1000 1097 1040 ὧν
1115 1007 1196 1051 (pro
1216 1019 1283 1051 quo
1309 1008 1419 1042 codex
1441 1003 1644 1050 Regius'vi-

246 1065 334 1098 tiose
356 1064 462 1111 habet
483 1057 550 1108 ὥς)
578 1076 599 1098 a
627 1064 773 1098 Barocio
801 1069 943 1108 propter
972 1064 1157 1107 maiorem,
1188 1071 1290 1110 puto,
1319 1065 1421 1098 vicini
1450 1059 1645 1109 πυθμένος

247 1121 483 1155 difficultatem
520 1122 736 1164 neglectum,
767 1122 863 1154 cuius
894 1125 1011 1154 tamen
1039 1122 1266 1164 neglectionis
1290 1131 1437 1164 poenam
1467 1119 1562 1154 de'dit
1588 1132 1644 1163 eo,

246 1178 337 1222 quod
364 1188 408 1211 ne
425 1174 601 1219 πυθμένα
619 1178 755 1221 quidem
771 1178 899 1211 invenit
912 1202 921 1218 ‚
955 1178 1044 1211 sicut
1066 1177 1139 1211 fieri
1157 1187 1225 1211 non
1246 1182 1406 1221 poterat,
1435 1181 1475 1210 ut
1491 1173 1644 1212 ra'd'i'cem

245 1235 431 1276 inveniret,
461 1235 518 1277 qui
547 1236 716 1276 nesciret,
748 1235 842 1268 cuius
874 1233 973 1268 radix
995 1239 1097 1268 esset.
1154 1233 1292 1279 Referri
1309 1240 1423 1268 autem
1444 1235 1548 1267 debet
1563 1245 1645 1278 pro-

246 1302 370 1326 nomen
396 1291 440 1324 ad
461 1285 633 1334 αὐξήσεις
649 1292 756 1335 illas,¹
778 1301 862 1333 quas
886 1301 1062 1324 numerum
1085 1290 1154 1324 216
1178 1290 1373 1334 producere
1394 1289 1557 1333 vidimus,
1587 1292 1646 1334 qui

246 1355 350 1391 quum
380 1349 548 1391 originem
579 1348 684 1382 ducat
704 1359 725 1381 a
755 1348 850 1380 cubis
881 1347 1033 1389 duobus,
1064 1348 1260 1381 necessario
1294 1351 1328 1381 et
1355 1349 1428 1391 ipse
1452 1349 1558 1381 cubus
1579 1352 1643 1382 est.

245 1404 349 1439 Hanc
380 1405 453 1438 eius
478 1409 638 1438 naturam
669 1404 921 1448 significaturus
941 1405 1063 1446 Plato,
1094 1405 1194 1438 simul
1226 1415 1364 1438 sensum
1390 1410 1555 1448 quantum
1582 1415 1644 1450 par

247 1465 338 1495 esset
363 1463 619 1506 occultaturus,
660 1471 722 1505 pro
753 1461 918 1504 singulari
953 1458 996 1495 ad
1025 1455 1194 1503 ἀριθμὸν
1227 1460 1409 1495 referendo
1446 1465 1482 1495 et
1511 1454 1645 1495 facilius

246 1519 468 1561 intelligendo
496 1518 545 1551 uti
567 1519 687 1552 maluit
705 1518 839 1561 plurali,
868 1519 924 1561 qui
944 1518 1168 1561 grammatice
1188 1517 1374 1551 referretur
1394 1517 1438 1551 ad
1456 1512 1639 1563 αὐξήσεις,

245 1581 285 1608 re
317 1576 391 1618 ipsa
417 1575 462 1608 ad
485 1585 602 1608 earum
634 1575 920 1617 multiplicatione
951 1575 1113 1608 effectum
1141 1585 1330 1608 numerum.
1390 1575 1459 1610 Qui
1483 1575 1645 1617 quoniam

247 1632 353 1665 cubus
374 1635 439 1673 est,
469 1632 578 1665 tribus
597 1631 692 1664 cubis
713 1635 861 1673 constat,
892 1641 1035 1673 quorum
1056 1631 1214 1664 minimus
1234 1632 1321 1664 latus
1340 1629 1445 1665 habet
1470 1630 1645 1665 dimidium

244 1688 363 1721 lateris
384 1688 476 1729 eius,
508 1698 552 1721 ex
582 1698 649 1731 quo
676 1687 869 1730 tripartitus
892 1688 966 1730 ipse
997 1691 1099 1721 natus
1116 1692 1188 1728 est,
1218 1688 1322 1721 medii
1349 1688 1438 1721 latus
1456 1681 1657 1731 sesquiter?

245 1745 331 1778 tium
353 1748 404 1778 est
422 1744 574 1788 dimidii,
605 1744 745 1777 maximi
762 1744 1036 1787 sesquiquartum
1060 1743 1163 1777 medii
1183 1754 1243 1777 seu
1262 1745 1480 1786 sesquitertii.
1538 1744 1644 1778 Cuius
1685 1782 1689 1783 ⁷

246 1792 468 1834 theorematis
495 1800 656 1844 probatio
684 1799 750 1833 hoc
780 1801 857 1833 loco
886 1800 1083 1833 necessaria
1118 1810 1188 1833 non
1221 1805 1294 1844 est,
1325 1800 1510 1844 applicatio
1530 1805 1645 1835 autem

247 1858 291 1891 ad
313 1862 466 1891 nostram
496 1868 568 1891 rem
595 1856 806 1890 huiusmodi:
838 1856 953 1889 Cubus
983 1856 1051 1889 216
1083 1860 1218 1889 constat
1234 1856 1342 1889 tribus
1376 1857 1470 1890 cubis
1488 1856 1558 1902 27,
1589 1853 1645 1902 64,

249 1914 328 1956 125,
360 1924 503 1957 quorum
530 1913 687 1947 minimus
709 1913 798 1946 latus
829 1911 933 1946 habet
954 1911 1129 1945 dimidium
1158 1913 1303 1954 senarii,
1335 1924 1377 1946 ex
1402 1924 1468 1956 quo
1489 1913 1563 1956 ipse
1584 1924 1647 1947 cu-

248 1970 310 2004 bus
329 1970 397 2004 216
418 1970 568 2014 prodiit,
603 1969 707 2003 medii
725 1970 815 2002 latus
843 1969 1080 2012 quaternarius
1102 1973 1174 2010 est,
1206 1970 1457 2012 sesquitertiam
1487 1970 1530 2003 ad
1556 1971 1646 2004 latus

247 2027 373 2061 minimi
402 2028 572 2061 rationem
596 2026 749 2067 habens,
777 2026 917 2069 maximi
945 2026 1137 2068 quinarius,
1169 2026 1263 2059 cuius
1285 2027 1375 2059 ratio
1406 2027 1645 2069 sesquiquarta

248 2084 293 2117 ad
329 2084 585 2127 quaternarium
616 2087 681 2116 est.
739 2082 795 2116 Ex
826 2081 877 2116 his
905 2081 1051 2116 efficitur
1079 2077 1267 2123 ἐπίτριτον
1312 2080 1489 2125 πυθμένα
1511 2083 1645 2118 illar'um

250 2134 443 2184 αὕξήσεων
460 2142 530 2174 sive
549 2139 681 2174 numeri
704 2150 766 2183 per
795 2149 854 2172 eas
886 2139 1044 2183 producti
1062 2149 1137 2172 esse
1156 2140 1244 2172 latus
1262 2140 1365 2172 medii
1387 2150 1431 2173 ex
1446 2140 1557 2174 tribus
1579 2140 1645 2173 mi-

249 2199 388 2232 noribus
419 2197 536 2239 cubis,
561 2206 704 2239 quorum
732 2193 864 2229 summa
893 2196 1002 2238 ipsum
1030 2189 1225 2238 αὐξήσεων
1258 2206 1435 2230 numerum
1462 2201 1645 2240 exaequat,

248 2253 315 2288 hoc
349 2259 402 2288 est
427 2254 710 2297 quaternarium,
746 2253 802 2295 qui
833 2252 965 2295 aptiore
994 2253 1131 2285 nomine
1160 2252 1228 2285 dici
1250 2263 1318 2286 non
1350 2258 1510 2296 poterat,
1541 2263 1646 2296 quum

248 2321 373 2344 nornen
389 2307 544 2352 πλευρὰ,
576 2320 643 2353 quo
662 2310 772 2342 latera
793 2309 1040 2351 quadratorum
1063 2314 1096 2342 et
1125 2310 1289 2341 cuborum
1327 2311 1491 2352 appellari
1521 2311 1645 2351 solent,

250 2368 422 2401 senarium
450 2372 488 2400 ut
514 2368 605 2400 latus
628 2367 760 2400 numeri
778 2359 972 2407 αὖξήσεων
993 2366 1263 2407 significaturum
1282 2365 1420 2408 fuisset,
1454 2365 1510 2399 hic
1529 2372 1645 2399 autem

251 2434 354 2457 unum
374 2434 416 2457 ex
434 2424 497 2457 illis
516 2423 679 2456 lateribus
699 2422 960 2465 significandum
978 2426 1091 2463 esset,
1122 2432 1211 2465 quae
1229 2422 1295 2455 tria
1316 2423 1437 2465 cuique
1457 2423 1544 2457 cubo
1564 2424 1646 2457 sub-

250 2484 340 2514 sunt.
397 2481 510 2523 Atque
540 2469 632 2512 haud
649 2478 721 2512 scio
740 2489 785 2512 an
804 2489 910 2512 unum
937 2475 1129 2520 πυθμένος
1148 2474 1272 2512 nomen
1293 2489 1333 2512 ex
1353 2480 1508 2512 omnibus
1532 2480 1646 2513 Grae-
1667 2510 1672 2515 .

252 2548 313 2572 cae
338 2537 476 2579 linguae
496 2530 688 2570 nominibus
721 2535 798 2569 huic
816 2525 872 2568 'rei
905 2536 1113 2569 conveniret.
1172 2535 1437 2570 Quaternarium
1454 2536 1559 2578 igitur
1584 2547 1646 2570 co-

251 2585 361 2647 pulari
382 2604 457 2626 cum
480 2586 635 2636 quinario
662 2593 781 2626 iubent
802 2593 904 2625 verba
925 2582 1090 2635 neptuni&
1111 2590 1295 2634 συζυγείς,
1331 2592 1422 2626 unde
1443 2593 1559 2636 prodit
1580 2603 1645 2626 no-

252 2651 420 2688 venarlus
481 2650 571 2684 Nam
598 2644 765 2690 σύζευξις
789 2658 856 2682 seu
882 2648 1035 2692 συζυγία
1069 2653 1122 2682 est
1140 2644 1387 2691 συνδυασμός.
1444 2649 1490 2684 Et
1522 2650 1643 2683 mirum

252 2699 362 2748 soret,
391 2707 424 2740 ni
448 2707 653 2747 novenario,
683 2705 739 2739 uni
769 2715 812 2738 ex
838 2705 994 2739 omnibus
1019 2703 1327 2746 excellentissimo,
1357 2706 1391 2739 in
1417 2705 1468 2739 his
1495 2702 1645 2747 nutrieris

252 2765 344 2797 locus
374 2768 475 2798 esset.
533 2762 601 2797 Hic
632 2773 689 2796 *πε
691 2764 711 2796 ὁ
739 2763 841 2796 duas*
858 2761 1053 2796 harmonias
1087 2762 1273 2805 praebere
1283 2761 1409 2796 dicitur
1427 2766 1483 2797 ter
1505 2760 1643 2825 auctus.
