1764 3176
126 45 153 82 4
784 37 928 74 Volum.
954 37 982 73 Ι.

344 156 375 188 et
404 148 688 200 propugnando.
748 149 861 193 Quod
900 161 982 184 cum
1014 159 1134 196 neque
1166 148 1314 196 linguae
1348 150 1483 185 rationi
1512 161 1636 199 neque

346 207 469 245 auxilii
502 206 667 251 notioni
706 218 800 254 quae
831 206 1047 254 ξυμμαχεῖν
1074 202 1188 239 verbo
1219 204 1395 252 adjuncta
1427 210 1504 251 est,
1544 217 1636 241 con-

346 263 498 300 trarium
530 261 599 306 sit,
633 261 772 297 codicis
800 261 927 310 optimi
959 261 1144 308 scriptura
1172 260 1334 296 tenenda
1366 264 1435 299 est.

126 322 220 368 Pag.
232 320 352 367 22‚b‚
377 320 425 357 ll
457 321 543 366 post
573 290 614 383 6}
643 317 812 353 inseras:
843 316 928 352 Par.
959 316 1001 352 A.
1036 314 1109 354 Dii,

128 378 221 425 Pag
236 376 301 422 23,
319 375 356 421 b,
376 377 400 413 7
434 379 521 422 post
549 368 703 410 ουκοῦν
729 374 891 408 inseras:
922 371 1006 408 Par.
1038 372 1081 405 A.
1109 369 1177 406 Dii.
1209 383 1290 406 cum
1321 370 1439 406 altero
1459 365 1555 418 (οὐκ
1588 366 1638 407 ἂν

348 424 422 469 οὖν
451 441 496 464 an
526 425 724 476 ου’κουνῗέ)
754 429 790 463 in
822 440 868 462 m.
902 427 948 462 ab
987 427 1118 462 eadem
1147 438 1256 462 manu
1288 426 1422 462 litteris
1453 428 1636 462 maiuscu-

347 487 391 522 lis
418 485 574 533 scripto.

127 544 223 593 Pag
235 543 357 590 25‚b,
377 541 427 580 15
458 552 478 576 a
509 540 532 575 f.
565 543 651 589 post
683 537 837 605 ω’φελία
866 537 1032 573 inseras·
1066 535 1150 572 Par.
1184 536 1226 572 A.
1259 535 1329 575 Dii
1363 537 1450 573 item
1482 534 1526 547 Α

380 598 429 635 11
463 608 484 631 a
515 595 540 630 f.
564 599 652 644 post
683 589 826 633 ου’κέτι.

129 655 221 703 Pag
236 656 355 699 26‚a‚
376 653 474 688 inter
495 663 529 689 v.
557 653 582 689 7
605 654 640 686 et
661 651 685 689 8
706 651 872 686 inseras:
905 644 1110 695 ωσαύτως)
1140 662 1192 693 ως
1221 644 1350 693 αὕτως
1383 647 1468 686 Par.
1496 650 1540 687 A.
1561 646 1637 683 Du.

316 709 356 756 b,
386 708 482 744 inter
512 719 546 741 v.
579 706 629 745 16
656 710 693 742 et
722 705 769 744 15
802 717 823 740 a
849 703 876 744 s
903 704 1066 739 inseras:
1095 703 1187 741 εἰσὶ’
1218 700 1327 752 τούς)
1360 703 1461 742 εἰσιν
1490 719 1522 742 τ.
1554 703 1638 739 Par.

352 765 396 801 A.
425 762 497 801 Du,

130 822 220 870 Pag.
255 821 319 865 29,
347 831 434 868 pen.
463 818 500 853 in
526 816 650 852 verbis
679 816 845 852 Platonis
875 814 1034 851 deleas
1027 815 1179 851 incisum
1211 818 1299 863 post
1329 810 1439 867 αὐτῷ
1464 819 1502 850 et
1530 827 1639 863 prae·

349 880 406 910 ter
451 873 572 909 locum
606 885 627 908 a
657 871 825 920 Sauppio
864 871 952 925 Ep.
975 883 1025 908 cr.
1068 884 1102 919 p.
1136 870 1227 908 105
1269 870 1421 907 citatum
1467 870 1641 906 conseras

351 928 516 976 Ευῐῑηᾶ.
552 941 589 977 p
621 926 714 967 287
740 927 794 962 D:
837 925 874 964 τί
904 919 978 965 οὖν
1010 923 1097 975 ἄρτι
1128 921 1252 975 η’ρου,
1291 918 1350 964 ότι
1383 940 1450 975 μοι
1478 929 1571 964 νοοῖ
1598 923 1642 964 vd

352 985 478 1034 ῥῆμας
517 984 621 1019 Crat.
649 996 687 1032 p.
714 983 810 1021 397
840 981 892 1018 Ε;
931 982 968 1020 τί
1009 978 1061 1020 αἰ]
1097 996 1191 1020 ποτε
1228 985 1320 1020 νοοῖ
1358 978 1403 1021 τὸ
1445 978 1571 1031 ὄνομα
1602 980 1645 1020 οἷ

351 1041 517 1090 ὄαίμονε
503 1055 551 1086 ς.
587 1039 640 1075 lb.
668 1036 764 1076 407-
794 1038 838 1074 E·
866 1036 961 1077 418
986 1038 1030 1073 Β.

131 1097 222 1146 Pag.
236 1097 304 1142 30,
322 1109 357 1144 a,
379 1095 405 1134 4
435 1096 573 1131 addas:
609 1090 786 1142 ω’φελίαν
812 1106 832 1129 a
861 1106 908 1133 m.
935 1107 991 1142 pr.
1020 1093 1106 1130 Par.
1139 1094 1182 1130 A¹
1213 1092 1286 1132 Dii

320 1152 358 1199 b,
382 1152 408 1191 3
437 1150 513 1190 af,
546 1150 684 1185 addas:
714 1148 800 1187 Lib.
832 1149 895 1186 IX.
923 1161 958 1198 p.
991 1148 1087 1187 585.
1119 1148 1173 1184 A:
1208 1142 1282 1186 ὧδέ
1310 1162 1352 1199 γε
1383 1149 1483 1194 οὐν,
1511 1144 1640 1191 εἶπον,

352 1204 492 1247 ἐννόει
534 1204 632 1253 Ieg.
666 1204 726 1240 lV
768 1217 802 1253 p.
835 1205 927 1244 713.
959 1203 1014 1239 Β·
1059 1199 1189 1254 ἔμοιγ’
1229 1198 1303 1242 οὖν
1335 1204 1530 1252 φαίνεται.
1587 1204 1640 1239 lta

355 1262 440 1298 Par.
475 1262 518 1299 A.
556 1259 629 1296 Dii.
669 1260 782 1296 Voss.
825 1263 863 1295 et
897 1260 986 1296 editi
1023 1264 1110 1296 ante
1151 1259 1270 1296 Bekk.
1309 1261 1371 1308 qui
1410 1258 1497 1310 ἐμοὶ
1539 1261 1641 1310 γοῦν

356 1317 536 1356 exhibuit,

133 1373 400 1423 Pag.31‚a‚3
431 1385 516 1421 sqq.
563 1369 761 1418 Vulgatam
796 1370 998 1407 verborum
1030 1367 1074 1408 τό
1114 1370 1226 1421 ῥῆμα
1262 1367 1303 1409 τὸ
1339 1367 1467 1419 φάναι
1505 1371 1640 1407 distin-

351 1429 538 1472 ctionem,
580 1438 652 1474 qua
692 1425 859 1462 adhibita
898 1426 1130 1474 ineleganter
1170 1427 1295 1462 iterari
1339 1427 1545 1463 subiectum
1584 1427 1642 1461 vi—

354 1483 535 1529 debatur,
575 1494 650 1517 non
688 1482 806 1518 solum
833 1481 1024 1518 Iamblichi
1065 1481 1169 1518 locus
1199 1483 1234 1517 in
1264 1482 1387 1519 indice
1418 1495 1573 1530 gramm.
1605 1483 1641 1518 in

352 1539 520 1576 Articuli]
550 1537 788 1586 adscriptus,
827 1539 895 1573 sed
932 1538 1044 1574 etiam
1070 1538 1187 1587 ipsius
1219 1537 1387 1574 Platonis
1416 1536 1512 1586 Leg.
1540 1537 1641 1574 VIH.

357 1609 394 1644 p,
414 1595 508 1634 838.
537 1593 579 1632 B.
610 1593 723 1629 verba
746 1594 1028 1630 commendant:
1059 1589 1208 1632 οὐκοῦν
1238 1591 1403 1643 σμικρὸν
1435 1593 1544 1644 ῥῆμα
1574 1609 1642 1631 κα-

355 1648 594 1699 τασβέννυσι
630 1645 763 1694 πάσας
798 1646 869 1695 τοὶς
909 1645 1095 1694 τοιαύτας
1125 1646 1302 1698 ἦδονοές,·
1342 1652 1404 1687 Μ.
1445 1647 1495 1688 To*
1525 1653 1642 1688 ποῖον

355 1703 403 1756 δὴ
436 1704 582 1756 λέγεις;
611 1700 664 1742 'A.
706 1703 756 1743 To*
787 1705 909 1743 ταῦτα
941 1700 1044 1743 εἶναι
1070 1701 1200 1752 φάναι
1229 1705 1425 1755 μηδαμῶς
1455 1701 1559 1744 ὅσια.

324 1763 361 1811 b,
394 1762 492 1797 inter
522 1774 557 1796 v,
584 1761 634 1799 10
665 1765 702 1796 et
735 1761 782 1798 11
814 1761 978 1797 inseras:
1012 1756 1163 1810 ου’κέτι)
1193 1757 1265 1799 οὐκ
1293 1759 1346 1799 ἔτι
1372 1760 1458 1799 Par.
1492 1761 1535 1797 A.
1568 1759 1640 1796 Dii.

383 1821 408 1856 4
439 1828 460 1852 a
491 1816 516 1852 f.
546 1816 682 1851 addas:
718 1820 754 1852 et
785 1816 988 1866 Cratippus
1021 1816 1200 1866 Pompeio
1240 1817 1277 1852 in
1307 1817 1563 1865 disputatione
1595 1817 1642 1852 de

410 1871 648 1920 providentia
684 1872 784 1920 apud
811 1870 1048 1908 Plutarchum
1076 1873 1210 1921 Pomp.
1242 1885 1273 1911 c,
1303 1872 1370 1911 75.
1404 1885 1443 1921 p.
1472 1873 1566 1912 659·
1597 1871 1641 1908 C-

413 1927 484 1963 hoc
510 1927 593 1975 ipso
623 1926 738 1963 verbo
764 1927 956 1965 utendum.
1006 1927 1108 1964 Idem
1135 1927 1352 1964 Plutarchus
1383 1927 1482 1967 Mor.
1513 1941 1550 1977 p.
1574 1929 1639 1967 58.

409 1981 456 2019 F.
494 1983 629 2018 eodem
658 1982 772 2018 verbo
798 1982 846 2030 lin
874 1982 1039 2019 luctante
1069 1988 1106 2019 et
1135 1984 1284 2019 nomine
1314 1980 1642 2029 ὑποκατακλίσεις

411 2037 461 2077 ib,
493 2037 536 2073 C.
563 2037 598 2073 in
630 2038 887 2086 disputatione
913 2039 1041 2077 utitur.

383 2093 448 2130 ult.
480 2093 620 2129 addas:
652 2098 687 2129 et
716 2092 801 2132 Par.
835 2092 981 2132 A.⁷D1·i.

138 2153 227 2202 Pag
242 2151 309 2197 32,
325 2149 364 2199 b,
389 2149 440 2188 14
468 2149 608 2184 addas:
653 2148 883 2185 Themistius
925 2149 1033 2187 Orat.
1074 2149 1177 2186 XXI.
1215 2162 1252 2199 p.
1294 2149 1397 2193 253,
1436 2149 1481 2187 C.
1520 2149 1642 2187 Hard.

357 2201 455 2243 ω’στε
488 2226 540 2231 -·
571 2207 716 2255 μικροῦ
726 2205 930 2272 yivsofifu
957 2201 1181 2253 ἀναύδους,
1211 2201 1397 2256 καθαπερ
1424 2204 1523 2254 φασι
1552 2219 1643 2250 τους

356 2257 434 2298 υπὸ
460 2255 585 2298 λύκου
615 2258 832 2311 προτέρους
861 2258 1080 2309 ὀφθέντας.

384 2317 434 2354 16
461 2319 548 2364 post
579 2312 734 2365 ἕωρακη
764 2317 864 2352 inse.
867 2328 927 2352 as:
959 2329 979 2353 a
1006 2330 1053 2356 111
1083 2329 1139 2365 pr.
1171 2316 1254 2353 Par.
1286 2315 1328 2352 A.
1359 2315 1430 2352 Dii.

137 2372 310 2422 Pag.33,
329 2386 362 2417 a,
384 2369 432 2409 14
459 2371 600 2407 addas:
642 2372 722 2408 Sed
752 2373 989 2408 statuendum
1021 2377 1078 2408 est
1114 2371 1184 2408 hoc
1217 2384 1367 2420 quoque
1399 2370 1641 2419 quemadmo-

357 2428 442 2462 dum
474 2427 577 2475 prius
607 2428 810 2464 secundum
832 2426 1101 2476 Thrasymachi
1129 2428 1354 2463 sententiam
1383 2428 1519 2463 dictum
1545 2439 1642 2474 esse,
1694 2466 1710 2477 γ,

360 2494 456 2530 quae
482 2482 517 2517 in
541 2483 712 2519 oratione
734 2486 838 2519 recta
863 2483 947 2519 talis
979 2488 1077 2519 erat.
1108 2482 1142 2521 εἰ
1171 2479 1241 2532 μὲν
1271 2482 1432 2533 χρυσίον
1465 2481 1642 2532 ἐζητεῖτε,

359 2532 435 2575 οὐκ
465 2533 515 2574 οἷν
545 2552 638 2577 ποτε
656 2559 712 2566 -«
733 2538 978 2587 διεφθείρετε
998 2554 1070 2588 την
1095 2535 1251 2588 εὕρεσιν
1267 2534 1407 2584 αυτοῦ,
1437 2535 1642 2576 δικαιοσυ-

359 2608 434 2641 νην
474 2590 516 2630 δὲ
552 2595 758 2643 ζητοῦντες
794 2617 848 2621 -
897 2592 1072 2633 υπείκετε
1113 2589 1297 2645 αλλήλοις
1335 2593 1403 2632 καὶ
1444 2590 1492 2632 ου’
1520 2606 1641 2632 σπου·

364 2647 508 2694 anegare.

328 2704 366 2751 b,
394 2705 444 2743 17
475 2704 612 2741 adeas:
646 2710 681 2741 et
713 2705 934 2751 „divisionis
965 2705 1117 2753 gratia‘⁵
1142 2717 1165 2741 a
1190 2717 1237 2741 m.
1269 2717 1344 2744 sec.
1377 2703 1462 2743 Par.
1490 2703 1534 2743 A.
1569 2703 1641 2741 Dii.
