1764 3176
213 146 297 186 156

658 142 1134 185 PLATONIS

209 251 359 308 κριτὴς
395 251 527 303 εἶναι;
560 256 729 308 Δῆλον,
763 252 827 297 ὅτι
858 254 941 310 τήν
972 257 1053 298 τοῦ
1080 257 1321 308 πολεμικοῦ
1349 272 1395 299 τε
1424 253 1496 298 καὶ
1522 273 1589 311 φι-

208 322 416 376 λοτίμου·

212 392 332 432 στοῦ.

144 466 180 507 Β
218 459 270 500 Τί
301 456 409 513 μήνς
451 451 477 512 ἧ
518 457 562 500 δ’
597 457 658 508 ὅς.

206 524 263 568 ἂν
293 526 357 581 εἴη
401 526 474 568 καὶ
508 526 570 576 δὶς
602 525 839 582 νενικηκώς
869 525 893 569 ὁ
926 528 1094 579 δίκαιος
1123 527 1201 571 τὸν
1232 527 1407 571 ἄδικον·

458 321 676 376 ἐγγυτέρω
710 320 791 377 γὰρ
824 321 966 365 αὐτοῦ
997 322 1134 375 ἐστὶν,
1165 323 1194 379 ἢ
1223 321 1250 380 ἦ
1282 327 1361 367 τοῦ
1389 340 1589 380 χρηματι-

387 388 597 445 “Ί’στάτην
639 389 691 445 δή
737 389 819 444 τήν
859 393 940 433 τοῦ
992 393 1308 446 φιλοκερδοῦς,
1359 391 1418 442 ὥς
1463 391 1588 434 ἔοικε.

711 461 857 500 Ταῦτα
886 459 965 513 μὲν
994 462 1147 503 τοίνυν
1177 459 1295 503 οὕτω
1332 457 1404 502 δυ’
1437 459 1589 515 ἐφεξῆς

1451 526 1501 569 τὸ
1542 526 1588 569 δὲ

206 594 356 645 τρίτον
393 591 666 648 Ὀλυμπικῶς
696 598 757 652 τῷ
787 597 948 650 σωτῆρί
981 611 1025 638 τε
1054 596 1127 639 καὶ
1158 599 1220 654 τῷ
1245 593 1466 648 Ὀλυμπίῳ
1497 594 1586 645 Διὶ,

206 658 355 714 ἄθρει,
397 659 465 704 ὅτι
504 660 606 705 οὐδὲ
643 661 901 718 παναληθής
941 663 1058 706 ἐστιν
1094 663 1120 720 ἡ
1152 669 1239 706 τῶν
1274 663 1418 706 ἄλλων
1448 660 1586 717 ἡδονὴ

208 728 322 784 πλὴν
353 732 430 784 τῆς
464 733 546 773 τοῦ
587 732 810 786 φρονίμου
852 729 954 775 οὐδὲ
992 731 1191 786 καθαροὶ,
1233 729 1326 775 ἀλλ’
1357 732 1588 785 ἐσκιαγρα-

207 796 378 853 φημένη
410 812 498 848 τις,
541 797 600 849 ὣς
633 797 715 852 ἐγώ
757 799 876 840 δοκῶ
914 815 990 853 μοι
1029 804 1117 843 τῶν
1145 803 1302 855 σοφῶν
1338 796 1456 848 τινὸς
1485 795 1588 853 οἴκη-

204 864 366 908 κοὲναι.

204 935 293 974 τῶν
321 931 577 986 πτωμάτων.

398 867 542 907 καίτοι
571 864 694 908 τοῦτ’
726 863 782 907 ἂν
812 866 876 920 εἴη
906 865 1109 920 μέγιστόν
1137 884 1181 911 τε
1210 868 1282 911 καὶ
1312 865 1588 920 κυριώτατον

639 931 764 974 Πολύ
800 948 847 987 γε
865 949 873 957 ·

915 931 1025 976 ἀλλὰ
1063 940 1155 986 πῶς
1185 929 1496 994 λέγειςςὴῖῼδζ
1528 930 1588 976 εἶ-

146 1003 178 1046 C
203 1016 312 1054 πον,
343 999 584 1056 ἐξευρήσω,
616 1003 699 1043 σοῦ
729 997 1089 1059 ἀποκρινομένου
1120 1007 1255 1059 ζητῶν
1285 1002 1386 1059 ἅμα.
1421 999 1587 1058 Ἐρώτα

251 1115 386 1159 Δῆλον,
413 1112 492 1159 ὅτι]
517 1115 656 1149 Ficinus
682 1118 716 1149 et
741 1116 866 1150 editio-

204 1172 264 1194 nes
298 1167 377 1195 ante
401 1162 593 1195 Bekkerum
617 1173 684 1194 non
713 1163 865 1196 Glauco-

203 1218 298 1248 nem,
330 1208 389 1240 sed
413 1211 587 1241 Socratem
620 1208 755 1240 Socrati
781 1209 864 1241 haec

201 1254 462 1306 respondentem
495 1254 644 1294 faciunt,
680 1258 715 1286 et
746 1254 862 1287 Astius

202 1309 245 1331 ne
269 1299 301 1331 in
327 1303 405 1331 te1t.
430 1299 564 1344 quidem
583 1299 750 1333 Glauconi
767 1300 861 1355 quic

201 1356 302 1388 quain
336 1357 450 1378 eorum
485 1345 692 1387 assignavit,
735 1347 795 1379 sed
839 1342 861 1390 ἢ

202 1394 281 1423 ante
316 1391 431 1434 δῆλον
460 1391 627 1425 excidisse
660 1391 864 1435 suspicatur,

201 1436 327 1479 quod
318 1449 352 1469 ιιι
377 1448 445 1471 sec.
471 1437 573 1470 etiam
597 1437 630 1469 in
654 1441 784 1470 textum
808 1449 865 1470 re-

201 1488 353 1526 ceperat.
402 1483 508 1516 Porro
544 1484 650 1516 verba
685 1480 862 1526 ἐγγυτέρω

201 1532 267 1560 etc.
303 1540 411 1572 usque
453 1530 494 1562 ad
536 1530 782 1571 χρηματιστοῦ
828 1529 864 1562 in

199 1575 396 1617 parenthesi
420 1575 552 1619 posuit,
586 1574 624 1608 δὲ
650 1581 727 1620 post
751 1572 863 1609 υστά-

202 1631 270 1662 την
294 1620 405 1653 tenuit
433 1627 467 1654 et
492 1621 523 1653 in
552 1621 620 1654 fine
644 1625 722 1665 post
746 1619 864 1655 ἔοικεν

200 1665 431 1710 interrogandi
460 1667 590 1710 signum
623 1667 715 1700 fecit.
764 1667 864 1707 Quae

199 1712 312 1745 omnia
365 1724 567 1757 quamquam
609 1725 675 1746 non
722 1725 863 1757 prorsus

199 1757 329 1801 inepta,
347 1765 460 1791 tamen
477 1760 586 1792 aliena
608 1760 650 1792 ab
667 1771 707 1792 ea
733 1759 864 1792 ratione

199 1807 290 1844 sunt,
314 1816 381 1848 qua
405 1805 568 1837 Socrates
593 1805 626 1837 in
650 1805 714 1838 hac
735 1816 864 1838 sermo-

199 1849 251 1883 nis
285 1855 382 1894 parte
414 1850 532 1883 utitur.
582 1851 707 1889 Neque
743 1862 864 1884 caussa

201 1900 299 1936 erat,
325 1907 384 1928 cur
410 1896 575 1929 Glauconi
611 1897 645 1929 in
677 1896 744 1928 fine
770 1897 864 1929 diffi—

201 1921 305 1974 deret'.
356 1942 516 1974 Ceterum
550 1942 635 1976 Lob.
663 1942 765 1974 Vind.

200 1987 293 2021 Mon.
319 1987 358 2020 B.
391 1988 465 2021 Ald.
491 1989 572 2023 Bas.
605 1990 659 2022 ab.
685 1986 863 2032 δηλονότι

199 2033 336 2067 habent.

247 2076 389 2123 αὐτοῦ]
435 2076 537 2113 αὐτῶ
571 2080 657 2124 Ang.
693 2081 734 2114 B.
770 2080 864 2115 Flor.

200 2126 243 2159 R.
275 2126 313 2158 In
333 2125 434 2160 Vind.
456 2127 496 2159 F.
523 2130 593 2159 tres
619 2130 748 2159 tantum
769 2126 864 2171 prio-

204 2183 260 2205 res
282 2171 419 2205 litterae
444 2172 647 2214 conspicuae
671 2178 780 2205 erant.

252 2214 371 2261 ἐστὶν]
408 2231 472 2252 om.
508 2218 607 2253 Vind.
631 2218 672 2252 F.
703 2220 791 2263 Ang.
821 2219 864 2252 B.

201 2263 294 2298 Flor.
312 2264 355 2297 R.

244 2306 283 2353 ἦ]
310 2308 378 2352 τὴν
405 2310 498 2344 Flor.
525 2311 568 2344 T.

243 2357 517 2400 χρηματιστοῦ]
571 2356 861 2399 χρηματιστικοῦ

201 2401 297 2434 Vind.
335 2402 374 2435 E.
411 2403 494 2446 Aug.
526 2403 566 2435 B.
604 2403 696 2437 Flor.
735 2404 779 2437 T.
828 2406 864 2436 et

196 2460 250 2502 γρ
265 2459 379 2488 marvo
404 2448 446 2481 R.

242 2489 444 2536 Τστοὲτην]
486 2490 629 2538 ’ὕστίίτη
673 2494 775 2528 Vind.
820 2494 858 2528 F.

196 2535 359 2573 υστάτου
386 2539 469 2573 Lob.
494 2542 575 2574 Vat.
589 2540 636 2573 M.
680 2541 776 2574 Haec
793 2540 860 2573 So-

196 2586 301 2619 cratis
337 2596 413 2618 esse
445 2597 530 2618 unus
558 2586 800 2620 Stallbaumius
823 2586 858 2619 in

194 2643 246 2676 pr
272 2643 337 2665 non
361 2631 457 2672 vidit,
483 2636 518 2664 et
542 2644 645 2676 quum
668 2632 820 2676 proxima
838 2643 858 2665 a

195 2677 321 2721 Δῆλον
354 2677 430 2710 inde
463 2688 536 2710 cum
564 2678 723 2711 Bekkero
748 2678 859 2711 Glau-

194 2724 269 2757 coni
295 2723 491 2765 tribuisset,
516 2723 618 2757 etiam
643 2724 727 2758 haec
751 2736 858 2768 usque

194 2770 236 2802 ad
271 2767 366 2803 ἔοικε
400 2769 509 2804 eidem
535 2770 703 2804 Glauconi
729 2774 858 2804 temere

194 2815 409 2850 continuavit.

971 1116 1031 1162 δή]
1064 1118 1119 1152 Ita
1144 1118 1224 1152 Par.
1248 1117 1358 1152 ADK.
1383 1129 1452 1151 see.
1475 1116 1586 1150 Bekk.

922 1164 1009 1198 Lob.
1042 1165 1141 1197 Vind.
1167 1165 1211 1197 F.
1244 1164 1336 1197 Mon.
1365 1164 1403 1196 B.
1438 1164 1517 1197 vat.
1544 1164 1584 1195 Β.

922 1211 1008 1244 Ven.
1036 1210 1075 1243 C.
1104 1210 1198 1244 Flor.
1223 1210 1300 1243 RU.
1334 1208 1373 1243 δὲ
1400 1208 1523 1252 reliqui
1550 1215 1586 1242 et.

920 1256 995 1291 Ald.
1020 1257 1101 1291 Bas.
1127 1257 1182 1290 ab.
1218 1256 1340 1301 Steph.
1364 1258 1441 1289 Ast.
1463 1254 1585 1288 Stallb.

920 1314 974 1346 pr.

968 1358 1236 1402 φιλοκερδοῦς]
1339 1355 1588 1402 φιλοκερδοῦς

921 1405 1020 1439 Vind.
1038 1405 1079 1439 Ε.

968 1448 1089 1494 ἔοικε]
1118 1448 1245 1484 ἔοικεν.
1273 1450 1461 1483 Bekkerus.

968 1494 1008 1530 δ’
1036 1492 1107 1540 ὃ’ς.]
1132 1497 1167 1529 in
1193 1496 1294 1530 Vind.
1321 1496 1360 1529 F.
1388 1495 1517 1529 evanui

968 1551 1128 1597 ἐφεξῆς]
1176 1550 1239 1597 ἐφ’
1284 1551 1368 1597 ἑξῆς
1410 1552 1510 1587 Vind.
1545 1552 1585 1586 B.
1614 1556 1651 1597 Β

921 1597 992 1644 ἔφη
1019 1597 1101 1643 ἑξῆς
1127 1600 1225 1632 Vind.
1252 1600 1296 1633 F.

967 1657 1039 1701 εἴη]
1067 1657 1147 1701 εἴηε
1172 1658 1271 1691 Vind.
1298 1658 1340 1692 E.

966 1712 1220 1758 Ὀλυμπικῶς]
1251 1715 1307 1747 Ita
1330 1714 1448 1748 Astius
1473 1714 1507 1748 in
1530 1726 1583 1759 pr.

921 1765 956 1794 et
990 1774 1058 1794 sec.
1116 1761 1157 1794 In
1200 1760 1341 1804 reliquis
1383 1761 1584 1794 editionibus

922 1805 1134 1849 ὀλυμπικῶς
1157 1806 1322 1849 scriptum
1347 1812 1409 1839 est.
1453 1807 1583 1840 Adver-

920 1853 1051 1886 bioruin
1083 1865 1145 1896 ego
1181 1852 1340 1893 eandem,
1366 1864 1466 1896 quain
1490 1853 1584 1886 adie-

921 1900 1106 1939 ctivorum,
1140 1897 1304 1931 rationem
1335 1905 1430 1942 puto.
1480 1899 1583 1931 Cete-

919 1956 994 1978 rum
1026 1948 1182 1989 spectare
1223 1944 1286 1976 hoc
1321 1944 1363 1976 ad
1399 1944 1581 1989 quinquer-

921 1991 1003 2024 tium
1043 1989 1256 2034 Olympicum
1298 1989 1454 2031 videtur,
1487 1990 1582 2023 cuius

921 2036 1056 2069 tertium
1098 2038 1132 2067 et
1170 2035 1321 2067 ultimum
1363 2035 1581 2080 philosophus

921 2082 1054 2115 iamiam
1090 2086 1261 2114 certamen
1301 2080 1442 2113 initurus
1478 2081 1581 2125 fingi-

922 2131 998 2168 tur,
1040 2127 1130 2172 quod
1174 2127 1283 2169 ipsum
1324 2131 1493 2160 certamen
1535 2127 1581 2160 si-

921 2173 988 2207 mul
1013 2185 1087 2206 curn
1116 2173 1222 2205 tertia
1244 2176 1279 2205 et
1303 2173 1418 2205 ultima
1441 2173 1580 2207 libatio-

921 2232 963 2253 ne
987 2219 1059 2252 Iovi
1090 2218 1286 2262 sospitatori
1309 2219 1467 2252 facienda
1491 2231 1578 2252 com-

922 2268 1073 2310 paratur.
1127 2265 1165 2297 In
1201 2264 1334 2298 scholiis
1366 2265 1407 2297 ad
1442 2266 1578 2298 Charin.

920 2323 954 2356 p.
979 2312 1059 2349 329,
1086 2310 1139 2344 18.
1164 2316 1199 2343 et
1223 2311 1264 2344 ad
1289 2310 1420 2345 Phileb.
1443 2323 1476 2355 p.
1496 2313 1578 2353 251,

922 2358 975 2392 14.
1000 2356 1240 2390 Bekk..huius
1272 2356 1337 2390 loci
1369 2357 1495 2390 mentio
1526 2358 1578 2399 fit,

919 2414 1037 2436 sensus
1067 2414 1131 2435 non
1157 2402 1356 2446 explicatur.
1404 2403 1456 2436 De
1478 2403 1579 2447 quin-

919 2448 1096 2493 quertione
1121 2449 1164 2481 cf.
1190 2448 1389 2482 Aristoteles
1413 2449 1515 2482 Rhet.
1537 2449 1576 2483 L.

917 2495 946 2530 Ι.
973 2507 1002 2528 c.
1031 2496 1062 2530 5.
1087 2506 1121 2539 p.
1154 2495 1252 2530 1361.
1287 2495 1333 2535 b,
1375 2496 1432 2530 26.
1467 2495 1575 2528 Bekk.

916 2540 1017 2581 Quod
1050 2541 1092 2573 ad
1129 2540 1410 2574 constructionem
1445 2541 1578 2581 attinet,

914 2587 1023 2620 verba
1045 2583 1278 2628 Ὀλυμπικῶς
1307 2591 1371 2620 etc.
1397 2598 1505 2631 usque
1534 2566 1578 2619 ad,

915 2632 980 2666 Διί
1013 2633 1055 2666 ab
1081 2632 1222 2676 reliquis
1247 2632 1436 2676 separanda
1461 2643 1577 2665 recor—

915 2678 1060 2712 dationis
1085 2689 1205 2711 caussa
1223 2678 1395 2718 proverbii
1413 2675 1463 2711 τό
1485 2677 1574 2721 τρί-

915 2736 1000 2758 τον
1037 2724 1087 2769 τῷ
1133 2723 1270 2767 σωτῆρι
1310 2724 1442 2757 adiecta
1486 2726 1573 2756 sunt.

916 2770 1052 2804 Ficinus
1076 2781 1143 2803 non
1165 2770 1251 2803 male
1274 2773 1352 2814 post
1384 2770 1456 2803 1ουί
1479 2768 1575 2802 addi-

915 2815 966 2850 dit
990 2817 1161 2858 tribuens,
1194 2826 1393 2860 quamquam
1425 2826 1489 2848 non
1514 2813 1573 2848 mi—
