1764 3176
249 117 393 144 zxvnl
533 154 538 158 .
679 97 1206 141 PRAEFATIO

247 218 344 251 multi
366 214 581 250 Arithmetici
599 211 707 259 (inter
726 226 811 258 quos
832 215 933 249 etiam
956 216 1070 249 Lucas
1090 215 1132 249 de
1149 216 1264 258 Burgo
1283 214 1316 248 in
1341 214 1492 248 Articulo
1512 214 1634 258 primo,

247 279 283 307 et
301 278 422 317 quarto
443 271 583 304 secundi
602 271 790 305 Tractatus
825 273 953 316 primae
973 270 1228 317 Distinctionis)
1249 271 1339 314 quod
1356 271 1486 304 scilicet
1503 271 1634 304 numeri

245 330 397 363 Perfecti
424 332 671 370 consequenter
700 329 824 361 inventi
855 329 981 362 debent
1009 329 1201 362 alternatim
1227 338 1362 370 semper
1391 328 1424 360 in
1449 328 1632 367 senarium,

247 391 283 419 et
303 385 515 419 octonarium
540 385 647 418 finire.
678 396 766 427 quae
785 390 899 418 tamen
918 387 1034 427 regula
1059 385 1240 418 falsissima
1259 389 1322 426 est,
1352 388 1389 417 ut
1409 384 1550 426 quilibet
1570 393 1633 416 nu-

247 453 358 475 meros
373 441 554 474 Perfectos
585 442 679 474 iuxta
709 441 901 475 doctrinam
922 442 1074 475 Euclidis
1107 445 1356 484 consequenter
1379 441 1552 473 inveniens
1573 450 1633 472 co-

246 509 416 541 gnoscere
435 501 563 540 potest.
623 498 707 530 cum
737 499 853 540 itaque
876 509 1037 540 magnum
1062 499 1282 541 Diagramma
1300 497 1457 531 Platonis
1481 497 1500 529 a
1520 497 1634 529 Fabro

247 555 455 597 descriptum
486 555 553 587 iam
577 553 686 586 dictos
707 565 841 587 errores
861 555 1055 596 contineat,
1087 566 1154 588 non
1185 555 1250 587 erit
1281 555 1324 587 ab
1354 564 1392 587 re
1412 553 1634 595 Diagramma

246 611 458 655 perfectum,
489 611 758 653 exquisitumque
778 610 992 652 describere,
1026 611 1116 653 quod
1145 611 1189 643 sit
1208 610 1408 644 huiusmodi.
1468 608 1527 653 (Id
1548 609 1634 642 omi-

246 669 370 709 simus,
401 671 520 710 utpote
545 678 563 699 a
584 667 685 700 Fabri
715 667 963 708 diagrammate
991 677 1058 701 non
1080 668 1239 700 differens
1257 668 1321 701 nisi
1342 678 1405 708 eo,
1437 666 1526 709 quod
1551 666 1632 698 sub-

246 725 323 758 latis
344 724 490 757 numeris
511 723 646 756 duobus·
662 723 911 756 abundantibus
935 724 1002 756 duo
1023 724 1194 766 perfectos
1214 725 1302 757 ultra
1315 735 1390 757 eum
1410 733 1509 765 quem
1519 723 1633 755 Faber

246 781 379 815 decimo
401 782 476 813 loco
501 780 646 822 scripsit,
669 779 824 812 exhibet:
848 777 1167 814 35184367894528
1182 785 1216 813 et
1233 775 1633 818 44115187807420416‚

246 842 281 871 et
302 836 392 879 quod
414 837 448 869 in
469 837 535 869 fine
554 847 614 878 pro
630 836 740 868 verbis
761 836 1065 870 Planicentesimus
1085 837 1195 869 Culms
1229 838 1388 869 1000000
1407 834 1492 869 haec
1511 834 1630 867 habet:

247 894 361 926 10000
381 894 497 936 prima
516 892 698 925 harmonia
728 892 852 926 similis
875 893 946 936 ipsi
965 890 1028 925 144
1059 894 1195 936 primae
1216 893 1432 926 harmoniae.
1472 891 1632 923 1000000

244 949 395 983 secunda
414 950 596 982 harmonia
619 949 742 982 similis
767 949 837 992 ipsi
857 949 942 982 1728
961 950 1131 982 secundae
1150 949 1375 990 harmoniae,
1405 960 1465 983 seu
1488 948 1631 981 Geome-

243 1007 330 1040 trico
360 1018 510 1040 numero.
571 1005 659 1038 Tum
694 1005 857 1038 Barocius
894 1004 1050 1050 pergin)
1083 1005 1207 1039 Verum
1239 1006 1329 1039 enim
1360 1016 1441 1039 vero
1471 1004 1631 1047 quoniam
1658 1001 1665 1003 ⁷⁷

243 1067 399 1096 nostrum
424 1063 466 1096 de
498 1062 600 1095 Fabri
627 1062 839 1104 expositione
869 1061 1028 1094 iudicium
1063 1062 1129 1095 iam
1148 1063 1345 1103 attulimus3
1374 1071 1464 1095 nunc
1485 1060 1632 1094 breviter

244 1120 349 1153 etiam
368 1119 531 1159 dicemus,
561 1129 728 1161 quaenam
750 1119 792 1151 ab
810 1119 883 1161 ipso
903 1119 1036 1161 penitus
1058 1118 1268 1152 indeclarata
1287 1119 1405 1151 relicta
1424 1118 1502 1151 sint.
1532 1116 1632 1149 Haec

243 1176 350 1218 igitur
378 1181 509 1218 septem
527 1179 606 1207 sunt
627 1185 789 1216 numero,
818 1185 907 1217 quae
935 1175 1071 1217 quidem
1096 1185 1137 1208 eo
1154 1176 1273 1208 ordine
1292 1175 1482 1215 enarrabo,
1513 1173 1631 1216 quoin

244 1232 402 1265 Platonis
430 1232 529 1265 litera
560 1232 733 1273 leguntur.
789 1230 906 1264 Primo
927 1231 1061 1273 quidem
1082 1242 1150 1264 non
1174 1231 1360 1265 declaravit
1377 1232 1489 1265 Faber
1511 1230 1633 1263 fertili—

243 1293 354 1329 tates,
385 1299 428 1322 ac
447 1288 646 1322 sterilitates
670 1288 826 1328 animae,
859 1297 1108 1330 corporumque
1129 1287 1171 1320 de
1198 1289 1319 1331 quibus
1336 1288 1439 1321 Plato
1460 1287 1630 1330 loquitur:

244 1345 396 1379 secundo
425 1355 494 1378 non
530 1346 708 1388 explicuit,
740 1355 907 1387 quaenam
937 1344 1005 1376 sint
1032 1345 1281 1389 revolutiones,
1313 1344 1356 1378 de
1387 1345 1507 1387 quibus
1527 1344 1630 1376 Plato

243 1412 435 1436 sermonem
456 1401 574 1434 habet:
605 1401 707 1434 tertio
740 1412 807 1434 non
840 1401 996 1443 exposuit
1026 1401 1196 1443 quodnam
1216 1402 1260 1434 sit
1285 1401 1442 1434 divinitus
1464 1401 1630 1443 genitum,

244 1458 387 1501 quisque
409 1458 481 1491 eius
505 1458 688 1499 circuitus,
720 1457 762 1490 de
785 1457 905 1499 quibus
928 1457 1029 1490 Plato
1058 1458 1263 1491 mentionem
1284 1457 1386 1490 facit:
1417 1458 1539 1500 quarto
1562 1467 1631 1489 non

244 1515 354 1556 dixit,
385 1525 473 1557 quae
498 1515 565 1547 sint
598 1515 653 1547 illa
677 1513 999 1556 correspondentia,
1031 1518 1066 1546 et
1093 1514 1241 1547 effabilia
1259 1515 1420 1554 invicem,
1450 1513 1493 1546 de
1511 1513 1631 1556 quibus

245 1572 349 1605 etiam
365 1571 466 1604 Plato
491 1570 594 1603 verba
611 1571 705 1612 facit,
737 1581 824 1612 quae
845 1571 947 1603 etiam
972 1570 1074 1603 verba
1094 1571 1182 1603 male
1203 1571 1284 1613 legit
1301 1572 1373 1614 ipse
1394 1571 1523 1611 Faber,
1554 1579 1631 1602 cum

244 1629 338 1670 legat
360 1624 685 1672 correspondentia,
715 1631 746 1661 et
780 1627 1031 1670 comparabilia
1052 1628 1207 1661 invicem.
1239 1632 1352 1660 textus
1370 1628 1459 1660 enim
1485 1636 1631 1670 graecus

244 1683 347 1717 habet
369 1679 597 1727 προσήγορα,
621 1681 682 1716 καὶ
696 1677 790 1725 ῥητοὶ
804 1682 869 1716 hoc
891 1687 942 1716 est
955 1683 1258 1726 correspondentia
1272 1689 1306 1716 et
1324 1685 1490 1717 effabilia:
1513 1683 1631 1726 quinto

243 1752 312 1775 non
328 1740 512 1774 declaravit
529 1739 699 1782 quomodo
719 1744 772 1773 ter
788 1744 909 1772 auctus
927 1740 999 1781 ipse
1019 1741 1234 1782 septenarius
1252 1741 1419 1774 duasillas
1437 1740 1632 1773 harmonias

245 1798 400 1841 praebet.
425 1798 552 1830 nullum
573 1797 662 1830 enim
680 1795 761 1829 fecit
781 1796 919 1829 verbum
943 1795 985 1828 de
1005 1786 1172 1838 particula
1196 1797 1252 1829 illa
1269 1797 1424 1830 Platonis
1444 1802 1495 1830 ter
1510 1801 1631 1830 aucta.-

244 1855 344 1887 sexto
356 1858 427 1886 tres
447 1854 549 1886 etiam
569 1854 643 1885 illas
655 1853 838 1895 particulas
850 1853 984 1894 penitus
1001 1853 1230 1885 indeclaratas
1241 1854 1386 1895 reliquit,
1405 1863 1527 1895 nempe
1539 1853 1631 1886 illam

245 1910 405 1955 aequalis
423 1910 561 1954 quidem
589 1909 817 1953 longitudinis
846 1912 879 1941 et
909 1909 998 1941 illam
1024 1909 1083 1942 sed
1100 1910 1341 1954 praelongiori
1370 1910 1427 1942 ubi
1450 1911 1523 1952 ipse
1541 1910 1630 1942 male

246 1968 331 2009 legit
351 1967 412 2000 sed
430 1966 712 2011 praelongiorem
735 1970 770 1998 et
789 1966 881 1998 illam
902 1970 1036 1999 centum
1051 1966 1187 2010 quidem
1204 1977 1443 2000 numerorum.-
1471 1966 1630 2009 septimo,

247 2028 282 2058 et
306 2023 424 2056 ultimo
444 2023 569 2056 nullam
590 2022 800 2056 Geometriei
820 2021 950 2055 numeri
980 2023 1223 2066 etymologiam
1242 2023 1395 2067 tradidit,
1425 2023 1566 2066 perinde
1588 2033 1629 2056 ac

246 2081 275 2114 si
294 2079 507 2113 manifestum
531 2080 686 2112 omnibus
717 2082 807 2112 esset
841 2088 900 2111 eur
931 2088 1007 2111 eum
1039 2089 1215 2111 numerum
1244 2080 1291 2112 ita
1319 2080 1421 2113 Plato
1439 2080 1628 2113 vocaverit=

248 2137 323 2170 cum
343 2141 457 2169 tamen
487 2133 544 2179 (ut
575 2140 670 2179 patet
697 2146 739 2168 ex
767 2135 828 2175 iis,
860 2145 948 2177 quae
974 2136 1128 2177 superius
1158 2134 1322 2181 diximus)
1354 2135 1452 2169 huius
1483 2137 1630 2170 nominis

245 2194 336 2226 ratio
357 2193 602 2235 aliquantulum
629 2192 806 2226 recondita
828 2191 883 2223 sit.
940 2191 1038 2224 Haec
1069 2192 1170 2224 etiarn
1191 2197 1288 2233 sunt,
1318 2203 1406 2234 quae
1426 2193 1541 2227 Faber
1556 2194 1630 2236 ipse

247 2250 498 2293 praetermisit,
530 2259 618 2291 quae
637 2259 737 2291 quam
756 2249 902 2281 obscura
921 2248 1008 2288 sint,
1041 2253 1075 2281 et
1104 2248 1147 2281 ad
1168 2249 1425 2291 intelligentiam
1444 2249 1542 2283 huius
1561 2251 1630 2283 loci

246 2307 454 2346 necessaria,
484 2306 625 2338 maturis
645 2306 776 2338 indiciis
795 2314 923 2345 eorum,
954 2305 1010 2346 qui
1038 2306 1249 2348 superiorem
1272 2311 1423 2339 nostram
1441 2307 1629 2349 expositio-

248 2373 326 2396 nem
346 2363 413 2395 iam
435 2363 665 2404 perlegerunt,
694 2361 911 2394 iudicandum
929 2361 1092 2403 relinquo.
1151 2362 1276 2395 Verum
1298 2363 1475 2405 expeditus
1494 2363 1560 2397 iam
1586 2364 1629 2396 ab

248 2419 324 2462 ipso
341 2419 466 2451 Iacobo
490 2419 604 2451 Fabro
627 2418 842 2461 Stapulensi,
873 2417 916 2450 ad
935 2421 1092 2450 caeteros
1122 2422 1259 2451 autores
1283 2417 1371 2452 hunc
1390 2421 1501 2453 locum
1522 2431 1628 2462 expo·

248 2479 369 2509 nentes
392 2485 482 2508 nunc
499 2485 552 2508 me
569 2480 777 2516 convertam,
795 2484 979 2515 eorumque
997 2475 1144 2507 breviter
1165 2476 1393 2517 expositiones
1415 2477 1629 2510 examinabo.

247 2531 296 2566 Hi
316 2535 429 2565 autern
450 2535 528 2564 sunt
556 2528 613 2574 (ut
631 2532 651 2564 a
673 2532 838 2575 principio
867 2528 1030 2575 diximus)
1058 2531 1262 2564 lamblichus
1292 2531 1525 2566 Chalcidensis
1546 2533 1629 2566 Pla-

248 2588 392 2628 tonicus,
420 2587 667 2621 Therinacides
699 2587 949 2630 Pythagoreus,
978 2587 1200 2620 Sebastianus
1215 2589 1353 2630 Foxius,
1380 2589 1536 2632 Raphael
1557 2591 1629 2623 Vo-

247 2645 458 2685 laterranus,
495 2644 598 2677 Divus
618 2644 789 2686 Thomas,
819 2648 921 2686 atque
938 2644 1093 2676 Donatus
1122 2645 1325 2678 Acciaiolus.
1383 2646 1435 2679 De
1454 2645 1629 2679 Iamblichi

247 2701 364 2744 itaque
388 2705 424 2734 et
445 2700 681 2734 Thermacidis
705 2700 972 2745 expositionibus
1003 2701 1127 2734 nullum
1149 2711 1209 2734 nos
1232 2701 1392 2735 iudicium
1412 2703 1527 2736 facere
1547 2713 1627 2745 pos-

246 2768 374 2802 sumus,
404 2758 563 2801 quoniam
581 2768 639 2792 eas
659 2768 725 2792 non
746 2757 900 2799 vidimus,
931 2757 1007 2790 cum
1026 2767 1094 2791 non
1113 2762 1231 2792 extent
1248 2758 1449 2802 impressae:
1479 2759 1540 2793 sed
1562 2758 1627 2792 hoc
