1764 3176
501 195 825 245 elvlTAs
871 169 996 237 Lm.
1033 196 1091 237 Χ.
1122 202 1189 236 615
1448 198 1533 239 277

144 303 321 360 χρόνον,
350 304 538 360 φέροντά
567 322 612 350 τε
640 306 805 361 πατέρα
834 304 1097 358 ἀποκτείνας
1125 307 1199 350 καὶ
1228 304 1527 361 πρεσβύτερον
1554 306 1593 347 D

147 371 339 428 άδελφόν
368 374 442 417 καὶ
471 373 581 418 ἄλλα
611 372 664 429 δή
694 373 835 418 πολλά
864 391 908 418 τε
938 375 1010 419 καὶ
1046 373 1206 418 ἀνόσια
1236 374 1534 430 εἰργασμένος,

146 458 206 492 ως
246 441 425 496 ἐλέγετο.
492 442 576 498 ἔφη
623 444 706 486 οὐν
746 442 825 486 τὸν
872 439 1159 496 ἐρωτώμενον
1210 443 1368 486 εἰπεῖν·
1441 441 1535 498 Οὐχ

144 509 259 566 ἥκει,
290 509 452 566 φάναι,
486 507 590 552 οὐδ’
622 509 678 552 ἄν
709 508 798 565 ἥξει
828 511 974 564 δεῦρο.
1027 507 1304 564 ἐθεασάμεθα
1333 511 1417 566 γὰρ
1451 513 1535 554 οὐν

145 578 199 634 δὴ
237 579 312 622 καὶ
341 581 472 621 τοῦτο
501 581 590 620 τῶν
620 579 779 620 δεινων
807 577 1056 634 θεαμάτων.
1118 577 1265 634 ἐπειδὴ
1294 578 1424 635 ἐγγύς
1452 582 1534 623 τοῦ

145 648 332 702 στομίου
362 641 470 701 ἦμεν
495 645 724 700 μέλλοντες
747 643 918 689 α’νιέναι
940 646 1013 689 καὶ
1040 639 1177 688 τᾶλλα
1207 646 1349 691 πάντα
1378 663 1535 691 πεπον-

145 714 295 766 θότες,
333 713 502 758 ἐκεῖνόν
530 730 574 757 τε
605 714 860 770 κατείδομεν
896 713 1104 770 ἐξαίφνης
1144 714 1217 757 καὶ
1248 713 1407 766 ἄλλους
1438 727 1534 771 σχε-

146 781 225 828 δόν
260 799 302 826 τι
336 780 481 826 αὐτῶν
510 781 616 834 τούς
650 783 879 834 πλείστους
908 783 1177 839 τυράννους·

145 932 276 966 Iustino
299 929 479 976 Ἀριδαῖος
504 933 573 971 vel,
598 935 637 964 ut
661 930 811 976 Stepha-

145 990 208 1013 nus
235 978 270 1012 in
294 990 336 1012 m.
361 977 526 1020 ostendit,
549 975 729 1020 Ἀριδαιος
755 977 811 1010 hic

146 1029 182 1058 et
212 1025 248 1058 in
279 1023 499 1070 sequentibus
532 1024 744 1064 nominatur,
777 1027 812 1056 et

146 1071 236 1116 apud
270 1068 487 1104 Plutarchum
523 1070 565 1103 de
600 1081 678 1103 sera
710 1081 743 1103 ιι.
777 1081 809 1102 ν.

145 1116 281 1161 p564.
304 1116 345 1149 C.
376 1116 410 1150 in
441 1115 557 1149 fabula
589 1116 732 1171 quadam
769 1127 811 1148 ex

145 1164 210 1196 hoc
234 1162 387 1196 Platonis
409 1163 484 1195 loco
508 1161 612 1195 ducta
630 1159 810 1205 Ἀριδαῖος

146 1214 215 1251 est,
239 1221 339 1254 quam
363 1209 515 1242 formam
529 1208 646 1241 Astius
676 1208 712 1240 in
740 1218 807 1240 sec.

145 1259 181 1288 et
203 1258 285 1289 tent.
310 1255 452 1298 recepi*
500 1253 569 1286 Sed
587 1253 709 1289 homini
728 1254 809 1286 bar-

144 1303 228 1334 baro
250 1302 431 1335 barbarum
457 1311 576 1333 nomen
599 1300 706 1344 magis
728 1311 809 1332 con-

145 1346 249 1390 venit,
275 1358 375 1392 quam
402 1347 586 1379 Graecum.

191 1400 211 1438 ὁ
249 1402 289 1437 δὲ
313 1401 492 1448 Ἀρδιαῖος
524 1396 660 1448 οὗτος]
696 1396 808 1442 οὗτος

144 1448 184 1484 δὲ
210 1450 290 1484 Vat.
311 1450 358 1485 H.

191 1506 429 1551 Παμφυλίας]
465 1505 673 1549 παμφιλίας
707 1504 806 1538 Vind.

188 1594 263 1644 ἤδη
283 1616 329 1624 --
349 1596 498 1643 χρόνον]
525 1609 590 1632 om.
613 1597 698 1630 Iust.

188 1646 241 1690 τε]
267 1657 334 1679 om.
359 1645 443 1678 Lob.
470 1645 547 1678 V.at
571 1643 651 1677 ΒΜ.
678 1642 763 1676 Iust.

191 1690 351 1735 πατέρα]
378 1691 443 1725 int.
467 1701 559 1723 vers.
582 1689 669 1723 Lob.

192 1747 311 1783 πολλοὶ
343 1749 408 1792 τε]
442 1759 481 1781 τε
521 1759 586 1780 om.
623 1747 706 1780 lust.
752 1745 807 1779 Cf.

147 1795 316 1830 Matthiae
340 1806 478 1838 gramm.
504 1805 537 1837 p.
556 1794 636 1828 830.

191 1839 441 1899 εἰργασμένος]
461 1836 708 1883 ἐργασαμενος
725 1838 808 1871 Iust.

191 1883 276 1943 ουν]
301 1887 392 1930 γοῦν
417 1887 515 1920 idem.

191 1932 323 1978 φάναι]
349 1933 469 1977 φᾶναι
497 1930 596 1964 Vind
620 1930 692 1965 BF.

191 1988 281 2026 οὐδ’
308 1986 369 2035 ὃὶν]
397 1985 517 2024 οὕδαν
537 1987 634 2022 Vind.
647 1987 691 2021 F.
715 1983 805 2021 ου’δε

146 2033 194 2072 ἂν
219 2038 303 2072 Iust.

189 2080 282 2128 ἥξει]
307 2083 362 2117 Ita
384 2083 464 2116 Par.
476 2081 581 2115 ΑΒΚ.
608 2091 675 2113 sec.
695 2079 804 2112 Bekk.

144 2127 234 2173 (εξει
256 2141 323 2163 sec
349 2129 446 2173 Bip.)
478 2128 577 2161 Vind.
603 2126 677 2160 BF.
711 2126 806 2159 Mon.

144 2177 185 2210 B.
211 2177 294 2219 Aug.
319 2175 360 2210 Β.
384 2175 456 2210 Pal.
480 2174 519 2207 A.
544 2174 624 2208 Vat.
647 2173 688 2205 H.
713 2171 806 2205 Flor.

143 2188 353 2257 ACRTUV.
384 2221 469 2255 lust.
494 2223 529 2253 et
552 2218 807 2252 Stallbaumius.

143 2264 224 2312 ἥξει
246 2267 349 2303 Vind.
360 2267 416 2300 Ε.
447 2263 532 2310 ἥξοι
559 2265 678 2309 reliqui
715 2263 809 2296 codi-

145 2326 203 2347 ces
223 2316 368 2366 quatuor
393 2312 499 2356 (Lob.
526 2312 604 2345 Vat.
619 2311 696 2344 ΒΜ.
719 2309 804 2342 Ven.

145 2361 205 2404 B)
228 2357 350 2401 iidem,
381 2358 440 2402 qui
464 2368 568 2402 supra
594 2358 635 2391 B.
660 2354 808 2389 πολλῶν

144 2405 224 2439 tuiti
247 2408 346 2446 sunt,
380 2416 454 2438 cum
484 2403 623 2456 reliquis
651 2401 808 2436 editioni-

145 2454 219 2494 bus,
244 2451 411 2504 probante
434 2450 485 2483 vel
511 2448 623 2493 potius
647 2447 808 2482 indicati-

144 2509 221 2531 vum
247 2498 428 2541 ignorante
452 2495 643 2530 Matthiaeo
667 2505 807 2538 gramm.

145 2556 177 2588 p.
207 2545 286 2578 979
335 2543 391 2577 Cf
424 2543 593 2577 Isomatos
618 2541 744 2584 Paneg.
771 2540 805 2583 ἕ.

126 2589 232 2624 -2142
266 2585 408 2629 ἐξέσται
440 2586 512 2632 γὰρ
548 2599 596 2620 αν
629 2592 694 2622 etc.
731 2597 806 2619 οιιιιι

145 2635 371 2680 explicatione
381 2634 566 2668 Hermanni
583 2634 626 2667 de
646 2636 735 2678 part.
759 2628 806 2666 άν

144 2682 186 2715 L.
212 2682 240 2714 Ι.
267 2693 295 2714 c.
321 2682 354 2715 8.
377 2692 412 2725 p.
437 2681 494 2714 31.

192 2727 335 2772 δεῦρο]
343 2739 407 2760 om.
432 2726 507 2759 Fic.

190 2772 261 2817 ’γὰρ
289 2766 382 2828 οὐν]
425 2783 568 2816 γαρονν
611 2771 697 2805 Lob.
733 2767 805 2813 γὰρ

144 2821 228 2854 lust.
265 2819 333 2853 οὐν
366 2818 589 2852 narrationem
618 2816 806 2850 continuari

144 2866 325 2911 significat.
348 2861 589 2908 ἐθεασάμεθα
605 2883 651 2889 ——
664 2861 806 2907 θεαμά·

1228 777 1344 839 ἦσαν
1377 782 1423 827 δὲ
1460 784 1534 827 καὶ

867 942 941 965 των
963 931 1104 965 Ficinus
1125 944 1143 966 ο
1167 932 1281 965 dirum
1301 933 1534 976 spectaculum

868 978 1116 1023 interpxetatus
1141 982 1205 1011 est.

912 1023 1019 1068 η’μεν]
1048 1036 1113 1058 om.
1137 1024 1233 1058 Mon.
1260 1024 1300 1056 B.

913 1069 1125 1114 μέλλοντες]
1150 1067 1351 1113 μέλλοντας
1377 1068 1474 1104 Vind.
1491 1069 1534 1103 F.

913 1126 1050 1169 ταλλα]
1085 1123 1126 1160 τ’
1155 1122 1247 1160 ἄλλα
1281 1127 1381 1161 Vind.
1407 1127 1450 1160 Ε.
1484 1125 1533 1161 τὰ

868 1169 961 1206 άλλα
984 1174 1068 1206 lust.
1094 1168 1212 1206 τᾶλλα
1232 1172 1332 1206 Vind.
1344 1173 1415 1206 BF.
1439 1173 1533 1207 Mon.

866 1219 906 1252 B.
932 1220 1054 1263 Steph.
1078 1222 1150 1252 Ast.

910 1275 1141 1320 κατείδομεν]
1167 1275 1366 1318 κατίδομεν
1382 1275 1457 1310 Ast.
1478 1288 1532 1321 pr.

864 1333 934 1356 sec.

912 1376 1063 1424 miz-05⁷1]
1093 1375 1198 1425 αὐτῷ
1224 1379 1311 1413 Iust.
1342 1378 1394 1411 ed.
1420 1378 1532 1411 Paris.

867 1438 898 1459 a.
926 1428 1026 1461 1636
1077 1414 1201 1479 ‚3¹Apud
1234 1424 1377 1458 eundem
1412 1423 1532 1467 [Iusti-

865 1473 958 1516 num]
985 1468 1119 1512 αὐτοῦ
1144 1471 1233 1516 quod
1257 1470 1384 1503 malo.“
1406 1470 1529 1514 steph.

865 1518 901 1551 in
925 1530 966 1551 ιιι.
994 1513 1123 1551 αντῶν
1142 1529 1216 1550 cuin
1232 1514 1323 1555 τοὺς
1338 1516 1533 1570 πλείστους

866 1564 1126 1598 construendum
1143 1569 1208 1605 est,
1228 1563 1318 1605 quod
1341 1562 1449 1607 ipsum
1469 1573 1532 1606 ap-

866 1610 1043 1655 positionis
1086 1610 1183 1643 modo
1228 1609 1362 1648 ἄλλους
1400 1608 1532 1650 definit,

866 1656 964 1701 quasi
1009 1655 1122 1689 dicat:
1172 1656 1258 1689 alios
1289 1655 1533 1698 conspicientes

863 1703 1044 1746 plerosque
1068 1714 1183 1735 eorum
1211 1707 1374 1745 tyrannos
1399 1701 1533 1743 conspi-

865 1749 1050 1782 ciebamus.
1116 1747 1320 1781 Adverbium
1366 1747 1532 1791 quomodo

865 1794 1100 1838 explicandum
1124 1793 1296 1838 putaverit
1325 1792 1532 1837 Stephanus,

865 1840 1020 1886 equidem
1045 1851 1111 1873 non
1133 1850 1308 1884 assequor.

909 1891 1022 1942 ἦσαν]
1047 1908 1094 1930 sc.
1125 1896 1215 1930 inter
1241 1907 1312 1937 eos,
1336 1907 1421 1941 quos
1449 1907 1531 1929 con-

863 1944 1101 1999 spiciebamus.
1137 1942 1287 1976 ἰδιῶται
1313 1947 1427 1976 autem
1454 1942 1531 1975 τῶν

860 1987 1001 2034 μεγάλα
1050 1986 1320 2033 ἡμαρτηκότων
1372 1989 1526 2022 homines

861 2037 985 2090 privati
1025 2042 1104 2069 sunt
1143 2047 1185 2069 ex
1224 2046 1362 2068 numero
1398 2045 1526 2075 eorum,

863 2082 923 2127 qui
955 2094 1077 2126 magna
1112 2082 1244 2114 scelera
1279 2080 1527 2114 commiserunt.

861 2129 1048 2182 Perperam
1068 2127 1331 2160 Stallbaumius.
1351 2132 1450 2159 erant
1469 2138 1528 2159 vc-

863 2187 901 2208 ro
925 2176 1030 2208 etiam
1057 2175 1165 2217 aliqui
1184 2174 1316 2216 privati
1342 2174 1435 2206 mter
1458 2185 1527 2213 eos,

864 2222 923 2265 qui
955 2231 1089 2265 magna
1122 2223 1409 2262 perpetraverant
1432 2219 1527 2261 faci-

863 2278 969 2306 nora,
1004 2267 1031 2299 si
1065 2265 1202 2310 quidem
1238 2265 1323 2299 'naec
1351 2265 1455 2298 verba
1478 2264 1528 2299 ita

863 2312 1010 2355 intelligi
1034 2311 1163 2351 voluit,
1190 2316 1229 2345 ut
1257 2312 1299 2344 ad
1326 2311 1466 2354 Protag.
1490 2322 1524 2355 p.

863 2361 943 2395 315.
964 2359 1006 2391 Ε.
1033 2370 1069 2391 o
1056 2338 1182 2391 tendit
1204 2356 1349 2405 intelligi
1375 2363 1525 2390 nostrum

861 2406 972 2438 locum
997 2404 1142 2437 debere.
1167 2393 1256 2436 inter
1277 2415 1332 2436 cos
1351 2414 1444 2443 vero,
1468 2403 1526 2447 qui

862 2462 998 2495 magna
1015 2451 1254 2483 commiserant
1265 2451 1405 2490 scelera,
1419 2450 1525 2482 etiam

858 2497 990 2542 privati
1033 2497 1173 2539 quidam
1217 2496 1370 2529 homines
1411 2501 1524 2529 erant.

862 2543 951 2577 Nam
983 2543 1096 2577 subito
1130 2546 1329 2586 conspectos
1353 2541 1428 2575 illos
1452 2553 1526 2575 ma·-

862 2600 947 2633 gnos
986 2593 1187 2632 peccatores
1230 2588 1334 2621 fuisse
1376 2588 1523 2621 nondum

863 2635 995 2668 sciebat
1030 2634 1078 2675 is,
1114 2633 1167 2667 cui
1201 2634 1286 2668 haec
1326 2639 1523 2676 narrantur,

861 2681 920 2715 sed
947 2680 999 2713 his
1022 2679 1107 2724 ipsis
1125 2681 1238 2714 verbis
1262 2679 1432 2714 docendus
1449 2683 1526 2713 erat

861 2727 1082 2771 doceturque,
1107 2726 1182 2759 dum
1207 2727 1387 2771 plerosque
1408 2737 1523 2758 eorum

861 2777 1044 2816 tyrannos,
1078 2772 1252 2806 nonnullos
1293 2783 1375 2805 vero
1420 2771 1524 2804 etiam

862 2818 1014 2864 privatos
1035 2821 1071 2852 et
1093 2819 1227 2863 quidem
1252 2818 1294 2852 de
1309 2828 1434 2862 genere
1450 2828 1518 2850 ma-

860 2876 1002 2910 gnorum
1024 2870 1242 2911 peccatorum
1261 2863 1368 2899 fuisse
1388 2862 1513 2908 accipit
