1764 3176
3 1176 108 1257 {¹4³5ss
118 1243 143 1282 a

0 2199 1 2205 ’
44 2218 126 2253 543-
182 2211 289 2249 Εἶεν·
330 2214 476 2259 ταῦτα]

431 667 1176 729 ΠΛΑΤῼΝΟΣ

113 792 768 866 ΠὈΛΙ

879 790 1507 865 ΤΕΙΑ

506 1047 753 1088 ΛΟΓΟΣ
811 1046 1109 1089 ΟΓΔΟΟΣ.

126 1159 266 1214 Εἶεν·
297 1173 434 1214 ταῦτα
461 1170 540 1232 μὲν
571 1170 625 1226 δή
657 1168 957 1226 (ὁμολόγηται,
992 1164 1026 1214 ὦ
1054 1167 1291 1221 Γλαύκων,
1322 1171 1377 1226 τῇ
1404 1171 1504 1224 μελ-

120 1309 167 1351 δὲ
196 1308 358 1358 παῖδας
400 1303 514 1350 εἶναι
552 1307 623 1350 καὶ
666 1312 814 1351 πᾶσαν
840 1307 1079 1358 παιδείαν,
1120 1304 1331 1356 ὡσαύτως
1371 1305 1425 1348 δὲ
1455 1304 1508 1348 τα

116 1373 435 1431 ἐπιτηδεύματα
464 1374 594 1420 κοινοὶ
625 1375 673 1420 ἐν
702 1375 875 1433 πολέμῳ
912 1391 957 1418 τε
988 1377 1061 1419 καὶ
1092 1373 1264 1432 εἰρήνῃ,
1305 1372 1510 1430 βασιλέας

119 1443 165 1488 δὲ
207 1442 352 1487 αὐτῶν
393 1442 507 1488 εἶναι
550 1444 659 1497 τούς
697 1443 745 1488 ἐν
791 1446 1037 1501 φιλοσοφίᾳ
1081 1459 1126 1487 τε
1166 1445 1241 1487 καὶ
1278 1441 1389 1498 πρός
1431 1441 1510 1486 τὸν

167 1579 374 1625 Πλάτωνος
413 1582 631 1624 πολιτειῶν,
681 1608 689 1616 .
714 1579 786 1615 Η’.

124 1627 214 1662 Lob.
296 1625 500 1667 Πλάτωνος
571 1628 787 1670 πολιτειῶν,

124 1669 263 1717 ὁγδόητ
297 1673 389 1707 Mon.
424 1674 464 1707 B.
500 1674 700 1708 πολιτειῶν
729 1671 789 1708 λό-

123 1731 187 1763 γος
207 1717 341 1763 ὄγδοος
376 1721 474 1754 Vind.
497 1721 539 1753 B.
567 1720 734 1753 πολιτεία
755 1717 789 1763 η’

124 1765 226 1798 Vind.
260 1765 299 1798 F.
338 1765 506 1800 πολιτεία
539 1763 659 1809 ὀγδόη
697 1766 789 1799 Flor.

123 1811 170 1846 R.
203 1808 408 1850 Πλάτωνος
439 1813 623 1845 πολιτεῖαι
652 1807 676 1855 ἢ
707 1810 791 1855 περὶ

125 1857 274 1892 δικαίου
308 1863 336 1901 η·
369 1858 464 1891 Flor.
512 1859 554 1892 V.
590 1855 793 1897 Πλάτωνος

124 1904 323 1937 πολιτειῶν
351 1899 374 1948 ἢ
402 1903 488 1948 περὶ
508 1903 655 1937 δικαίου
683 1901 794 1947 λόγος

129 1945 264 1994 ὄγδοος
283 1950 380 1986 Flor.
401 1951 476 1985 AC.
502 1950 576 1994 (hic
601 1963 665 1984 om.
691 1947 793 1984 Πλά-

125 2008 275 2050 τωνος)
301 2007 378 2041 Ald.
411 2008 492 2041 Bas.
526 2008 582 2041 ab.
610 2009 658 2041 H.
692 2007 792 2041 Vind.

128 2054 171 2088 E.
199 2053 500 2087 ΠΟΛΙΤΕΙΩΝ
528 2054 799 2089 ΔΙΑΛΟΓΟΣ

129 2095 264 2143 ὄγδοος
307 2100 427 2145 Steph.
465 2101 512 2133 H.
554 2100 733 2134 Bekkerus
761 2104 797 2134 et

121 2146 372 2180 'Stallbaumius
396 2146 432 2180 in
456 2158 511 2191 pr.

527 2214 578 2249 Εἰ
625 2212 797 2248 ἐνταῦθα

136 2261 236 2294 Vind.
264 2261 306 2294 F.
350 2258 403 2294 ἴεν
432 2273 464 2294 τ.
497 2261 596 2296 Vind.
631 2261 674 2294 E.
706 2258 797 2295 Εἶεν

132 2319 201 2340 om.
230 2307 336 2340 codex
359 2307 399 2340 B.
423 2307 586 2348 Stobaei,
611 2307 669 2351 qui
693 2319 793 2341 serm.

134 2352 301 2386 XXXXI.
337 2352 477 2397 2264.
510 2352 595 2386 haec
618 2365 726 2398 usque
754 2353 797 2386 ad

134 2396 265 2438 κοινὰς
309 2397 348 2432 δὲ
389 2399 492 2433 πᾶσι.
533 2400 574 2434 Β.
611 2399 795 2444 excerpsit.

135 2445 263 2489 Neque
286 2443 427 2479 Ficinus
451 2441 523 2479 εἶεν
542 2445 703 2479 reddidit.

180 2502 229 2547 τῇ
250 2495 453 2547 μελλούσῃ]
478 2502 543 2536 His
562 2502 695 2537 Vat.B.
716 2514 798 2548 par-

134 2548 274 2582 ticulam
311 2546 357 2591 δὴ
385 2548 491 2582 vocali
516 2560 537 2582 a
560 2560 603 2582 m.
630 2560 657 2583 s.
682 2549 799 2583 addita

138 2594 376 2639 interpositam
399 2594 516 2629 habet.

182 2647 311 2695 πόλει]
340 2649 451 2686 πόλιν
472 2652 572 2688 Vind.
607 2652 648 2686 F.
681 2650 797 2687 πόλει.

141 2696 218 2731 Ald.
242 2697 322 2730 Bas.
347 2699 402 2734 ab.

183 2751 271 2808 μὲν]
308 2754 364 2788 Ita
394 2757 473 2790 Par.
506 2758 547 2789 A.
583 2756 671 2790 Lob.
704 2755 797 2790 Mon.

137 2799 178 2833 B.
212 2800 311 2835 de.
336 2801 376 2834 F.
410 2802 490 2837 vat.
521 2802 601 2838 ΒΜ.
636 2802 720 2835 Ven.
757 2802 798 2835 C.

140 2846 224 2890 Ang.
245 2847 287 2880 B.
319 2847 411 2881 Flor.
436 2848 513 2881 RU.
539 2849 637 2882 Stob.
661 2845 728 2891 μὲν
750 2846 795 2893 δὴ

210 2903 416 2946 ΡιΑΤοΝιε
448 2905 522 2947 01».
550 2905 623 2947 III.

847 1580 947 1615 Vind.
991 1581 1066 1615 BE.
1099 1580 1192 1613 Flor.
1241 1578 1382 1613 ACTV.
1427 1578 1512 1612 editi

847 1632 926 1662 ante
961 1627 1178 1668 Bekkerum‚
1222 1626 1280 1670 qui
1304 1624 1511 1668 reliquorum

848 1674 1000 1707 codicum
1026 1684 1160 1706 suorum
1185 1673 1359 1706 immernor
1376 1670 1453 1704 fuit.

893 1717 1066 1762 κοινοὺς]
1095 1718 1246 1756 κοινοῦς
1264 1717 1339 1750 Ald.

895 1762 1097 1808 ὡσαύτως]
1122 1761 1281 1798 ω”σαύτω
1300 1762 1399 1798 Vind.
1424 1763 1467 1797 E.

895 1809 960 1856 δὲ]
988 1808 1026 1844 δὲ
1054 1809 1118 1844 καὶ
1147 1811 1243 1844 Flor.
1271 1809 1315 1843 T.

896 1855 1045 1903 εἰρήνῃ]
1101 1853 1139 1890 ἐν
1181 1856 1246 1899 εἰρ.
1300 1855 1398 1889 Vind.
1439 1855 1512 1888 EF.

850 1906 938 1948 Ang.
971 1905 1010 1937 B.
1039 1903 1132 1936 Flor.
1164 1902 1269 1936 ACR.
1311 1902 1410 1935 Stob.
1439 1901 1514 1935 cod.

850 1952 892 1984 A.
918 1950 1098 1984 Editiones
1119 1952 1198 1982 ante
1221 1948 1415 1982 Bekkerum
1437 1951 1515 1992 post

853 1994 982 2041 εἰρήνῃ
1018 1995 1149 2040 plenius
1173 1995 1442 2039 interpungunt,
1475 1997 1514 2027 ut

852 2048 886 2077 et
911 2042 1024 2087 paullo
1052 2045 1130 2075 ante
1154 2044 1233 2086 post
1256 2040 1445 2086 παιδείαν.-

901 2096 963 2144 δὲ]
999 2099 1074 2133 Hoc
1098 2112 1117 2133 e
1140 2097 1361 2143 Lugdunensi
1393 2097 1515 2132 editio-

854 2158 897 2180 ne
920 2145 1027 2179 tacite
1060 2149 1234 2190 receptum
1271 2157 1292 2178 a
1323 2143 1515 2189 Bipontinis

854 2196 1036 2237 sequentes
1071 2192 1190 2226 metito
1233 2193 1416 2225 tenuerunt
1452 2201 1515 2234 pro

854 2236 925 2282 δὴ,
960 2239 1050 2283 quod
1084 2239 1118 2271 in
1151 2237 1322 2283 prioribus
1355 2241 1390 2269 et
1422 2236 1515 2270 Bek-

853 2285 938 2318 kero
966 2288 1057 2318 teste
1089 2284 1124 2318 in
1156 2284 1236 2318 Par.
1260 2284 1301 2317 A.
1326 2283 1407 2318 Vat.
1431 2282 1516 2316 HM.

852 2331 939 2374 Ang.
973 2331 1013 2364 B.
1047 2333 1083 2363 et
1116 2333 1279 2375 quantum
1312 2340 1354 2362 ex
1379 2327 1515 2362 silentio

853 2376 1073 2410 Stallbaumii
1115 2376 1305 2419 colligitur,
1345 2375 1380 2408 in
1422 2375 1514 2408 Flor.

853 2423 931 2457 UV.
967 2426 1090 2456 exstat.
1148 2423 1220 2456 Mei
1250 2421 1384 2466 quidem
1419 2420 1516 2465 quin-

854 2480 921 2514 que
954 2481 1068 2503 omnes
1102 2465 1141 2502 δὲ
1170 2469 1319 2508 habent,
1354 2470 1390 2501 et
1420 2466 1517 2501 Fici-

854 2527 917 2549 nus
954 2521 1070 2549 autem
1106 2515 1230 2560 posuit.
1288 2514 1330 2547 In
1375 2513 1518 2547 Stobaei

856 2561 1060 2595 editionibus
1085 2565 1162 2594 erat
1185 2572 1247 2604 τε,
1286 2560 1378 2604 quod
1411 2559 1517 2594 Gais-

855 2608 985 2641 fordius
1021 2607 1204 2641 secundum
1239 2606 1311 2640 cod.
1340 2608 1380 2640 A.
1418 2606 1452 2639 in
1478 2602 1517 2640 δὲ

857 2653 1021 2687 correxit.
1048 2653 1089 2686 L.
1113 2653 1160 2687 II.
1184 2665 1219 2697 p.
1245 2654 1325 2688 376.
1351 2656 1390 2686 A.
1426 2651 1519 2685 codi-

857 2711 930 2732 cem
965 2699 1126 2743 optimum
1159 2699 1304 2733 vidimus
1350 2697 1519 2731 contrario

857 2757 974 2779 errore
1002 2745 1237 2789 depravatum.
1271 2745 1327 2779 Cf.
1347 2748 1428 2779 nota
1442 2743 1519 2779 Vol.

856 2791 902 2827 ΙΙ.
928 2803 961 2837 p.
987 2792 1076 2832 338,
1102 2803 1132 2826 a.
1160 2803 1211 2836 sq.

903 2845 963 2893 ἐν]
988 2860 1054 2884 om.
1081 2848 1180 2883 Stob.
1206 2847 1279 2881 cod.
1305 2848 1345 2880 A.

1320 2906 1352 2946 A

1514 1171 1620 1233 {³2⁹3-

147 1239 260 1295 ούσῃ
292 1237 438 1292 ἄκρως
468 1240 605 1282 οἰκεῖν
626 1238 749 1282 πόλει
780 1237 933 1289 κοινάς
957 1239 1037 1295 μὲν
1054 1243 1292 1295 γυναῖκας,
1322 1235 1506 1287 κοινούς
1531 1227 1620 1277 5⁴43'
