1764 3176
276 143 389 170 xxv1
703 122 989 170 P-‘RZAJLEF
1009 127 1050 169 -Α
1080 128 1120 170 T
1145 127 1235 171 I'O

274 247 332 281 bili
351 247 462 280 dictus
482 250 536 280 est
552 241 735 288 ‘numeruS,
750 252 753 270 ⁵
771 242 992 289 quise‘onstet
1010 244 1186 292 quadratis
1215 245 1345 290 aliquot
1364 248 1521 284 diametri
1541 251 1662 284 effabi-

271 304 313 337 lis
338 302 481 346 quinarii
504 309 539 336 et
560 303 695 336 duobus
721 301 914 347 quadratis>
929 307 1108 339 ineffabilis
1130 305 1271 340 alicuius
1290 302 1467 340 diametri:
1486 299 1663 349 *dominatio

273 354 347 392 ἀπὸ
370 354 577 401 διαμέτρων
598 371 662 403 pro
681 352 855 403 ἀριθμὸς
869 357 918 402 [ἐξ
935 356 1110 405 ἀριθμῶν
1129 357 1204 395 ἀπὸ
1224 357 1436 403 διαμέτρου.
1495 362 1531 397 ld
1552 366 1661 407 magis

270 417 373 449 etiam
397 418 601 460 perspicitur
621 428 664 450 ex
684 419 793 450 verbis
811 415 996 460 δεομένων
1014 415 1095 456 ἑνὸς
1114 414 1288 459 ἑκάστων,
1317 430 1406 461 quae
1429 420 1492 453 nisi
1513 421 1557 453 de
1576 432 1661 463 qua-

265 473 375 506 dratis
396 474 555 510 diametri
574 474 666 507 dicta
685 485 761 508 esse
772 481 963 518 nequeunt.
1023 476 1125 512 Nam
1131 477 1219 509 sicut
1246 476 1284 512 in
1301 477 1418 518 figuris
1434 488 1475 513 ea
1492 477 1661 514 diameter

266 535 341 575 est,
372 531 475 567 cuius
490 531 693 573 quadratum
717 543 778 574 par
798 533 842 565 sit
867 533 1041 587 quadratis
1056 534 1174 566 lateris
1193 533 1389 575 utriusque,
1417 535 1468 566 ita
1486 535 1520 567 in
1542 545 1661 568 nume-

264 587 332 628 ris,
362 588 469 625 cuius
489 588 675 630 quadratus
697 588 835 631 duplex
850 590 895 622 slt
913 590 1188 632 quadratianus
1210 591 1361 635 numeri,
1388 591 1561 625 diameter
1589 592 1660 625 eius

262 645 395 678 numeri
422 649 485 677 est.
543 644 619 680 Sed
638 646 800 686 quoniam
827 647 949 679 nullus.
961 651 1015 679 est
1034 657 1193 679 numerus
1214 647 1433 694 quadratus,
1453 648 1510 690 qui
1534 647 1660 690 duplex

259 701 308 733 sit
328 701 487 743 'quadrati
508 702 615 744 alius,
647 701 805 734 diametri
836 714 961 736 nomen
993 703 1198 736 arithmetici
1218 704 1660 738 ad-numeros‘translaturi

262 758 305 790 iis
325 759 478 791 numeris
496 758 668 799 indidere,
696 768 839 800 quorum
857 760 1023 801 ‚quadrati
1053 770 1122 793 non
1151 761 1292 803 amplius
1312 761 1459 794 monade
1478 761 1659 795 differrent

258 814 679 857 aduplicatisquadratis.
708 815 833 857 ltaque
843 818 1070 861 septenarius,
1092 817 1659 860 cuiusquadratusundequinqua-

260 871 423 913 genarius
444 883 463 904 a
484 872 789 914 quinquagenario,
808 873 998 916 quiduplus
1019 878 1072 906 est
1090 875 1250 916 quadrati
1266 885 1284 907 e
1307 875 1462 916 quinario
1480 874 1654 917 prodeun-

260 929 306 961 tis
319 955 330 972 ‚
357 939 428 961 non
447 929 591 971 amplius
611 929 767 961 monade
789 929 924 972 differt,
946 930 1111 975 diameter
1128 931 1279 973 quinarii¹
1294 931 1438 964 effabilis
1458 935 1531 972 est,
1554 942 1656 972 quum

260 986 337 1028 ipsa
355 985 499 1027 quinarii
519 985 686 1018 diameter
704 987 885 1022 ineffabilis
906 988 963 1020 sit.
1022 987 1094 1021 Sed
1116 988 1306 1021 ineffabiles
1326 988 1516 1021 diametros
1539 998 1658 1024 eorum

260 1053 480 1076 numerorum
501 1042 674 1082 dicebant,
692 1053 835 1085 quorum
853 1044 1016 1087 duplicati
1038 1044 1210 1087 quadrati,
1230 1045 1363 1077 etiamsi
1385 1048 1593 1086 augerentur
1605 1046 1657 1078 vel

259 1099 494 1133 minuerentur
517 1099 683 1140 monade,
713 1101 803 1133 latus
831 1105 947 1134 tamen
976 1100 1144 1134 haberent
1164 1101 1359 1141 ineffabile,
1388 1102 1656 1143 velntternarii,

261 1157 357 1189 cuius
377 1156 585 1199 duplicatum
605 1156 809 1198 quadratum
841 1158 974 1192 etiamsi
995 1158 1144 1191 monade
1162 1158 1391 1198 imminueris‚
1422 1157 1526 1191 nihilo
1545 1158 1656 1195 minus

258 1213 544 1248 ineffabilelatus
566 1214 731 1247 manebit.
788 1215 883 1249 Idem
900 1215 956 1249 vde
986 1215 1206 1257 quaternario
1236 1214 1440 1255 dicendum,
1473 1215 1568 1248 cuius
1591 1215 1655 1251 du-

255 1270 386 1312 plicato
417 1270 586 1312 quadrato
613 1271 671 1313 qui
697 1271 1098 1317 addiderit-monadem,
1129 1270 1235 1305 nihilo
1265 1272 1374 1313 magis
1402 1272 1528 1307 effabili
1546 1272 1655 1305 latere

254 1327 446 1368 praeditum
474 1326 613 1361 babebit
634 1338 824 1362 numerum.
881 1329 1004 1371 ltaque
1023 1334 1058 1362 et
1074 1329 1213 1362 ternarii
1234 1332 1269 1362 et
1292 1328 1506 1371 quaternarii
1521 1328 1653 1361 diame-

256 1387 317 1416 ter*
341 1384 526 1421 ineffabilis
553 1386 628 1425 est,
659 1386 961 1428 quoniamneque
994 1386 1153 1419 detracta
1182 1385 1216 1418 in
1243 1385 1366 1428 impari
1395 1395 1508 1427 neque
1535 1385 1652 1418 addita

255 1440 291 1473 in
309 1441 550 1483 pari-monade
572 1441 728 1484 efficitur,
758 1447 795 1475 ut
813 1453 987 1484 numerus,
1016 1444 1073 1485 qui
1092 1443 1243 1486 ipsorum
1270 1442 1429 1484 quadrati
1449 1442 1570 1484 duplus
1587 1446 1653 1482 est,

253 1497 343 1531 latus
365 1497 524 1531 ostendat
547 1497 698 1532 effabile.
760 1500 917 1535 Quinarii
942 1504 1076 1540 autem,
1105 1500 1140 1532 in
1173 1509 1239 1541 quo
1268 1499 1424 1532 detracta
1444 1498 1592 1532 monade
1610 1499 1652 1531 il-

251 1553 310 1587 lud
341 1554 512 1596 efficitur,
543 1555 709 1589 diameter
743 1561 796 1589 est
831 1557 986 1590 effabilis.
1047 1556 1147 1598 Quae
1177 1567 1280 1598 quum
1308 1556 1355 1588 ita
1383 1555 1652 1599 sint„dnbitari

251 1621 319 1644 non
343 1611 447 1652 licet,
477 1612 560 1653 quin
578 1613 682 1645 verba
700 1609 888 1653 δεομένων
907 1608 991 1650 ἑιός
1011 1608 1173 1645 ἑκάστων
1192 1623 1260 1645 non
1287 1612 1331 1644 ad
1349 1613 1553 1645 diametrum
1575 1612 1651 1654 qui-

251 1668 362 1708 narii,
394 1667 455 1701 sed
489 1668 533 1700 ad
560 1668 632 1700 eius
666 1669 825 1703 diametri
856 1670 1061 1712 quadratum
1081 1669 1264 1702 referenda
1282 1669 1373 1710 sint,
1408 1669 1465 1711 qui
1486 1679 1589 1710 quum
1612 1672 1650 1702 re

252 1734 333 1757 vera
352 1725 397 1757 sit
416 1725 750 1767 quinquagenarius,
779 1727 896 1758 ablata
923 1731 1038 1759 tamen
1068 1725 1218 1759 monade
1245 1725 1650 1767 undequinquagenarius

253 1781 427 1814 statuitur.
488 1782 620 1816 Quibus
647 1783 803 1815 omnibus
831 1782 997 1823 efficitur,
1027 1794 1186 1816 numeros
1208 1783 1284 1815 illos
1315 1786 1453 1816 centum
1473 1775 1547 1814 ἀπὸ
1569 1780 1650 1814 δια-

252 1833 396 1878 μέτρων
411 1838 562 1879 singulos
589 1844 749 1872 constare
779 1839 909 1881 aliquot
926 1838 1320 1881 undequinquagenariis
1346 1843 1380 1871 et
1400 1838 1531 1872 duobus
1547 1848 1649 1881 prae-

253 1898 351 1927 terea
380 1895 557 1937 quadratis
588 1895 759 1928 ineffabile
786 1897 874 1929 latus
899 1894 1115 1928 habentibus.
1184 1896 1257 1928 Sed
1283 1904 1386 1937 quum
1420 1895 1648 1937 significatum

252 1961 421 1994 nusquam
443 1952 505 1991 sit,
537 1956 622 1993 quot
638 1953 661 1985 ii
680 1953 1073 1995 undequinquagenariis
1095 1963 1159 1985 nec
1179 1953 1299 1994 quibus
1320 1952 1452 1984 duobus
1475 1962 1495 1984 a
1517 1951 1648 1985 diame-

253 2012 314 2042 tro⁴
328 2008 491 2041 ineffabili
508 2008 669 2050 profectis
688 2010 837 2042 numeris
856 2014 1025 2051 constent,
1045 2010 1109 2052 ipsi
1126 2008 1267 2042 inveniri
1281 2019 1347 2041 non
1361 2012 1534 2050 poterunt,
1555 2008 1647 2050 quod

252 2075 356 2107 supra
389 2075 650 2107 monueramuS‚
692 2067 757 2100 nisi
793 2066 1005 2099 extrinsecus
1033 2067 1194 2099 auxilium
1220 2065 1417 2098 accesserit.
1474 2065 1513 2098 Id
1542 2065 1647 2107 igitur

251 2121 436 2164 petendum
465 2126 519 2155 est
541 2123 582 2155 ab
609 2124 717 2156 altero
744 2124 872 2164 latere,
903 2123 994 2165 quod
1017 2128 1153 2156 centum
1189 2122 1286 2155 cubis
1310 2122 1470 2162 ternarii,
1500 2121 1566 2154 hoc
1595 2126 1647 2154 est

251 2178 484 2212 bismiliesim‘a
515 2181 822 2222 septingentesima
845 2181 1012 2222 particula
1032 2183 1178 2213 constat.
1236 2179 1338 2212 Hanc
1360 2183 1488 2219 autem,
1516 2179 1544 2211 si
1565 2189 1646 2220 pro-

251 2235 378 2269 ducere
400 2247 489 2276 enm,
515 2247 624 2279 ⁴quem
642 2247 704 2269 nos
722 2237 907 2279 significari
929 2242 1086 2280 putamus
1106 2247 1294 2277 numerum,
1328 2236 1451 2268 cubum
1472 2235 1647 2268 novenarii

247 2293 407 2333 volueris,
424 2293 651 2335 multiplicare
662 2305 722 2336 per
738 2293 896 2327 1968300
910 2305 972 2327 seu
982 2305 1041 2336 per
1054 2298 1189 2326 centum
1200 2303 1361 2326 numeros
1374 2290 1484 2325 19683
1495 2292 1645 2326 debebis.

250 2348 404 2391 Quorum
425 2350 454 2382 si
482 2350 633 2392 singulos
661 2355 822 2383 constare
850 2350 1019 2384 inveneris
1040 2351 1170 2392 aliquot
1197 2349 1590 2391 undequinquagenariis
1612 2352 1646 2381 et

248 2405 380 2438 duobus
391 2410 571 2448 praeterea
584 2407 763 2449 quadratis
784 2407 955 2440 ineffabile
972 2409 1062 2440 latus
1077 2407 1290 2447 habentibus,
1311 2409 1464 2439 nostram
1476 2405 1656 2438 rationem-

247 2472 383 2505 quoque
403 2468 564 2496 constare
583 2464 756 2498 fateberis.
771 2464 917 2497 Constat
938 2469 1052 2497 autem
1074 2474 1233 2497 numerus
1256 2462 1367 2496 19683
1387 2461 1644 2505 quadringentis

247 2522 282 2552 et
305 2529 371 2552 uno
391 2520 785 2564 undequinquagenariis
805 2525 840 2553 et
859 2521 990 2554 duobus
1009 2520 1282 2563 septendenariis
1301 2529 1361 2552 seu
1377 2519 1554 2561 quadratis
1568 2519 1643 2551 dia-

246 2576 348 2609 metri
364 2577 517 2617 ternarii,
538 2587 626 2619 quae
644 2579 790 2621 primum
807 2578 896 2611 inter
917 2578 1106 2611 ineffabiles
1127 2578 1237 2610 locum
1259 2576 1403 2610 obtinet.
1443 2574 1557 2618 Atque
1577 2574 1642 2608 hoc

246 2633 322 2675 ipso
333 2633 597 2675 probabiliorem
623 2635 791 2668 rationem
810 2639 979 2677 nostram,
1003 2644 1106 2677 quam
1123 2633 1350 2667 Barocianam
1370 2643 1445 2666 esse
1463 2631 1642 2665 contendi-

247 2696 336 2730 mus,
352 2689 442 2731 quod
461 2694 496 2723 et
509 2701 611 2724 unam
630 2702 692 2725 nos
702 2696 736 2724 et
748 2692 891 2734 primam
910 2692 1114 2725 ineffabilem
1135 2691 1340 2724 diametrum
1356 2688 1580 2730 adhibuimus,
1599 2689 1642 2721 il·-

248 2746 313 2779 lius
332 2750 474 2781 numero
495 2746 587 2780 duae
597 2759 661 2790 nec
679 2749 775 2791 ipsae
796 2749 880 2782 satis
895 2753 1019 2782 certae
1036 2748 1254 2782 conveniunt.
1291 2747 1362 2779 Iam
1385 2750 1482 2789 eruto
1503 2745 1640 2779 alterius

250 2800 448 2838 harmoniae
465 2813 607 2839 numero
618 2804 698 2851 729,
716 2816 785 2839 non
803 2806 902 2839 aliter
918 2806 1027 2840 verbis
1040 2815 1216 2849 expreSSO‚
1235 2814 1336 2846 quam
1355 2802 1456 2837 hodie
1470 2802 1639 2845 scriptura
