1764 3176
401 169 732 214 ClVlTAS
775 169 897 213 LIB.
937 168 1049 214 VIII.
1087 174 1156 210 565

1412 171 1467 212 91

92 279 356 339 ταλαμβοὶνει
390 282 474 337 γὰρ
517 276 622 334 οὖν,
671 275 703 338 ἦ
729 279 775 325 δ’
802 280 876 334 ὃς,
917 279 1073 332 οὕτως.
1135 277 1469 337 Ἀναγκάζονται
1497 285 1534 326 Β

95 350 171 408 δὴ,
219 347 366 406 οἶμαι,
410 347 685 405 ἀμύνεσθαι,
736 348 935 407 λέγοντές
972 364 1018 392 τε
1053 348 1101 392 ἐν
1138 353 1200 408 τῷ
1239 347 1478 405 δήμῳκαὶ

95 417 363 474 πράττοντες
411 416 498 474 ὅπη
546 415 788 470 δύνανται,
850 411 1002 468 οὗτοι,
1053 414 1119 460 ὧν
1166 416 1480 472 ἀφαιροῦνται.

97 490 204 539 Πῶς
241 486 327 543 γάρ
361 483 445 536 οὕς
489 485 646 528 Αἰτίαν
682 484 737 542 δὴ
778 485 910 541 ἔσχον
939 484 1027 528 ὑπὸ
1057 489 1146 528 τῶν
1178 485 1366 539 ἑτέρων,
1394 484 1482 529 κᾶν

94 554 154 612 μή
195 553 444 610 ἐπιθυμῶσι
481 554 775 608 νεωτερίζειν,
825 551 886 605 ὥς
931 551 1269 609 ἐπιβουλεύουσι
1308 556 1369 609 τῷ
1409 552 1484 609 δή·

95 639 163 681 μῳ
192 623 267 666 καί
295 623 404 666 εἰσιν
440 619 721 679 ὀλιγαρχικοί.

787 623 840 665 Τί
876 620 990 677 mim
1027 619 1204 664 Οὐκοῦν
1232 621 1307 664 καὶ
1335 625 1485 664 τελευ-

96 693 277 744 τῶντες,
322 690 502 734 ἐπειδὰν
537 688 680 745 ὁρῶσι
718 690 796 734 τὸν
837 692 978 746 δῆμον
1015 687 1102 745 οὐχ
1152 687 1330 739 ἑκόντα,
1382 686 1482 732 ἀλλ’

95 755 373 815 ἀγνοήσαντά
401 775 447 802 τε
463 759 536 803 καὶ
559 758 883 816 ἐξαπατηθέντα
911 756 1000 801 ὑπὸ
1030 761 1122 801 τῶν
1153 757 1485 813 διαβαλλόντων

95 824 398 883 ἐπιχειροῦντα
435 832 552 884 σφᾶς
592 826 786 879 ἀδικεῖν,
834 824 928 870 τότ’
962 823 1068 882 ἤδη,
1116 827 1200 869 εἴτε
1239 826 1483 880 βούλονται
1513 831 1546 874 C

65 914 67 916 ·
99 895 182 939 εἴτε
214 894 298 952 μή,
335 893 400 948 ὥς
425 895 608 953 ἀληθῶς
649 894 918 952 ὀλιγαρχικοὶ
955 895 1203 951 γίγνονται,
1243 893 1325 950 οὐχ
1365 891 1485 938 ἑκόν-

99 1054 218 1087 garem
279 1044 484 1090 scripturam
544 1045 727 1091 sequendo.
739 1048 762 1066 ‘⁶

100 1090 221 1134 steph.
245 1089 279 1123 in
302 1102 345 1125 m.
370 1092 457 1125 hanc
491 1091 763 1126 observationem

100 1135 225 1169 indicio
254 1136 409 1171 lectionis
440 1135 570 1181 σμικρὰ
604 1134 763 1181 ἐχόντων

100 1181 306 1225 coniungens
319 1208 329 1223 ‚
350 1187 504 1217 ceterum
522 1184 702 1227 graviore,
725 1187 765 1217 ut

99 1227 257 1271 videtur,
292 1228 378 1262 vitio
409 1230 493 1264 haec
525 1229 683 1263 laborare
706 1241 764 1263 su—

100 1274 247 1318 spicans.
296 1274 415 1320 βλίσει
460 1276 682 1310 Ruhnkenius
729 1278 766 1309 et

101 1319 217 1354 Astius
248 1319 284 1354 in
315 1332 369 1365 pr.
390 1321 493 1365 copia
522 1323 632 1356 mellis
651 1323 765 1366 expri-

101 1371 252 1399 meretur
279 1366 352 1401 Fic.
397 1367 458 1412 qui
492 1379 593 1412 quum
625 1373 765 1402 antece—

100 1411 217 1455 dentia
238 1411 289 1446 sic
312 1413 536 1447 converterit:
569 1414 663 1448 Hinc
695 1415 765 1448 uti-

102 1470 168 1502 que
183 1459 294 1492 mellis
312 1461 412 1504 copia
432 1465 465 1494 et
486 1461 622 1494 uberior
646 1466 679 1495 et
698 1463 765 1504 sa-

103 1505 203 1538 cilior
214 1505 312 1548 sucis
331 1507 554 1550 exprim-itur,
577 1518 689 1552 neque
712 1506 766 1540 hic

98 1550 274 1596 βλισθείη
288 1576 298 1593 ,
321 1553 382 1586 sed
404 1552 560 1598 Υβλίσειε,
586 1564 702 1598 neque
723 1553 766 1586 il-

104 1597 148 1630 lic
170 1596 375 1641 βλίττεται,
406 1599 496 1643 quod
526 1599 642 1632 Astius
666 1603 767 1632 autu-

105 1643 239 1685 mabat,
272 1644 332 1678 sed
353 1644 493 1698 βλίττει
514 1644 642 1689 legisse
664 1645 768 1689 idque

106 1699 169 1732 pro
191 1688 410 1724 intransitivo
438 1691 599 1724 habuisse
621 1691 768 1725 videtur.

105 1734 261 1768 Lectioni
279 1737 467 1770 aBekkero
485 1741 645 1782 receptae
668 1748 771 1782 prae-

105 1783 160 1814 ter
182 1780 318 1816 Timaei
348 1785 384 1815 et
406 1782 560 1817 codicum
581 1782 772 1817 auctorita-

108 1830 178 1860 tem
203 1827 266 1861 hoc
289 1828 427 1869 obstat,
449 1829 559 1872 quod,
583 1839 685 1874 quum
705 1828 771 1862 So-

107 1876 222 1907 crates
251 1875 359 1908 verbo
393 1872 562 1919 βλύττειν
580 1874 772 1908 intransiti-

108 1929 212 1962 vam,
246 1931 334 1964 quae
371 1920 477 1964 magis
507 1920 636 1955 usitata
668 1925 772 1963 esset,

108 1964 390 2009 significationem
434 1966 633 2009 tribuisset,
687 1966 772 2000 Adi-

109 2016 256 2045 mantum
288 2012 396 2047 eidem
425 2014 531 2047 verbo
557 2013 657 2058 quasi
679 2013 770 2047 illius

107 2057 291 2092 orationem
327 2058 582 2093 emendaturum
612 2059 771 2093 transiti—

109 2114 186 2137 vum
207 2103 411 2139 tn‘buenteln
433 2105 529 2148 facit,
553 2117 621 2151 qua
640 2106 769 2140 discre-

107 2149 226 2192 pantia
240 2162 369 2185 omnem
388 2151 657 2195 concinnitatem,
669 2163 770 2198 quam

108 2194 246 2229 iteratio
291 2197 388 2231 verbi
440 2198 569 2232 habere
621 2201 770 2244 poterat,

110 2251 249 2285 prorsus
272 2243 384 2278 everti
409 2255 550 2279 necesse
578 2249 646 2280 est.
693 2244 770 2279 Ne-

111 2298 178 2331 que
202 2298 286 2322 vero
310 2301 368 2331 τι,
396 2291 489 2335 quod
516 2291 618 2325 huius
639 2291 770 2326 incom-

113 2333 205 2367 modi
240 2334 372 2370 vitandi
402 2348 525 2371 caussa
552 2349 593 2372 a.>
608 2337 776 2372 nonnullis

68 2391 72 2392 ⁷
113 2390 176 2425 pro
212 2392 268 2420 τις
297 2381 444 2426 positum
473 2384 640 2426 vidimus,
680 2386 776 2418 recte

114 2426 271 2471 cuiquam
288 2427 454 2472 placebit,
478 2442 582 2476 quum
598 2430 719 2476 copiae
739 2434 776 2463 et

114 2473 283 2506 ubertatis
315 2474 442 2508 notioni
476 2477 581 2511 verbo
605 2474 776 2521 βλῦττειν

114 2517 313 2554 coniunctae
334 2526 511 2566 repugnet.
533 2523 669 2557 Contra
679 2522 777 2568 βλίτ-

116 2575 209 2607 τειν,
238 2565 268 2598 si
292 2577 366 2600 eam
394 2569 559 2604 actionem
590 2569 766 2603 indicabat

117 2623 186 2656 qua
207 2609 251 2645 τὸ
282 2609 455 2657 ,βλύττειν
485 2615 654 2658 efficitur,
685 2595 778 2661 qumi

117 2659 343 2693 Buttmannus
377 2659 485 2695 Lexil.
527 2663 576 2696 H.
615 2674 650 2706 p.
695 2663 777 2699 261.

118 2715 185 2738 non
223 2703 296 2739 sine
328 2707 463 2742 ratione
504 2711 540 2742 et
566 2707 779 2742 auctoritate

119 2749 260 2793 statuit,
281 2758 380 2796 quam
399 2754 544 2789 maxime
562 2757 678 2799 aptum
699 2765 777 2788 esse

121 2808 218 2831 nemo
260 2799 409 2842 negabit.
454 2800 631 2835 Lectionis
664 2804 777 2835 autem

121 2843 269 2879 varietas
290 2846 396 2881 omnis
422 2857 465 2882 ex
488 2851 604 2883 nostta
626 2848 776 2894 scriptu-

817 1056 859 1079 ra
882 1043 1062 1081 facillime,
1085 1055 1128 1077 ex
1149 1043 1210 1077 illa
1233 1054 1299 1077 non
1322 1043 1403 1077 item
1422 1055 1484 1077 ex-

818 1090 939 1137 plicari
957 1090 1099 1145 poterit.
1182 1133 1191 1144 Ι
1342 1135 1349 1141 -

821 1138 1073 1217 οοᾜένῖἔιὲ
1100 1135 1426 1226 Ἧῇηέωέιρζέὲῒο
1439 1136 1486 1215 ’ἷὲ

820 1229 916 1263 Astio
939 1228 975 1261 in
998 1240 1052 1273 pr.
1063 1228 1210 1272 positum
1234 1227 1380 1269 restitui,
1394 1227 1486 1271 -quia

820 1275 1005 1309 verborum
1045 1274 1223 1308 collocatio
1256 1277 1292 1306 et
1323 1284 1378 1307 res
1408 1273 1487 1318 ipsa

819 1320 995 1366 postulare
1028 1320 1185 1362 videtur,
1226 1324 1265 1354 ut
1306 1320 1487 1353 Socratem

821 1369 886 1401 hoc
909 1366 1023 1400 dicere
1047 1370 1256 1408 statuamus,
1290 1366 1417 1399 divites
1444 1365 1487 1399 il-

820 1413 871 1447 los
896 1412 1064 1458 appellari
1087 1418 1123 1447 et
1146 1414 1300 1446 fucorum
1327 1412 1488 1458 pabulum

822 1471 908 1495 esse.

869 1503 952 1549 ἔφη.
976 1505 1129 1549 Δῆμος]
1156 1501 1250 1548 ἔφη,
1267 1504 1386 1548 δῆμος
1408 1503 1484 1537 Ald.

869 1547 1033 1595 ὅτανπερ
1058 1548 1274 1596 ἀθροισθῇ]
1303 1547 1396 1585 ὅταν
1424 1562 1487 1584 πε·
1512 1545 1580 1581 565

824 1598 1057 1642 ριαθροισθῆ
1083 1599 1184 1634 Vind.
1208 1597 1253 1632 F.
1292 1599 1377 1642 Ang.
1401 1597 1444 1631 Β.

871 1641 966 1688 ἔφη]
994 1641 1066 1688 ἔφη
1090 1642 1133 1678 τὸ
1158 1644 1244 1686 Ang.
1270 1643 1310 1678 B.

873 1687 920 1723 οὕ
943 1687 1073 1734 θαμὰ]
1112 1687 1180 1733 οὐχ
1211 1687 1291 1734 ἅμα
1322 1687 1425 1723 Vind.
1447 1688 1490 1722 F.

826 1736 914 1779 Ang-
939 1736 980 1769 B.
1007 1736 1099 1770 Flor.
1125 1737 1168 1770 R.

874 1778 1017 1827 ἐθέλει]
1043 1779 1186 1817 ἐθέλειν
1208 1781 1312 1816 Vind.
1335 1781 1375 1815 B.
1394 1781 1493 1814 Flor.

828 1828 1039 1964 Αἳιζὲιτός]
1051 1870 1232 1957 effingi-roi
1257 1873 1358 1954 {igid-
1379 1873 1426 1908 E.

872 1933 908 1954 τι
957 1931 1023 1953 om.
1080 1932 1099 1954 o
1126 1945 1135 1953 .
1194 1933 1214 1954 a
1233 1946 1241 1954 .
1337 1946 1346 1955 .

872 1964 1160 2011 μεταλαμβάνῃ]
1192 1967 1248 2001 Ita
1280 1967 1375 2001 Mon.
1398 1965 1440 2000 B.
1470 1976 1493 2000 a

827 2024 871 2047 m.
896 2024 925 2047 s.
949 2010 1236 2058 μεταλαμβάνον
1260 2024 1282 2047 a
1301 2025 1345 2047 m.
1369 2023 1422 2057 pr.

871 2057 919 2139 ⁷53
940 2060 1137 2139 ἷιλεέἷῖον]
1169 2060 1241 2094 τῶι
1262 2071 1301 2093 π.
1325 2059 1414 2093 Lob.
1437 2057 1490 2092 τῶ

824 2117 863 2142 π.
920 2117 940 2139 a
959 2131 968 2140 .
1067 2131 1076 2140 .

842 2179 845 2180 γ
873 2150 1001 2197 ἓ’χειν.]
1030 2149 1142 2196 ἔχεινς
1168 2151 1287 2187 Astius
1308 2150 1493 2186 secundum

822 2198 991 2233 Ficinum.

871 2241 1032 2288 ἑτέρων]
1059 2241 1217 2289 ἑταίρων
1241 2243 1344 2279 Vind.
1369 2243 1415 2278 E.
1519 2243 1558 2286 Β

875 2287 1054 2336 ἐπειδὰν]
1080 2287 1200 2325 ἐπειδ’
1223 2285 1273 2324 ἂν
1300 2290 1400 2325 idem.

878 2334 1036 2381 ἑκόντα]
1064 2334 1209 2381 ήκόντα
1231 2337 1333 2370 idem.

877 2380 1186 2428 ἐξαπατηθέντα]
1211 2381 1249 2425 ἐξ
1283 2380 1348 2417 ἀπ.
1372 2383 1474 2418 idem.

878 2427 1183 2475 διαβαλλόντων]
1235 2427 1499 2475 διαβαλόντων

832 2475 916 2509 editi
948 2483 1028 2510 ante
1053 2477 1269 2519 Bekkerum‚
1303 2476 1501 2513 tacentibus

832 2522 1037 2567 Bipontinis.

878 2566 1168 2613 ἐπιχειροῦντα]
1218 2565 1499 2613 ἐπιχειροῦντας

833 2614 933 2650 Vind.
964 2615 1006 2649 F.

879 2661 999 2706 σφᾶς]
1033 2658 1132 2706 σφοές
1154 2661 1257 2698 Vind.
1281 2662 1357 2697 EF.
1527 2655 1560 2698 G

880 2708 952 2742 εἴτε
993 2706 1223 2754 βούλονται]
1274 2706 1350 2743 εἴτε
1384 2720 1420 2742 τι
1459 2708 1496 2753 β.

834 2753 934 2789 Vind.
957 2754 998 2790 F.
1031 2756 1120 2800 Ang.
1141 2755 1184 2789 B.
1206 2755 1299 2789 Flor.
1324 2756 1368 2789 R.

878 2800 1067 2845 γίγνονται
1096 2820 1144 2827 -—-
1174 2800 1261 2847 περὶ
1296 2798 1495 2847 ἀλλήλων]

832 2860 898 2883 ωη-
918 2847 1008 2885 Lob.
1031 2849 1111 2886 Vnt.
1137 2847 1218 2883 ΒΜ.
1410 2856 1413 2859 ‘
