1764 3176
184 673 215 714 C
245 667 387 721 τρισὶν
416 669 547 711 εἴδεσι
579 673 753 712 κλινῶν.

244 156 326 196 198
699 149 1163 194 PLATONIS

242 261 340 305 ποτ’
384 260 521 310 ἐστίνς
564 262 618 303 Εἰ
658 260 835 316 βούλει,
878 263 974 319 ἔφη.
1062 261 1238 306 Οὐκοῦν
1289 260 1456 314 τριτταί
1508 273 1620 308 τινες

240 334 387 373 κλῖναι
417 324 546 372 αὗται
578 330 825 385 γίγνονται·
866 333 944 387 μία
983 331 1061 386 μὲν
1100 328 1126 387 ἡ
1165 329 1213 373 ἐν
1249 331 1301 384 τῇ
1332 325 1462 382 φύσει
1493 320 1618 376 οὖσα,

243 396 298 452 ἣν
338 401 500 452 φαῖμεν
537 394 612 447 ἂν,
650 395 710 447 ὥς
747 392 934 455 ἐγῷμαι,
974 398 1084 443 θεὸν
1121 396 1405 452 ἐργάσασθαι.
1455 393 1484 451 ἢ
1521 395 1619 437 τίνα

243 462 398 514 Hal-0²15
431 461 951 547 Οὖδένα,(1)ἶμαι..Μία
982 468 1028 511 δέ
1057 483 1128 523 γε,
1156 465 1213 522 ἢν
1243 465 1267 508 ὁ
1295 463 1467 507 τέκτων.
1513 463 1620 513 Ναὶ,

243 532 340 587 ἔφη
401 533 500 575 Μία
540 532 608 584 δὲ,
649 531 704 589 ἢν
746 532 769 576 ὁ
813 535 1053 592 ζωγράφος.
1108 530 1137 591 ἦ
1179 532 1284 590 70295
1312 532 1481 575 ’Ἐστω.
1525 535 1620 573 Ζω-

243 597 418 655 γράφθς
457 598 533 656 δὴ,
582 602 865 654 κλινοποιος,
903 604 1026 655 θεὸς,
1068 607 1184 657 τρεῖς
1225 603 1352 645 οὑτοι
1399 597 1622 643 ἐπιστάται

813 673 906 715 Ναὶ
935 678 1061 728 τρεῖς.
1115 669 1165 714 ‘0
1195 670 1274 725 μὲν
1304 668 1356 723 δὴ
1382 666 1508 718 θεὸς,
1540 667 1622 723 είτε

243 734 330 779 οὐκ
358 734 590 791 ἐβούλετο,
631 738 714 781 εἴτε
742 754 807 788 τις
837 738 1008 796 ἀνάγκη
1037 740 1144 794 ἐπῆν
1176 737 1233 793 μὴ
1263 736 1420 786 πλέον,
1460 732 1489 790 ἢ
1519 734 1624 789 μίαν

243 802 291 846 ἐν
320 807 374 859 τῇ
409 802 540 858 φύσει
571 801 904 859 ἀπεργάσασθαι
935 805 1072 850 αὐτόν
1101 806 1280 859 κλίνην,
1312 801 1452 852 οὕτως
1481 801 1624 856 ἐποίη-

245 883 292 914 σε
319 871 424 926 μίαν
452 870 594 927 μόνην
625 871 763 929 αὐτὴν
793 873 960 930 ἐκείνην
992 873 1018 917 ὃ
1046 874 1132 917 ἔστι
1160 873 1308 928 κλίνη·
1341 869 1424 914 δύο
1458 868 1505 913 δὲ
1533 885 1624 912 Ιιτοι-

245 943 376 981 αὗται
411 938 440 994 ἢ
469 941 648 991 πλείους
688 940 789 984 οὔτε
817 941 1125 997 ἐφυτεύθησαν
1154 940 1242 985 ὑπὸ
1271 942 1351 983 τοῦ
1384 940 1494 981 Ιθεοῦ
1524 934 1626 980 οὔτε

245 1005 304 1062 μὴ
345 1010 505 1063 φυῶσι.

244 1110 333 1152 dem,
359 1121 426 1154 quo
450 1110 639 1155 proximum
662 1108 827 1153 τούτων,
850 1123 908 1145 re-

246 1155 420 1189 ferendum
454 1157 569 1197 foret,
597 1157 747 1210 ‘probari
781 1161 908 1201 potest.

244 1201 333 1235 Illud
372 1199 516 1236 τούτων
553 1202 641 1236 enim
675 1204 718 1237 ad
761 1203 910 1245 diversa,

246 1259 335 1291 quae
375 1248 486 1281 adhuc
519 1253 780 1283 commemorata
819 1254 909 1292 sunt,

247 1293 329 1326 lecti
374 1305 501 1337 genera
555 1295 726 1339 pertinet,
769 1306 912 1340 quorum

250 1339 352 1372 trium
396 1351 481 1373 unus
515 1351 611 1373 nemo
652 1346 706 1374 est
749 1340 910 1374 imitator.

247 1385 347 1418 Lecti
379 1396 460 1418 vero
495 1390 548 1419 est
587 1385 738 1420 imitator
776 1387 910 1431 aliquiS‚

248 1441 392 1476 eumque
415 1431 578 1465 Socrates
607 1432 684 1477 quis
709 1431 752 1466 sit
775 1433 911 1486 quaesi-

249 1482 366 1518 turus,
386 1480 425 1510 ut
448 1489 487 1511 eo
513 1477 649 1512 invento
673 1478 754 1523 quid
778 1478 910 1512 omnino

247 1522 400 1556 imitator
424 1523 480 1563 sit,
502 1523 723 1566 demonstret,
751 1524 795 1557 ad
820 1535 910 1558 eam-

250 1580 318 1622 qnue
341 1569 574 1614 quaestionem
596 1571 707 1604 tribus
723 1570 790 1603 iuis
809 1582 912 1614 gene-

249 1614 345 1648 ribus
369 1626 493 1649 usurus
524 1617 638 1658 Pisae,
662 1617 785 1661 inquit,
809 1618 845 1650 in
861 1618 914 1651 his

251 1662 334 1705 ipsis
362 1662 574 1696 imitatorem
598 1664 699 1696 huius
726 1663 802 1707 quis
834 1668 914 1697 tan-

252 1708 330 1740 dem
348 1708 393 1740 sit
421 1713 455 1741 et
477 1720 541 1752 quo
563 1710 700 1742 nomine
723 1710 915 1753 appelletur

251 1754 488 1798 quaeramus?
512 1755 572 1788 Sic
596 1752 734 1789 τούτου
758 1766 824 1788 non
842 1755 915 1788 ine·

252 1802 347 1843 ptum
377 1799 565 1845 meritoque
598 1812 619 1835 a
648 1801 807 1835 Bekkero
839 1812 915 1834 ser-

251 1849 367 1878 vatum
387 1845 534 1879 videtur.

299 1887 390 1923 ποτ’
419 1888 539 1935 ἐστίν]
573 1888 667 1925 ποτέ
701 1889 798 1925 ἐστιν
830 1891 918 1926 Lob.

253 1933 344 1970 ποτ’
375 1934 473 1970 ἔστιν
513 1937 611 1971 Vind.
650 1938 689 1970 F.
727 1937 822 1971 Mon.
875 1938 918 1971 C.

298 1983 454 2027 τριτταί]
480 1984 602 2017 διτταί
625 1983 716 2017 Μοῐι.
744 1983 785 2016 C.

299 2030 442 2073 κλῖναι]
504 2031 560 2064 Ita
607 2030 694 2063 Lob.
736 2028 834 2062 Vind.
874 2028 916 2061 B.

257 2075 349 2108 Mon.
365 2075 437 2108 BC.
456 2075 571 2117 iidem,
582 2076 638 2120 qui
662 2086 766 2120 supra
790 2087 824 2119 p.
838 2075 916 2110 596.

255 2122 297 2154 A.
321 2121 444 2154 κλίναι
475 2121 596 2166 reliqui
628 2122 693 2155 mei
725 2122 778 2164 (et
804 2121 916 2165 Flor.)

257 2178 333 2199 cum
367 2167 467 2201 editis
502 2172 580 2201 ante
609 2168 824 2209 Bekkerum‚
859 2167 918 2212 qui

257 2213 289 2246 h.
315 2212 338 2245 l.
361 2213 404 2246 de
432 2214 502 2247 suis
525 2214 644 2247 tacuit.

303 2258 536 2304 γίγνονται·]
586 2259 785 2303 γίγνονται.
840 2258 919 2292 Ald.

258 2304 467 2348 yt'yvovtat;
502 2305 654 2350 reliquae
680 2312 760 2339 ante
783 2305 919 2339 Bekke-

258 2362 343 2383 rum.
366 2351 568 2395 γίγνονται,
593 2352 782 2394 Bekkem,
806 2350 920 2384 Astius

259 2396 293 2429 in
318 2399 398 2430 tert.
424 2403 459 2431 et
481 2397 736 2432 Stallbaurnius.

304 2443 395 2485 μία]
419 2444 528 2486 μίαν,
553 2444 754 2487 subscriptis
779 2455 800 2477 a
822 2454 867 2477 m.
892 2453 919 2476 s.

259 2488 394 2544 punctis
419 2491 481 2522 sub
507 2502 541 2531 ν,
565 2490 657 2524 Mon.
681 2491 722 2524 B.

306 2531 367 2577 ἐν]
391 2547 454 2568 om.
481 2535 560 2569 Par.
584 2537 626 2569 A.
655 2537 735 2570 v.at
760 2533 923 2570 H.F10r.

261 2580 303 2614 V.
341 2580 397 2614 Cf.
423 2581 535 2625 paullo
560 2586 637 2626 post
662 2581 702 2614 C.
726 2585 762 2615 et
784 2593 819 2626 p.
844 2582 923 2637 5981.

262 2627 303 2681 Α1.
329 2633 363 2659 et
387 2626 556 2660 Phaedon.
583 2639 615 2671 p.
650 2629 726 2663 103
752 2629 802 2661 B:
827 2624 921 2661 αυτὸ

259 2670 303 2706 τὸ
329 2670 537 2707 ἐναντίον
524 2673 650 2728 εαυτῷ
668 2671 838 2730 ἐναντίον
849 2685 925 2728 1ουκ

262 2715 310 2751 ἀν
331 2730 422 2753 ποτε
435 2717 593 2762 γένοιτο,
613 2709 700 2753 οὔτε
718 2718 760 2754 τὸ
781 2716 819 2752 ἐν
834 2715 923 2762 ἡμῖν

263 2760 350 2799 οὔτε
379 2764 421 2799 τὸ
447 2762 486 2798 ἐν
517 2765 561 2811 τῇ
587 2763 708 2809 φύσει.
741 2765 836 2800 cuius
860 2765 924 2798 loci

264 2811 514 2855 comparatione
556 2811 922 2855 Par1n.p.132.D.

576 1010 679 1060 Πῶς
718 1008 793 1065 δήε
831 1008 925 1065 ἔφη·

983 1010 1104 1061 ”Οτι,
1142 1003 1198 1065 ἦν
1243 1006 1285 1052 δ’
1319 1006 1426 1062 ἐγώ,
1464 1007 1502 1049 εἰ
1542 1005 1625 1049 δύο

964 1112 1142 1146 Platonem
1181 1109 1229 1145 τὰ
1269 1109 1336 1154 μὲν
1382 1109 1462 1165 εἴδη
1503 1108 1627 1142 ταῦτα

965 1155 1088 1202 (ὅσπερ
1098 1157 1396 1212 παραδείγματα
1420 1152 1571 1189 ἑστάναι
1589 1148 1627 1188 ἐν

966 1205 1011 1250 τῇ
1053 1201 1182 1249 φύσει,
1221 1215 1287 1237 non
1322 1200 1393 1236 ἐστ.
1430 1201 1476 1246 τῇ
1505 1199 1626 1244 φύσει,

967 1263 1055 1296 quae
1093 1251 1234 1295 vulgata
1266 1248 1364 1282 lectio
1407 1251 1501 1288 erat,
1542 1247 1628 1280 scri-

966 1297 1077 1342 psisse
1099 1295 1320 1330 Heindorfius
1352 1305 1434 1327 vere
1458 1293 1626 1327 coniecit.

969 1343 1102 1376 codices
1114 1347 1245 1376 tantum
1262 1351 1328 1374 non
1338 1350 1452 1373 omnes
1471 1336 1510 1372 ἐν
1526 1351 1629 1383 prae-

966 1390 1123 1422 buerunt.
1148 1385 1261 1441 φύσις
1277 1392 1331 1420 est
1349 1385 1443 1430 regio
1464 1385 1629 1426 idearum,

969 1431 990 1469 ὁ
1016 1432 1152 1489 νοητὸς
1169 1431 1296 1471 τόπος.

1014 1476 1063 1537 ἣ1ν
1084 1480 1236 1524 φαῖμεν]
1259 1474 1308 1522 ἥν
1333 1488 1455 1521 φαμεν
1476 1476 1570 1511 Flor.
1582 1477 1628 1511 T.

1017 1523 1078 1583 ἂν]
1105 1537 1170 1559 om.
1195 1525 1281 1558 Lob.
1305 1525 1385 1557 Vat.
1410 1523 1459 1557 M.

1017 1569 1270 1615 ἐργάσασθαι]
1320 1566 1518 1613 εἰρ,άσθαι
1550 1568 1631 1604 Par.

970 1618 1013 1652 D.
1032 1618 1133 1674 x.Mon
1159 1618 1199 1651 B.
1224 1617 1320 1650 Flor.
1344 1616 1389 1649 U.

1016 1660 1039 1708 ἢ
1059 1664 1142 1697 τίνα
1166 1660 1277 1696 ἄλλον
1290 1663 1314 1706 ς]
1341 1657 1364 1705 ἥ
1382 1673 1466 1694 τινα
1488 1673 1526 1695 α.
1543 1661 1630 1695 Lob.

970 1706 993 1753 ἢ
1031 1708 1115 1743 τινὰ
1151 1705 1188 1742 ἄ.
1226 1708 1321 1742 Mon.
1355 1708 1397 1741 B.
1430 1703 1452 1750 ἢ
1488 1704 1565 1740 τίν’
1593 1705 1629 1741 ἄ.

972 1755 1072 1790 Vind.
1097 1755 1170 1810 ΒΕ.
1195 1755 1292 1833 Vana
1298 1754 1345 1788 H
1373 1753 1470 1787 Flor.
1488 1753 1631 1787 ACUV.

972 1801 1094 1835 Stallb.
1118 1797 1140 1844 ἢ
1165 1797 1239 1834 τιν’
1297 1800 1423 1833 ..Mon
1443 1799 1484 1832 C.
1511 1798 1549 1833 εἴ
1564 1796 1632 1832 τιν’
1655 1809 1661 1811 ”

973 1843 1010 1881 ἅ.
1024 1848 1121 1882 Vind.
1134 1847 1173 1880 F.
1196 1859 1277 1880 num
1268 1811 1401 1880 “alium
1413 1845 1634 1900 quenquam?

975 1893 1052 1926 Fic.
1104 1893 1284 1935 „Affertur
1316 1896 1351 1925 et
1383 1892 1451 1925 alia
1482 1891 1583 1925 lectio
1606 1887 1633 1934 ἤ

974 1950 1059 1972 τινα
1101 1937 1226 1972 ἄλλονε
1259 1937 1319 1971 sed
1350 1937 1512 1979 alteram,
1545 1949 1633 1982 quae

973 1985 1078 2018 habet
1093 1983 1405 2026 interrogationem,
1422 1983 1632 2016 retinendam

975 2042 1050 2063 esse
1097 2029 1244 2064 ostendit
1287 2029 1390 2062 etiam
1440 2029 1628 2073 responsio,

978 2072 1342 2115 Ofioz'vcc.Q11anvis
1352 2079 1471 2108 autem
1499 2076 1585 2108 haec
1607 2072 1632 2118 ἥ

974 2133 1057 2155 τινα
1094 2118 1205 2155 ἄλλον
1248 2126 1283 2154 et
1324 2116 1348 2164 ἢ
1381 2121 1466 2154 τίνα
1509 2117 1631 2165 ἄλλον,

976 2179 1041 2201 non
1061 2168 1160 2201 aliter
1177 2178 1278 2211 quam
1299 2174 1442 2200 accentu
1458 2166 1633 2210 differant,

976 2214 1066 2258 quod
1091 2214 1132 2247 ad
1158 2213 1360 2257 scripturam
1385 2213 1518 2253 attinet,
1537 2213 1636 2247 valde

976 2266 1089 2293 tamen
1115 2260 1282 2292 diversum
1315 2270 1448 2292 sensum
1472 2259 1636 2292 efficiunt.

976 2306 1066 2340 Nam
1098 2302 1119 2349 ἢ
1155 2303 1239 2338 τινὰ
1275 2300 1386 2338 ἄλλον
1420 2310 1513 2338 esset
1537 2305 1634 2339 dubi-

977 2351 1100 2393 tantis,
1140 2356 1176 2384 et
1211 2351 1313 2384 alium
1344 2351 1533 2396 quempiam
1568 2363 1634 2385 non

976 2397 1086 2431 minus
1118 2396 1342 2431 existimantis
1371 2397 1523 2449 potuisse
1544 2396 1635 2430 idem

978 2443 1117 2477 efficere
1142 2443 1250 2488 (quod
1277 2443 1391 2487 inepte
1414 2442 1636 2498 subiungere—

979 2494 1036 2522 tur
1062 2493 1140 2543 post
1174 2489 1229 2521 illa
1261 2490 1387 2530 verba,
1414 2485 1468 2544 1ἣν
1491 2491 1635 2545 φαῖιιεν

981 2532 1050 2578 div,
1084 2547 1134 2574 ως
1164 2528 1320 2581 ε’γώμαι,
1356 2533 1452 2569 θεὸν
1484 2522 1635 2578 ἐργασα-

980 2582 1089 2635 σθ1αι)
1115 2585 1151 2615 at
1174 2593 1256 2614 vero
1283 2579 1305 2624 ἢ
1332 2581 1415 2614 τίνα
1440 2576 1565 2623 αλλον,
1585 2586 1638 2615 est

980 2627 1204 2661 existimantis
1223 2639 1286 2660 non
1303 2627 1428 2660 debere
1443 2627 1541 2660 alium
1558 2639 1636 2660 cen—

979 2673 1047 2706 seri
1079 2674 1150 2707 eius
1184 2680 1346 2706 autorem.
1395 2673 1505 2714 Quasi
1535 2672 1637 2714 dicat,

978 2719 1113 2764 Alioqui
1146 2720 1253 2762 enim,
1289 2731 1408 2764 quern,
1433 2719 1496 2752 nisi
1527 2718 1636 2759 deum,

977 2766 1066 2799 illam
1089 2766 1212 2800 fecisse
1236 2764 1449 2799 diceremus?
1481 2764 1580 2805 Quod
1606 2765 1635 2798 si

979 2811 1206 2853 scriberetur,
1240 2807 1262 2855 ἢ
1288 2810 1372 2845 τινὰ
1399 2807 1530 2853 ἄλλον,
1557 2812 1634 2845 sub·
