1764 3176
458 141 793 185 CIVITAS
833 142 1181 185 LIB.V[[1.562

1451 147 1508 187 75

119 252 312 308 xqfffiiv‘
293 252 362 296 ότι
382 251 439 296 ἂν
455 252 564 310 τύχῃ
584 252 698 309 λέγει
715 270 760 298 τε
772 253 846 297 καὶ
856 253 1060 309 πράττει·
1079 254 1163 299 κᾶν
1173 254 1279 302 ποτέ
1299 270 1422 306 τινας
1432 269 1507 298 πο-

120 318 320 376 λεμικούς
350 321 533 379 ζηλώσῃ,
563 322 701 379 ταύτῃ
731 320 934 377 φέρεται,
964 321 993 378 ἢ
1023 320 1406 380 χρηματιστικούς,
1437 320 1507 364 ἐπὶ

117 386 244 430 τοῦτ’
283 382 365 431 αὖ·
406 389 480 432 καὶ
508 386 610 433 οὔτε
637 407 702 441 τις
730 388 850 441 τάξις
885 389 986 434 οὔτε
1016 389 1185 448 ἀνάγκη
1215 391 1390 435 ἔπεστιν
1424 387 1506 433 αὐ-

117 459 200 499 τοῦ
236 459 298 512 τῷ
334 458 439 514 βίῳ,
473 454 574 499 ἀλλ’
605 455 718 513 ἡδύν
758 472 802 500 τε
842 457 896 513 δή
927 458 1002 501 καὶ
1030 458 1285 513 ἐλευθέριον
1323 457 1398 501 καὶ
1427 474 1508 513 μα-

115 521 273 577 καίριον
310 529 459 568 καλῶν
497 525 575 567 τὸν
615 527 714 581 βίον
749 528 912 569 τοῦτον
950 531 1102 583 χρῆται
1145 525 1268 585 αὐτῷ
1300 526 1373 569 διὰ
1401 542 1508 570 παν-

115 589 200 642 τός.

116 663 251 714 μικοῦ
280 659 399 712 τινός
428 659 602 716 ἀνδρός.

273 591 582 644 Παντάπασιν,
624 588 654 648 ἦ
693 593 736 636 δ’
779 592 851 645 ὂς,
901 594 1163 650 διελήλυθας
1214 596 1318 649 βίον
1358 595 1504 638 ἰσονο-
1533 597 1567 637 Ε

650 659 780 717 Οἶμαι
812 663 857 705 δέ
883 678 953 717 γε,
983 658 1040 719 ἦν
1074 661 1116 705 δ’
1139 661 1261 718 ἐγώ,
1295 662 1368 705 καὶ
1398 678 1508 705 παν·

114 726 313 772 τοδαπόν
352 745 397 773 τε
436 729 511 773 καὶ
552 731 764 773 πλείστων
799 729 928 787 ἠθῶν
968 729 1148 785 μεστόν,
1198 731 1273 773 καὶ
1314 730 1394 774 τὸν
1431 748 1504 774 κα-

114 795 194 840 λόν
223 813 267 840 τε
304 797 377 840 καὶ
405 798 628 849 ποικίλον,
667 797 810 852 ὥσπερ
841 797 1012 854 ἐκείνην
1049 796 1130 854 τὴν
1157 796 1301 850 πόλιν,
1344 802 1508 842 τοῦτον

114 863 192 908 τὸν
231 863 373 921 ἄνδρα
415 864 550 910 εἶναι·

599 864 653 910 ὃν
691 866 849 910 πολλοὶ
891 865 946 909 ἂν
975 866 1048 909 καὶ
1077 866 1235 909 πολλαὶ
1265 865 1507 923 ζηλώσειαν

113 936 194 976 τοῦ
222 935 345 990 βίου,
376 936 705 991 παραδείγματα
733 938 965 978 πολιτειῶν
996 949 1040 977 τε
1070 934 1144 978 καὶ
1172 932 1354 989 τρόπων
1387 940 1503 978 πλεῖ·

115 1012 196 1045 στα
225 1001 272 1046 ἐν
302 1001 423 1059 αὐτῷ
454 1002 618 1058 ἔχοντα.

684 1002 808 1046 Οὕτω
838 1005 944 1058 γὰρ,
983 1002 1093 1058 ἔφη,
1135 1002 1234 1045 ἔστι.

1309 1004 1365 1045 Τί
1395 997 1500 1055 οὗνς

113 1068 308 1126 τετάχθω
345 1069 451 1127 ἡμῖν
488 1069 597 1114 κατὰ
641 1072 939 1127 δημοκρατίαν
971 1068 994 1113 ὁ
1036 1073 1239 1121 τοιοῦτος
1270 1068 1407 1126 οἷνήρ,
1441 1071 1500 1124 ὦς
1524 1079 1595 1116 562

114 1137 436 1193 δημοκρατικὸς
487 1135 632 1192 ὀρθῶς
679 1139 735 1182 ἂν
772 1136 1235 1193 προσαγορευόμενος,·
1281 1137 1503 1196 Τετάχθω,

113 1203 211 1262 ἔφη.

157 1355 221 1400 τε]
248 1366 287 1399 γε
309 1356 390 1390 Par.
414 1355 458 1389 Κ.
478 1357 564 1391 Vat.
581 1356 632 1390 M.

155 1409 291 1458 ἠθῶν]
317 1412 436 1447 eimau
459 1415 540 1448 Bas.
573 1425 606 1448 a.

156 1477 224 1515 τὸν
244 1479 382 1536 καλόν]
425 1482 503 1516 τῶν
527 1481 650 1516 καλῶν
676 1481 775 1517 Vind.

112 1526 154 1560 B.
186 1525 300 1563 καλόν
333 1528 411 1562 Ald.
447 1529 528 1562 Bas.
565 1530 620 1563 ab.
654 1529 773 1574 Steph.

111 1573 185 1606 Ast.
219 1574 364 1608 Articuli
396 1575 562 1609 rationem
597 1586 670 1608 eam
704 1579 776 1609 sta-

111 1623 191 1660 tuo,
215 1631 318 1664 quam
347 1620 422 1655 Vol.
438 1621 482 1654 11.
510 1633 543 1666 p.
564 1622 630 1663 76,
656 1622 689 1654 b.
714 1621 776 1655 de-

83 1701 90 1703 *
111 1664 251 1700 claravi.
276 1667 367 1700 Sunt
389 1666 525 1700 diversa
547 1647 715 1701 hom’inum
740 1674 776 1700 et

112 1709 286 1746 civitatum
309 1723 459 1756 genera,
491 1724 593 1746 unum
632 1713 775 1757 simplex

112 1767 153 1790 ac
176 1762 323 1802 rectum,
348 1758 490 1792 alterum
514 1759 658 1803 duplex,
682 1758 774 1792 aliud

111 1803 287 1848 multiplex
314 1810 351 1837 et
374 1803 513 1838 varium.
563 1805 631 1845 Qui
666 1804 774 1849 primo

111 1850 343 1883 accensendus
368 1854 446 1890 est,
479 1846 499 1884 ὁ
519 1846 686 1893 απλοῦς,
714 1850 774 1905 qui

111 1895 230 1937 alteri,
270 1908 290 1930 ο
322 1895 502 1939 διπλοῦς,
543 1897 599 1930 hic
634 1907 716 1930 vero
752 1892 772 1931 ὁ

109 1939 223 1980 καλός
263 1953 303 1975 τε
348 1940 412 1975 καὶ
456 1942 625 1982 ποικίλος
666 1942 772 1976 audit.

109 1987 334 2022 Stallbaumio
354 1989 475 2022 varius
503 1989 563 2022 ille
592 1989 648 2022 vir
671 1994 774 2033 atque

106 2035 273 2078 pulcher,
297 2035 357 2079 qui
384 2035 456 2069 ista
482 2035 636 2069 civitatis
652 2038 774 2078 forma

109 2081 182 2114 iam
215 2081 505 2127 significabatur,
548 2093 612 2126 per
648 2081 772 2115 articu-

108 2127 179 2159 lum
210 2127 392 2162 monstrari
421 2127 578 2169 videtur,
610 2128 666 2162 cui
697 2127 773 2172 opi-

109 2172 201 2206 nioni
229 2173 409 2218 sequentia
443 2178 656 2218 repugnant,
709 2173 774 2207 nisi

109 2219 200 2252 forte
224 2219 396 2253 civitatem
421 2231 556 2264 quoque
587 2220 653 2254 ista
689 2220 772 2253 civi-

109 2264 193 2298 tatis
226 2266 335 2299 forma
368 2265 679 2311 praesignificatam
707 2277 773 2311 pu-

110 2314 232 2345 tamus.

155 2368 342 2413 ποικίλον]
367 2368 543 2403 ποικίλων
566 2369 667 2403 Vind.
692 2370 733 2403 Β.

155 2438 223 2472 τοῦ
246 2438 370 2484 βίον,]
393 2464 404 2482 ,
425 2439 493 2472 τοῦ
511 2438 596 2483 βίου
625 2439 720 2473 Μοιι.
728 2439 770 2474 B.

155 2503 282 2563 αὐτῷ]
306 2504 368 2541 αὖ.
392 2507 492 2543 Vind.
512 2509 556 2543 F.
582 2508 658 2541 Ald.
687 2509 769 2542 Bas.

109 2553 165 2588 ab.
187 2550 308 2587 ἑαυτῶ
333 2553 418 2587 Lob.
444 2555 523 2588 Vat.
548 2555 628 2588 ΒΜ.

143 2617 293 2677 Ου’τω]
336 2618 456 2663 οὕτως
499 2624 592 2658 Flet.
628 2624 767 2659 ACTV.

110 2680 222 2708 ουτος
257 2668 343 2703 Lob.
381 2670 480 2704 Vind.
514 2670 555 2704 F.
600 2670 691 2704 Mon.
725 2671 767 2704 B.

109 2714 184 2758 (hic
205 2716 378 2759 vulgatum
408 2716 442 2749 in
467 2728 509 2750 m.
534 2717 638 2750 habet
670 2728 691 2750 a
723 2728 767 2750 m.

109 2764 154 2805 s.)
179 2762 259 2795 Vat.
285 2762 365 2796 ΒΜ.
402 2762 487 2797 Ven.
519 2763 560 2796 C.
585 2763 664 2796 Par.
690 2763 766 2796 ΒΚ.

108 2809 192 2853 Ang.
230 2809 272 2843 B.
306 2809 402 2844 Flor.
440 2809 513 2843 RU.
555 2809 595 2843 Id
624 2809 770 2844 fortasse

266 1205 326 1249 Ἡ
351 1208 559 1264 καλλίστη
589 1206 664 1264 δή,
703 1202 758 1264 ἦν
802 1205 843 1251 δ’
887 1204 995 1264 ἐγώ,
1044 1208 1240 1251 πολιτεία
1280 1222 1325 1251 τε
1363 1208 1439 1252 καὶ
1480 1207 1503 1253 ὁ

835 1368 976 1398 verum,
1008 1361 1102 1392 certe
1138 1356 1256 1391 melius
1294 1356 1438 1412 vulgato
1467 1362 1504 1392 et

836 1404 878 1437 ad
905 1403 1021 1447 priora
1055 1404 1114 1437 illa
1151 1401 1218 1437 τὸν
1245 1401 1361 1436 καλὸν
1398 1400 1502 1447 οἶμαι

834 1450 971 1483 τοῦτον
1007 1447 1075 1483 τὸν
1105 1445 1227 1493 ἄνδρα
1261 1446 1357 1483 εἶναι
1394 1451 1503 1495 magis

834 1500 961 1541 aptum.
987 1497 1064 1540 (Ιια
1095 1502 1146 1530 est
1172 1497 1346 1529 nimirum.
1378 1496 1469 1541 Fic.)

881 1551 978 1597 ἔστι]
1024 1553 1078 1587 Ita
1113 1553 1214 1588 Vind.
1247 1553 1291 1586 F.
1330 1550 1406 1587 ἐστί
1449 1554 1504 1587 vel

834 1596 931 1633 ἐστίν
981 1600 1109 1643 (Vind.
1151 1600 1191 1633 Β.
1247 1598 1425 1633 Bekkerus
1466 1599 1515 1634 et'

832 1646 951 1679 Astius
974 1645 1009 1678 in
1034 1646 1133 1689 tert.)
1159 1644 1291 1690 reliqui.

883 1702 928 1736 Τί
953 1695 1065 1746 οῧνς]
1095 1715 1160 1736 οηι.
1187 1702 1259 1735 Fic.

876 1758 999 1803 κατὰ]
1023 1758 1086 1793 καὶ
1109 1760 1190 1794 Par.
1215 1759 1258 1792 K.

878 1814 1289 1862 προσαγορευόμενοςς]
1328 1816 1398 1859 Ita,
1423 1829 1498 1853 cum
1522 1823 1591 1858 562

831 1865 928 1917 signo
951 1863 1207 1907 interrogandi,
1241 1863 1334 1897 Mon.
1358 1865 1400 1898 Β.
1427 1865 1498 1898 Re-

830 1909 914 1956 liqui
945 1910 1010 1944 mei
1036 1921 1110 1943 cum
1131 1909 1232 1942 editis
1259 1914 1338 1943 ante
1362 1911 1502 1945 Bekke-

830 1968 904 1991 rum
928 1960 1090 2010 punctum
1114 1955 1264 1997 habent,
1296 1967 1407 2000 neque
1438 1957 1502 1990 Fi-

831 2003 924 2036 cinus
964 2002 1265 2047 interrogationem
1301 2002 1392 2036 fecit.
1441 2004 1499 2037 Cf.

830 2048 1135 2105 Leg.L.v11.p.
1159 2050 1237 2082 801.
1263 2048 1313 2080 D·
1339 2048 1375 2081 τί
1406 2049 1498 2090 ου’νς

833 2091 853 2129 ὃ
884 2091 1060 2134 πολλάκις
1093 2094 1242 2148 ερωτῶ,
1267 2093 1404 2127 κείσθω
1435 2092 1501 2130 νό-

830 2153 898 2185 μος
929 2137 1018 2185 ἡμῖν
1053 2140 1116 2174 καὶ
1146 2138 1265 2179 τύπος
1305 2137 1500 2184 ἐκμαγεῖόν

830 2199 869 2221 τε
888 2188 1013 2232 τρίτον
1043 2198 1180 2229 τουτο,
1213 2182 1247 2240 ἢ
1260 2186 1341 2225 πῶς
1371 2187 1497 2228 δοκεῖς

830 2235 896 2267 Κλ.
927 2233 1099 2267 Κείσθω·
1132 2233 1169 2266 τί
1196 2229 1291 2276 μήνς
1318 2232 1434 2267 Etiam
1464 2233 1498 2267 in

830 2280 989 2324 obliqua,
1014 2291 1102 2324 quae
1124 2278 1268 2319 dicitur,
1301 2278 1496 2331 interroga-

829 2327 924 2360 tione
962 2328 1056 2359 locus
1095 2330 1149 2358 est
1196 2324 1418 2380 imperativo
1451 2326 1499 2361 ib.

828 2384 863 2417 p.
884 2374 963 2407 800.
988 2372 1041 2427 Ετ
1066 2368 1109 2405 τό
1135 2368 1175 2404 δὲ
1193 2370 1374 2404 τοσοῦτον
1394 2367 1498 2416 ημᾶς

829 2415 971 2457 αὐτοὺς
997 2414 1218 2471 ἐπανερωτῶ
1247 2414 1382 2459 πάλιν,
1418 2418 1495 2452 τῶν

824 2461 1027 2521 ἐκμαγείων
1045 2466 1129 2502 ταῖς
1156 2459 1273 2509 ωδαῖς
1293 2463 1328 2496 εἰ
1342 2464 1494 2506 πρωτον

824 2508 868 2544 ἓν
902 2506 1020 2544 τοῦθ’
1045 2506 1135 2553 ἡμῖν
1163 2505 1322 2551 αρέσκον
1343 2509 1498 2566 κείσθω.

827 2558 883 2590 Cf.
914 2556 954 2589 L.
992 2554 1052 2590 XI.
1095 2567 1131 2611 p.
1172 2556 1255 2591 935.
1287 2555 1338 2588 Ε.
1389 2568 1416 2601 ῳ
1456 2553 1498 2590 δ’

826 2599 957 2644 ἐξέστω
989 2600 1052 2635 καὶ
1086 2599 1158 2645 μὴ,
1188 2601 1303 2636 τοῦτο
1337 2603 1496 2645 νομοθε-

825 2646 1038 2692 τησιόμεθα.

870 2713 918 2750 ‘H
941 2715 1111 2759 καλλίστη
1135 2714 1208 2760 δή]
1248 2716 1416 2760 καλλίστη
1454 2713 1494 2751 δὲ

829 2763 927 2796 Vind.
954 2762 995 2795 F.
1029 2763 1117 2806 Ang.
1141 2762 1182 2796 B.
1210 2763 1305 2796 Flor.
1332 2763 1374 2795 R.
1408 2760 1430 2806 ἡ
1461 2775 1493 2797 κ.

828 2806 867 2844 δὲ
894 2809 972 2843 Par.
998 2808 1042 2842 K.
1067 2820 1136 2843 sec.
1161 2808 1270 2844 Bekk.
1304 2808 1394 2843 Flor.
1422 2808 1467 2843 T.
