1764 3176
225 132 342 162 xvm
654 113 1184 157 PRAEFATIO

232 234 319 276 giuti
348 235 428 266 octo
460 230 661 274 producitur
689 231 710 265 a
743 232 953 267 duodenario
973 231 1030 274 (ut
1057 230 1351 275 ixi-superioribus
1372 230 1532 274 vidimus)
1551 235 1621 265 est,

234 301 300 334 que
318 290 421 332 ipsius
441 288 640 321 duodenarii
663 289 789 330 Cubus,
808 301 913 332 quare
934 293 1100 332 quatenus
1120 289 1235 321 Cubus
1247 291 1300 321 est
1317 288 1488 330 significat
1507 298 1621 322 rerum

236 348 356 380 finem:
378 345 535 387 quoniam
546 346 829 387 quemadmodum
848 347 936 379 ultra
956 346 1100 379 solidum
1114 356 1188 380 ,non
1210 344 1334 379 transit
1354 344 1624 386 magnitudinum

233 406 399 446 potestas,
418 402 464 434 ita
483 402 653 444 quaelibet
671 413 725 436 res
744 403 861 445 genita
879 413 947 435 non
967 402 1181 436 transcendit
1198 412 1282 436 suae
1298 401 1486 434 durationis
1505 401 1625 433 termi—

232 470 333 497 numz
364 463 532 500 quatenus
557 463 670 491 autem
691 460 709 492 a
731 459 943 492 duodenario
968 459 1155 501 productus
1184 464 1236 492 est
1260 458 1325 493 iste
1346 468 1507 491 numerus
1526 458 1623 491 Geo÷

233 516 414 555 metricus,
445 515 604 558 designat
627 526 739 554 rerum
759 516 907 548 omnium
928 516 1205 557 generationem,
1237 518 1387 555 statum,
1416 517 1521 556 atque
1543 524 1624 557 pet-

234 572 467 611 manentiam3
499 572 774 614 quandoquidem
794 582 955 605 numerus
973 571 1203 605 duodenarius
1237 575 1308 604 tum
1343 582 1362 603 a
1378 569 1623 615 Pythagoreis,

235 632 306 661 tum
324 629 342 660 a
361 627 547 661 Platonicis
578 633 717 671 propter
739 629 905 662 maximas
927 629 998 661 eius
1020 628 1270 671 perfectiones,
1300 638 1384 670 quas
1404 628 1438 660 in
1459 637 1626 670 praesen-

236 686 284 718 tia
307 685 444 726 longum
458 689 550 717 esset
568 695 750 726 enarrare,
782 685 941 719 mundum
971 695 1091 727 regere
1119 690 1154 718 et
1177 695 1382 718 conseruare
1416 683 1560 725 dicitur,
1590 687 1626 717 et

236 741 382 774 universi
415 751 573 774 numerus
602 743 805 784 appellatur.
867 741 965 774 Unde
989 742 1153 774 etiamfiu
1175 741 1326 782 Legibus
1356 741 1460 774 Plato
1483 750 1625 773 numero

237 798 448 831 duodenario
477 799 669 838 civitatem,
701 809 824 840 agros,
857 798 1048 839 custodias,
1080 802 1113 832 et
1144 799 1363 840 magistratus
1393 797 1571 840 disponiti.
1589 797 1625 829 in

237 854 397 887 Phaedro
424 855 503 886 vero
531 854 709 887 duodecim
742 854 882 887 adducit
911 855 1046 888 ordines
1076 855 1282 888 divinorum:
1313 855 1347 887 in
1374 853 1626 888 Timaeotduo-

237 911 347 944 decim
381 909 532 943 faciebus
568 910 729 944 informat
763 911 941 944 mundum:
989 911 1024 944 in
1052 912 1162 944 Critia
1194 911 1310 954 ,plagis
1351 910 1533 943 duodecim
1560 914 1627 943 an·-

238 968 330 1009 tiqua
360 971 439 999 ante
468 968 626 1000 diluvium
657 979 764 1009 regna
791 968 972 1000 describit:
1014 968 1217 1001 acuemum
1249 968 1283 1000 in
1301 966 1507 1009 Epinomide
1538 965 1627 999 duo-

237 1024 414 1057 denarium
436 1034 611 1057 numerum
632 1025 719 1057 Iovis
732 1025 910 1067 imperium
928 1029 1028 1057 vocat
1044 1029 1184 1067 propter
1205 1023 1368 1066 sphaeras
1383 1022 1627 1056 mundivisibi-

236 1081 286 1114 les
312 1080 514 1121 duodecim,
543 1081 676 1114 scilicet
695 1086 774 1114 octo
794 1083 975 1121 coelestes,
1005 1085 1039 1114 et
1058 1085 1205 1123 quatuor
1226 1081 1460 1115 elementares,
1516 1079 1628 1113 Prae-

239 1141 334 1170 terea
365 1137 511 1179 quadam
532 1137 634 1170 etiam
656 1138 722 1170 alia
737 1138 872 1171 ratione
897 1138 999 1170 Plato
1018 1149 1080 1181 per
1103 1136 1200 1170 huius
1224 1137 1355 1170 numeri
1373 1136 1627 1170 similitudinem

239 1194 419 1227 terminum
439 1204 552 1226 rerum
570 1195 814 1235 generabilium
836 1195 1037 1236 declaravit,
1056 1195 1232 1237 ipsumque
1252 1194 1435 1236 potiorum,
1467 1203 1509 1225 ac
1528 1192 1628 1226 dete-

239 1250 367 1283 riorum
387 1251 645 1292 generationum
667 1256 821 1284 autorem
841 1262 914 1284 esse
940 1251 1047 1292 dixit,
1078 1262 1165 1293 quae
1186 1250 1322 1292 quidem
1340 1250 1429 1283 ratio
1463 1250 1540 1282 talis
1561 1253 1626 1284 est.

239 1307 399 1349 quoniam
422 1305 479 1348 (ut
497 1308 531 1340 in
552 1308 782 1350 superioribus
802 1306 967 1353 diximus)
985 1308 1086 1341 Plato
1106 1308 1176 1340 vult
1197 1318 1239 1340 ex
1256 1307 1353 1340 bonis
1372 1307 1469 1340 nasci
1487 1306 1626 1350 bonum,

239 1367 274 1397 et
308 1374 351 1396 ex
378 1364 475 1396 malis
496 1365 632 1405 malum,
666 1368 702 1397 et
731 1376 773 1398 ex
792 1366 883 1398 bono
905 1365 1023 1408 simul,
1054 1369 1087 1397 et
1108 1365 1217 1404 malo,
1247 1373 1360 1406 neque
1392 1363 1530 1396 omnino
1563 1363 1628 1395 bo·-

237 1430 342 1461 num,
374 1430 485 1462 neque
522 1422 668 1454 malum:
699 1421 780 1454 boni
820 1426 935 1455 autem
968 1421 1098 1454 numeri
1127 1424 1226 1453 sunt:
1257 1421 1431 1463 Impares,
1461 1418 1629 1460 Perfecti,

238 1477 470 1519 Aequilateri,
501 1476 659 1518 Similes,
691 1477 883 1520 Quadrati,
916 1478 1022 1520 Cubi,
1053 1478 1237 1518 Effabiles‚
1272 1481 1306 1510 et
1335 1476 1371 1509 id
1386 1486 1518 1519 genus3
1548 1476 1630 1509 mali

237 1544 318 1566 vero
351 1531 402 1565 his
424 1534 572 1576 oppositi
602 1535 734 1567 scilicet
755 1535 876 1576 Pares,
905 1534 1112 1577 Imperfecti,
1143 1533 1398 1576 Inaequilateri,
1427 1533 1629 1574 Dissimiles,

237 1589 455 1623 Partealtera
488 1591 682 1632 longiores,
711 1591 996 1633 Praelongiores,
1026 1591 1239 1631 Ineffabiles,
1268 1594 1303 1624 et
1333 1588 1525 1622 huiusmodi
1553 1589 1629 1622 alii:

238 1657 307 1680 non
326 1645 495 1678 immerito
519 1657 678 1680 numerus
698 1648 938 1681 Geometricus
968 1648 1059 1680 mille
1082 1648 1299 1690 septingenta
1325 1646 1442 1688 viginti
1461 1650 1540 1679 octo
1565 1655 1630 1688 po·-

239 1703 363 1735 tiorum
385 1702 661 1745 deteriorumque
691 1705 948 1745 generationum
970 1709 1070 1737 autor
1092 1704 1236 1745 dicitur3
1267 1704 1343 1736 cum
1367 1703 1439 1736 eius
1463 1702 1632 1736 constitu-

238 1759 367 1792 tionem
388 1759 407 1791 a
427 1759 576 1792 Platone
605 1760 752 1803 positam
771 1771 888 1793 omnes
904 1761 971 1793 iam
991 1761 1105 1793 dictae
1123 1763 1193 1792 tam
1214 1760 1380 1793 bonorum
1393 1784 1404 1800 ,
1434 1759 1534 1802 quam
1556 1769 1630 1791 ma-

239 1816 349 1849 lorum
378 1824 596 1848 numerorum
628 1818 762 1859 species
789 1817 1038 1859 ingrediantur.
1097 1816 1161 1849 His
1191 1816 1308 1858 itaque
1337 1816 1470 1849 duabus
1487 1815 1632 1848 rationi-

239 1872 302 1908 bus
320 1872 422 1904 Plato
446 1881 622 1905 numerum
642 1872 731 1906 huuc
749 1874 994 1915 geometricum
1013 1873 1117 1915 ipsius
1137 1883 1249 1905 rerum
1272 1876 1389 1912 ortus,
1419 1875 1522 1914 atque
1540 1872 1631 1905 inte-

239 1928 325 1961 ritus
352 1932 505 1962 autorem
537 1939 612 1961 esse
642 1931 775 1972 posuit,
812 1931 952 1972 eiusque
991 1929 1211 1963 similitudine
1237 1939 1352 1962 rerum
1381 1928 1630 1971 generabilium

238 1985 420 2018 terminum
441 1985 638 2019 declaravit.
649 1987 673 2004 “

351 2041 416 2074 His
444 2041 602 2075 exhibitis
630 2042 711 2076 nihil
736 2043 864 2076 morari
891 2043 1047 2082 videtur,
1078 2041 1159 2085 quin
1180 2044 1333 2074 nostram
1355 2041 1564 2074 sententiam
1586 2040 1631 2074 de

239 2101 314 2131 toto
344 2098 419 2131 loco
449 2099 655 2142 aperiamus.
713 2100 835 2142 Itaque
869 2099 912 2132 de
944 2100 1078 2141 integro
1102 2098 1240 2140 Musas,
1270 2097 1336 2131 hoc
1354 2102 1405 2132 est
1435 2098 1631 2139 Platonem,

240 2154 430 2188 audiamus.
488 2156 670 2190 Humanae
696 2157 786 2200 proli
816 2156 899 2190 dicit
916 2167 990 2189 esse
1011 2155 1207 2198 periodum,
1238 2165 1340 2197 quam
1362 2153 1633 2198 comprehendat

240 2221 402 2244 numerus
437 2212 595 2254 quidam,
624 2214 659 2246 in
678 2224 744 2256 quo
765 2214 872 2256 primo
898 2214 1108 2246 incrementa
1138 2212 1323 2254 quaedam,
1355 2216 1536 2254 postquam
1565 2211 1633 2244 tria

240 2267 418 2300 intervalla
460 2273 494 2301 et
529 2274 675 2311 quatuor
714 2271 877 2303 terminos
920 2276 1036 2303 certae
1065 2269 1238 2302 cuiusdam
1268 2268 1392 2301 indolis
1421 2268 1631 2310 acceperint,

242 2324 358 2357 omnia
379 2328 474 2357 certo
500 2325 646 2367 quodam
670 2327 781 2360 *modo
805 2333 1003 2370 comparata
1023 2329 1218 2369 praestent,
1248 2335 1393 2367 quorum
1411 2324 1633 2366 sesquitertia.

243 2380 342 2413 radix
375 2385 471 2413 certa
493 2383 661 2424 quaedam
681 2394 783 2426 passa
804 2383 889 2416 duas
919 2383 1113 2417 harmonias
1133 2382 1321 2425 praebeat,
1352 2381 1473 2423 quibus
1493 2380 1633 2414 harmo-

242 2437 307 2470 niis
327 2437 507 2480 descriptis
526 2441 701 2473 universus
723 2439 797 2480 hic,
828 2440 956 2482 inquit,
986 2449 1145 2473 numerus
1165 2438 1395 2481 geometricus
1416 2449 1459 2471 ea
1477 2438 1509 2471 vi
1528 2447 1632 2480 prae-

244 2493 334 2526 ditus
358 2498 420 2534 est,
451 2498 489 2526 ut
509 2497 686 2529 meliorum
703 2501 738 2530 et
755 2497 963 2530 deteriorum
983 2496 1249 2539 generationum·
1264 2498 1384 2527 auctor
1402 2495 1458 2536 sit,
1488 2503 1632 2537 quarum

242 2549 339 2583 inscii
364 2560 466 2592 quum
493 2551 639 2586 civitatis
666 2553 825 2586 custodes
856 2554 1052 2596 importuno
1079 2557 1234 2595 tempore
1259 2561 1402 2594 sponsas
1418 2559 1633 2594 sponsosque

244 2607 488 2648 copulaverint,
519 2608 702 2651 liberi-‚non
727 2611 818 2643 bona
836 2611 950 2643 indole
972 2621 1036 2643 nec
1064 2609 1228 2642 fortunati
1254 2612 1367 2642 erunt.
1425 2608 1463 2641 In
1489 2607 1540 2640 his
1558 2607 1633 2649 pri-

244 2661 428 2696 mumvhoc
455 2667 640 2699 notandum
652 2685 667 2707 ,·
693 2667 787 2699 illum
814 2677 1010 2707 numerum,
1040 2667 1096 2709 qui
1125 2665 1260 2708 generis
1291 2663 1428 2698 humani
1452 2663 1632 2707 periodum

245 2719 531 2766 comprehendat,
561 2723 730 2756 diversum
751 2724 793 2756 ab
815 2734 854 2757 eo
877 2735 974 2764 esse,
1000 2724 1054 2766 qui
1076 2723 1113 2756 in
1129 2723 1196 2756 fine
1223 2721 1347 2755 dicitur
1368 2721 1546 2754 meliorum
1567 2719 1632 2752 de-

245 2776 476 2820 teriorumque
497 2780 758 2820 generationum
777 2784 908 2814 auctor.
951 2780 1059 2814 *Nam
1074 2779 1166 2813 idem
1184 2778 1213 2812 si
1238 2782 1353 2819 esset,
1383 2787 1496 2820 neque
1512 2777 1570 2810 illa
1587 2775 1633 2809 de

1552 2842 1560 2852 a

444 2855 476 2880 ..iv
1489 2855 1492 2858 ⁴
1535 2844 1559 2876 ¹²
