1764 3176
257 119 338 159 162

681 111 1153 155 PLATONIS

254 223 429 280 α’πειρίᾳ
457 227 642 276 λευκοῦ,
677 224 750 267 καὶ
777 224 888 279 πρὸς
919 224 968 267 τὸ
999 221 1171 266 ἄλυπον
1201 221 1317 266 οὕτω
1345 221 1488 278 λύπην
1524 220 1634 279 ἀφο-

254 298 412 348 ρῶντες
443 289 617 350 ἀπειρίᾳ
645 292 808 348 ἡδονῆς
837 290 1104 340 ἆπατῶνται;
1136 290 1215 333 Μὰ
1237 288 1314 333 Δί’
1315 321 1328 340 ,
1346 284 1374 346 ἦ
1403 289 1444 334 δ’
1467 290 1529 341 ὃς,
1551 288 1635 333 οὐκ

257 359 313 403 ἂν
353 359 652 416 θαυμάσαιμι,
682 357 790 403 ἄλλα
827 359 939 404 πολυ
977 363 1168 414 μᾶλλον,
1207 359 1242 401 εἰ
1272 356 1330 414 μή
1361 357 1500 409 οὕτως
1540 358 1635 414 ἔχει.

249 417 356 471 Ὧδέ
385 443 432 482 γε
452 429 558 476 οὐν,
586 425 724 478 εἷπον,
756 427 909 472 ἐννόει.
955 426 1053 483 οὐχὶ
1086 430 1213 469 πεῖνα
1240 425 1313 468 καὶ
1347 426 1453 476 δίψα
1481 426 1554 469 καὶ
1583 423 1636 468 τὰ

193 494 227 535 Β
255 498 439 538 τοιαῦτα
491 493 695 546 κενώσεις
732 495 844 547 τινές
885 498 966 540 εἶσι
1004 499 1079 551 τῆς
1109 493 1205 548 περὶ
1237 509 1286 560 tp
1329 495 1454 550 σῶμα
1490 493 1636 546 ἕξεωςς

260 563 312 605 Τί
359 559 468 618 μήν,·

255 757 327 800 τες]
350 755 409 799 qni
428 755 525 788 iusta
545 755 684 799 nigrum
703 756 807 788 solum
822 756 915 798 aspi—

256 802 349 834 ciunt
362 803 503 843 fuscum
526 800 599 833 Fic.
626 802 719 834 cuius
750 801 803 834 ed.
829 803 913 834 Ven.

257 859 288 880 a.
307 848 407 881 1517.
432 857 559 879 comma
581 850 660 879 ante
678 849 785 879 solum
802 847 915 881 habet.

257 893 297 925 In
329 893 420 925 Mon.
445 892 485 925 Β.
519 892 649 924 duobus
682 893 799 926 mediis
825 905 845 926 a
871 904 915 927 m.

257 949 284 971 s.
317 937 453 970 litterae
488 936 510 981 β
542 949 566 970 οε
605 937 785 981 impositae
825 941 912 971 sunt.

258 984 353 1016 Haec
381 983 510 1016 scilicet
543 984 707 1016 correctio
736 984 841 1017 lenior
865 983 916 1017 vi-

256 1029 412 1070 debatur,
436 1039 536 1073 quam
561 1029 590 1061 si
613 1030 821 1073 sequentium
838 1041 918 1062 ver-

256 1076 373 1109 bmum
392 1073 630 1108 transmutatio
649 1075 748 1108 fieret
769 1081 804 1109 et
822 1072 918 1130 πρὸς

258 1118 378 1175 λύπην
408 1116 505 1154 οὑτω
537 1118 579 1153 τὸ
612 1116 756 1154 ἄλυπον
788 1122 841 1154 vel
871 1119 914 1155 τὸ

258 1163 402 1200 ἄλυπον
426 1161 525 1199 ου’τω
554 1164 650 1209 πρὸς
670 1164 790 1210 λύπην
822 1165 916 1210 depo-

259 1213 394 1256 ρώντες
420 1211 642 1252 scriberetur,
667 1224 808 1257 quorum
832 1215 918 1246 alte-

258 1265 387 1292 rutrum
412 1257 742 1291 Schleiermacherus
761 1259 919 1304 requirit.

258 1304 326 1337 Sed
345 1304 475 1347 nigrum
498 1310 658 1347 spectans
679 1308 772 1338 iuxta
788 1306 919 1338 fuscum

259 1349 412 1395 quamvis
436 1349 574 1392 ignarus
599 1349 667 1382 albi
691 1351 764 1384 falli
788 1351 917 1395 nequit,

258 1396 340 1441 quin
366 1400 463 1428 recte
495 1394 629 1438 nigrum
661 1407 735 1429 esse
767 1400 917 1430 statuat.

258 1443 390 1475 fuscum
422 1441 558 1474 intuens
584 1440 687 1485 idque
722 1453 797 1475 cum
823 1442 919 1487 nigro

259 1498 459 1532 comparans
480 1498 657 1542 perperam
682 1499 744 1543 pro
761 1488 838 1521 albo
860 1489 921 1520 ha·-

258 1534 327 1567 bet.
385 1533 509 1576 Itaque
537 1530 632 1576 πρὸς
658 1531 775 1576 φαιὸν
805 1531 920 1586 μέλαν

260 1576 564 1617 ἀποσκοποῦντες
608 1590 674 1612 non
713 1580 919 1620 accuratius,

259 1630 296 1659 ut
319 1624 561 1658 Stallbaumius
585 1629 702 1669 putat,
727 1625 786 1658 sed
810 1625 919 1658 minus

260 1675 455 1705 accuratum
479 1675 516 1703 et
538 1670 588 1703 ita
613 1670 846 1715 explicandum
866 1683 921 1704 es-

260 1722 334 1757 set,
364 1721 402 1749 ut
426 1727 521 1749 error
544 1727 611 1749 non
634 1717 726 1750 circa
748 1717 803 1758 id,
828 1716 920 1761 quod

259 1765 443 1807 spectaret,
462 1761 523 1794 sed
541 1762 630 1795 circa
654 1763 751 1796 iuxta
773 1764 920 1807 positum

261 1807 422 1841 committi
461 1810 497 1840 et
528 1807 618 1841 illius
651 1813 792 1853 aspectu
831 1809 921 1841 iudi-

262 1854 350 1887 cium
382 1853 425 1886 de
446 1853 510 1886 hoc
544 1855 713 1898 corrumpi
736 1854 920 1887 diceretur.

262 1902 374 1944 Atque
397 1898 446 1932 ita
467 1899 656 1942 sequentia,
679 1900 760 1944 quia
784 1911 845 1944 per
861 1912 920 1933 co-

261 1946 354 1979 dices
377 1950 508 1978 mutare
531 1956 596 1977 non
622 1945 722 1987 licet,
746 1945 921 1989 explican-

262 1992 306 2025 da
356 1995 468 2044 puto:
529 1990 680 2024 homines
735 1992 921 2036 voluptatis

260 2036 374 2081 ignati
403 2036 480 2070 dum
513 2036 548 2068 in
574 2036 725 2070 dolorem
747 2037 921 2071 intuentur

263 2094 405 2127 eumque
445 2093 520 2115 cum
537 2083 795 2135 tranquillitate
832 2095 922 2116 com-

263 2131 404 2175 parant,
427 2127 545 2161 hanc
535 2139 644 2172 ipsam
664 2140 725 2173 pro
745 2129 921 2174 voluptate

262 2175 399 2208 habent.
447 2174 512 2207 Hic
541 2185 622 2209 vero
653 2174 777 2208 similes
806 2186 922 2208 eorum

263 2220 452 2254 dicuntur
444 2220 488 2262 ιί,
514 2220 571 2264 qui
601 2221 730 2254 fuscum
754 2221 923 2254 intuentes

265 2271 300 2300 et
333 2278 407 2299 cum
433 2266 528 2309 nigro
553 2272 807 2311 comparantes,
832 2267 923 2312 quod

263 2312 376 2346 album
417 2324 482 2345 non
519 2318 662 2353 norunt,
704 2313 815 2346 album
848 2324 923 2346 esse

264 2358 454 2402 opinantur.
487 2358 536 2390 Et
561 2361 638 2391 sunt
661 2358 799 2392 similes.
835 2359 924 2392 Nam

263 2404 395 2448 patiter
426 2403 581 2448 utrisque
620 2405 715 2438 tertii
753 2405 923 2449 ignoratio

265 2454 301 2482 et
324 2450 482 2491 duorum,
507 2462 595 2494 quae
618 2455 759 2492 norunt,
783 2450 926 2483 diversi-

266 2499 320 2528 tas
343 2496 451 2528 obest.
499 2495 551 2528 De
570 2497 676 2530 verbo
700 2493 925 2530 ἀποσκοπεῖν

267 2541 312 2574 cf.
346 2541 551 2597 interpretes
586 2543 739 2576 Thomae
762 2543 856 2587 Mag.
878 2554 924 2596 p.

270 2589 348 2621 100.
370 2598 422 2630 sq.
449 2587 502 2620 cui
528 2584 817 2631 αποσκοποῦμαι
839 2585 924 2621 κάλ-

268 2634 358 2673 λιον,
379 2629 401 2676 ἢ
424 2628 625 2666 αποσκοπῶ
643 2635 832 2668 videbatur.

317 2678 548 2722 λευκοῦ,καὶ]
566 2679 661 2713 Inter
682 2681 767 2714 haec
785 2680 926 2713 Ficinus

270 2726 496 2758 clarissimum
514 2726 598 2758 illud
616 2726 723 2771 (apud
737 2726 925 2760 Bekkerum

270 2776 325 2804 est
334 2771 447 2815 illum)
465 2772 662 2806 existimant
677 2772 829 2808 inseruit.
854 2772 926 2806 Eo-

517 561 698 618 ’'Ayvowc
747 563 794 606 δὲ
841 563 915 606 καὶ
966 558 1198 618 ἀφροσύνη
1248 558 1321 614 ἀρ’
1363 559 1418 603 ου’
1458 558 1638 615 κενότης

257 629 346 672 ἐστὶ
383 633 460 686 τῆς
500 629 597 684 περὶ
644 629 789 685 ψυχὴν
827 626 884 673 αὖ
927 629 1077 682 {genis-3
1128 627 1265 671 Μάλα
1320 644 1380 684 γε.

1459 627 1638 671 Οὐκοῦν

973 755 1048 788 dem
1067 756 1142 788 loco
1163 753 1196 786 in
1218 754 1367 787 Bekkeri
1384 753 1535 787 editione
1553 765 1635 810 ope·-

973 812 1086 833 ratum
1136 799 1236 854 culpa
1275 800 1387 843 posita
1424 801 1532 833 verba
1573 798 1636 832 καὶ
1684 822 1687 823 ⁷

972 844 1068 895 πρὸς
1106 843 1148 878 τὸ
1195 841 1337 878 ἄλυπον
1379 841 1476 879 οὕτω
1516 842 1636 888 λύπην

973 888 1191 934 ἀφορῶντες
1204 887 1353 937 απειρίᾳ
1376 891 1520 932 λευκοῦ,
1531 891 1638 925 Stall-

972 937 1126 971 baumius
1146 948 1281 981 quoque
1307 938 1339 970 in
1360 949 1422 971 sua
1439 937 1554 981 piiore
1576 949 1636 980 po-

973 983 1041 1016 suit
1063 986 1098 1016 et
1117 982 1288 1026 penultimi
1312 983 1455 1016 nominis
1481 983 1637 1028 spiritum

976 1029 1136 1062 correxit.

1023 1071 1186 1129 ἀπειρίᾳ]
1211 1069 1361 1117 ἀπειρία
1381 1074 1456 1107 Ald.

1021 1117 1084 1153 Δί’
1097 1121 1108 1163 ]
1135 1119 1198 1152 &icc
1220 1120 1306 1153 Lob.
1329 1120 1430 1155 Vind.
1452 1120 1496 1153 F.

1023 1164 1105 1209 ε’χει]
1129 1164 1204 1208 ε’χοι
1228 1165 1313 1199 Lob.
1331 1167 1409 1200 V.at
1430 1166 1510 1200 ΒΜ.
1533 1163 1634 1199 vind.

977 1213 1016 1246 B.
1050 1210 1120 1254 εχει
1144 1223 1218 1244 cum
1247 1223 1283 1244 01.
1309 1223 1410 1257 super
1434 1223 1465 1245 ει
1487 1213 1572 1246 Ven.
1596 1212 1636 1244 B.

977 1258 1178 1302 Optativum
1207 1257 1382 1291 Bekkerus
1407 1262 1442 1291 et
1464 1257 1580 1291 Astius
1604 1257 1638 1290 in

975 1309 1055 1336 tert.
1083 1309 1117 1336 et
1150 1306 1268 1336 tacens
1299 1304 1333 1336 in
1358 1307 1503 1356 utraque
1531 1303 1638 1337 Stall-

974 1348 1129 1382 baumius
1150 1349 1295 1404 recepit,
1321 1349 1377 1394 qui
1400 1350 1433 1383 in
1459 1362 1527 1383 sec.
1550 1349 1638 1382 indi-

975 1394 1123 1428 cativum
1147 1392 1268 1437 ε’χουσι
1300 1406 1332 1439 p.
1365 1396 1445 1429 584.
1472 1396 1513 1428 E.
1541 1395 1637 1429 cuius

976 1441 1093 1474 eadem
1127 1441 1213 1474 ratio
1249 1444 1325 1482 est,
1351 1441 1513 1486 exemplis
1546 1441 1638 1474 ultro

975 1486 1138 1530 defendit.

1021 1543 1061 1575 γε
1085 1531 1166 1576 οὖν]
1199 1531 1290 1575 γοῦν
1319 1532 1406 1566 Lob.
1438 1532 1538 1566 Vind.
1561 1532 1636 1566 BF.

977 1582 1012 1611 et
1039 1589 1126 1611 corr.
1162 1578 1204 1611 E.
1245 1580 1331 1622 Aug.
1362 1580 1404 1611 Β.
1442 1579 1518 1612 Vat.
1549 1578 1636 1611 ΗΜ.

977 1624 1286 1658 Flor.ACRTUV.
1313 1625 1500 1666 Bekkerus,
1521 1624 1638 1658 Astius

976 1670 1012 1704 in
1041 1674 1121 1704 tert.
1152 1675 1187 1703 et
1215 1670 1469 1703 Stallbaumius.
1521 1676 1638 1704 autem

977 1716 1050 1749 Fic.
1086 1716 1197 1756 Quam
1217 1720 1330 1760 aptum
1348 1716 1438 1759 γοῦν
1459 1715 1514 1757 sit,
1528 1716 1634 1749 Stall-

976 1761 1101 1795 baumii
1126 1761 1363 1805 interpretatio
1391 1763 1434 1796 ab
1462 1762 1533 1796 eius
1556 1773 1637 1806 par-

976 1808 1103 1841 ticulae
1127 1819 1189 1841 usu
1213 1819 1426 1853 nequaquam
1449 1808 1639 1842 abhorrens

975 1853 1198 1887 monstrabit:
1250 1854 1355 1887 Recte
1399 1855 1507 1894 dicis5
1548 1859 1640 1888 certe

975 1901 1110 1944 quidegn
1128 1911 1201 1932 rem
1217 1900 1269 1932 ita
1287 1901 1474 1933 considera.
1509 1900 1640 1933 Contra

975 1956 1014 1988 γε
1041 1944 1110 1978 ου’-ν
1134 1945 1341 1989 aptissimum
1364 1951 1428 1979 est.
1477 1946 1639 1979 Socrates

976 1991 1204 2025 assensionem
1228 1991 1415 2024 Glauconis
1438 1991 1553 2036 paullo
1578 2003 1638 2024 cu—

977 2036 1139 2081 pidiorem
1169 2037 1219 2069 ita
1241 2038 1376 2080 probat
1400 2044 1439 2070 ut
1464 2037 1495 2071 ei
1518 2048 1640 2070 neces-

977 2082 1111 2115 sitatem
1129 2082 1272 2126 aliquam
1288 2082 1457 2127 imponat:
1489 2083 1569 2116 Nun
1578 2085 1636 2127 ja,

979 2128 1154 2161 betrachte
1173 2140 1208 2161 es
1227 2140 1294 2161 nur
1311 2141 1360 2161 so.
1410 2129 1571 2171 Ceterum
1593 2130 1636 2162 cf.

955 2175 1052 2208 *V.ol
1079 2174 1106 2206 Ι.
1131 2186 1165 2218 p.
1188 2175 1245 2209 30.
1270 2194 1305 2199 —-
1338 2175 1376 2208 In
1401 2168 1480 2209 Par.
1504 2175 1549 2208 K.
1569 2169 1638 2209 οὖν

976 2225 1070 2275 post
1076 2217 1181 2253 εἶπον
1204 2220 1341 2273 legitur.

1025 2263 1108 2309 ου’χὶ
1133 2286 1179 2290 -
1202 2263 1355 2310 οἷρετῆςς
1391 2266 1449 2310 C.]
1475 2270 1639 2312 excerpta

978 2318 1057 2346 sunt
1091 2312 1125 2345 in
1165 2313 1316 2346 Stobaeo
1350 2313 1498 2347 Gesneri
1537 2324 1637 2346 serm.

978 2359 1057 2392 [ΙΙΙ.
1085 2370 1116 2403 p.
1136 2360 1191 2393 61.

1024 2406 1145 2448 πεῖνα]
1173 2403 1292 2447 πείνη,
1322 2415 1396 2449 sup.
1422 2417 1448 2439 οι
1475 2415 1578 2450 super
1600 2417 1636 2448 η,

978 2451 1058 2484 Par.
1086 2452 1127 2483 A.
1152 2461 1196 2483 πε
1201 2450 1262 2483 [va
1285 2451 1381 2485 Vind.
1403 2451 1444 2484 B.
1495 2451 1638 2484 Lexico-

979 2497 1129 2551 graphus
1161 2496 1312 2529 Bekkeri
1347 2497 1463 2530 anecd.
1499 2509 1531 2541 p.
1556 2496 1636 2538 470,

979 2546 1047 2577 31:
1076 2539 1220 2584 ’'Amea-
1246 2541 1309 2575 καὶ
1336 2541 1398 2575 διὰ
1425 2543 1492 2576 τοῦ
1524 2546 1548 2575 οἳ
1573 2542 1636 2576 καὶ

981 2587 1044 2622 διὰ
1076 2588 1142 2621 τοῦ
1184 2594 1224 2642 ῆ
1244 2585 1388 2644 λε’,ουσι
1428 2585 1471 2622 τὸ
1513 2585 1551 2621 ἐν
1589 2588 1635 2643 τῇ

979 2632 1119 2679 γλώσσῃ
1140 2631 1338 2677 ,ενόμενον
1359 2631 1562 2678 ελκύδριον,
1585 2631 1636 2673 ὦς

979 2681 1082 2723 κίχλα
1121 2680 1221 2723 κίχλη
1262 2679 1326 2713 καὶ
1365 2683 1474 2714 πεῖνα
1515 2679 1637 2723 πείνη.

980 2727 1103 2771 Neque
1154 2725 1352 2759 inusitatum
1398 2727 1461 2760 hoc
1500 2725 1636 2759 Platoni

979 2772 1083 2806 fuisse
1123 2772 1276 2806 codicum
1316 2783 1500 2806 consensus
1546 2771 1633 2805 Phil.
