1764 3176
237 99 266 137 8
662 96 1132 138 PLATONIS

236 205 284 249 ἐκ
312 207 471 260 πέτρας
509 205 586 256 τοὶς
622 206 841 257 πολιτείας
879 209 1133 263 γίγνεσθαι,
1177 205 1273 252 ἀλλ’
1309 198 1405 264 οὐχὶ
1441 207 1489 252 ἐκ
1527 212 1616 252 τῶν

174 274 207 314 Ε
235 270 360 329 ἠθῶν
388 276 478 315 τῶν
507 271 555 315 ἐν
589 277 681 324 ταῖς
710 272 912 326 πόλεσιν,
943 274 970 317 ἃ
999 273 1054 318 ἂν
1085 274 1228 330 ὥσπερ
1260 275 1454 330 ῥέψαντα
1480 270 1616 320 τᾶλλα

236 338 547 396 ἐφελκύσηταις
591 338 807 397 Οὐδαμῶς
837 341 984 398 ἔγωγ’,
1025 343 1130 398 ἔφη,
1170 342 1381 397 ἄλλοθεν,
1409 343 1438 400 ἢ
1468 344 1616 388 ἐντεῦ-

235 412 329 450 θεν.
406 407 584 452 Οὐκοῦν
628 411 664 453 εί
702 409 755 453 τοὶ
793 415 882 453 τῶν
921 410 1094 454 πόλεων
1133 411 1283 463 πέντε,
1322 411 1395 454 καὶ
1444 413 1490 454 αἱ
1529 415 1621 456 τῶν

237 476 425 519 ἰδιωτῶν
453 478 720 520 κατασκευαὶ
748 481 824 533 τῆς
857 482 999 534 ψυχῆς
1028 479 1152 523 πέντε
1184 479 1239 523 ἂν
1269 478 1367 524 εἶεν.
1432 481 1482 522 Τί
1511 479 1620 536 μήν,-

242 541 332 585 Τὸν
360 543 440 598 μὲν
469 543 522 601 δὴ
553 549 606 603 τῇ
637 544 945 603 ἀριστοκρατίᾳ
986 545 1143 601 ὅμοιον
1173 546 1494 603 διεληλύθαμεν
1522 547 1619 605 ἤδη,

147 618 214 654 545
239 607 292 653 ὃν
322 609 495 666 οἷγαθόν
524 630 570 657 τε
608 614 683 657 καὶ
713 615 887 657 δίκαιον
923 613 1071 669 ὀρθῶς
1112 614 1257 670 φαμὲν
1286 613 1410 660 εἶναι.
1467 621 1622 673 Διελη-

236 677 447 733 λύθαμεν.
497 674 597 734 ῗΑρ’
630 675 712 724 οὖν
741 680 790 724 τό
813 681 919 736 μετὰ
946 685 1077 725 τοῦτο
1110 681 1270 725 διιτέον
1299 682 1404 734 τούς
1432 685 1620 739 χείρους,

236 746 314 790 τὸν
344 747 598 803 φιλόνεικόν
626 765 671 793 τε
703 748 777 792 καὶ
806 748 1062 805 φιλότιμον,
1101 749 1213 793 κατὰ
1245 749 1326 807 τὴν
1355 751 1620 809 Λακωνικὴν

237 909 270 943 p.
296 898 733 940 412,9.locumL.1111.
759 899 895 943 Ρ..435

240 944 282 977 Ε.
315 944 490 979 illustrans
516 945 682 990 simulque
715 945 803 978 hunc
839 956 899 978 no-

239 995 346 1023 strum
401 991 589 1046 respiciens
636 991 787 1033 πρῶτον
834 987 900 1045 μὲν

239 1033 330 1079 γὰρ,
364 1036 514 1090 inquit,
539 1034 802 1091 ἐπιδείκνυσιν,
850 1032 901 1080 (ὁ

241 1079 463 1125 Σωκράτης)
499 1078 558 1117 ὅτι
592 1079 661 1117 οὐκ
692 1079 904 1137 οἷλλαχόθεν

241 1127 281 1161 αι
314 1126 597 1184 διαφορότητες
609 1121 723 1162 αὗται
747 1129 823 1162 τῶν
841 1125 905 1161 οἷν-

243 1171 410 1229 θρώπων
434 1174 524 1208 εἰσὶν
541 1200 550 1216 ‚
574 1170 597 1218 ἢ
620 1176 683 1218 (an
708 1173 791 1220 1129)
807 1172 903 1208 κατὰ

239 1217 311 1275 τήν
338 1218 458 1264 ζωὴν,
495 1217 581 1255 οὔτε
614 1219 653 1254 ἐν
695 1221 760 1275 μιᾶ
799 1218 905 1255 πόλει

239 1263 336 1311 μόνῃ
349 1265 609 1321 θεωρούμεναι
626 1278 828 1323 ταγματων
841 1262 905 1300 ἄλ·

241 1314 314 1345 λων
343 1311 405 1346 καὶ
442 1308 561 1346 ἄλλων
597 1308 685 1347 οὔτε
734 1310 773 1346 ἐν
805 1308 906 1352 ὅλοις

243 1356 409 1402 ε’θνεσιν,
444 1355 468 1402 ἢ
513 1355 589 1393 (inb
635 1359 702 1401 τῆς
744 1359 906 1414 ψυχικῆς

242 1403 434 1458 διαφόρου
472 1402 673 1456 ζωῆς.ου
720 1417 804 1459 γαρ
828 1401 904 1439 <ind

243 1448 358 1494 δρυός
387 1460 499 1494 φησιν
531 1447 619 1485 οὐδ’
650 1447 727 1485 ἀπὸ
738 1448 906 1506 πέτρης.

243 1497 360 1530 τοῦτο
403 1495 445 1531 δέ
487 1494 584 1531 ἐστιν
619 1493 689 1530 οὐκ
723 1494 800 1531 ἀπὸ
840 1497 907 1540 τῆς

245 1540 414 1598 ἔσχατης
425 1541 593 1599 φύσεως,
619 1537 666 1586 ἧς
684 1539 714 1598 ἡ
738 1543 830 1598 δρῦς
858 1543 906 1577 εἰ·

244 1601 342 1631 κων,
369 1587 457 1623 ουδὲ
480 1586 556 1623 α’πό
580 1590 647 1623 τοῦ
670 1586 822 1632 ἀψύχου
844 1587 908 1623 καὶ

245 1636 397 1677 στερεοῦ
420 1633 613 1691 στόματος,
645 1633 745 1669 καθὸ
780 1635 905 1678 σῶμα·

244 1681 360 1715 τοῦτο
386 1679 457 1725 γὰρ
486 1679 508 1726 ἡ
531 1679 651 1725 πέτρα
680 1682 797 1725 δηλοῖ.
824 1682 910 1714 Pro-

246 1727 393 1761 babilius
427 1728 627 1762 scholiastes
663 1728 706 1761 ad
731 1728 763 1760 h.
790 1728 908 1761 1.Ηο-

246 1773 333 1806 meri
355 1785 457 1808 versu
483 1774 549 1807 Od.
577 1773 727 1807 XVIIII.
758 1775 834 1809 163.
861 1770 909 1807 ου’

245 1816 318 1863 γὰρ
347 1816 422 1853 απὸ
455 1817 568 1875 δρυός
605 1816 682 1853 ἐσσι
717 1817 909 1872 παλαιφά-

247 1877 316 1898 του
335 1862 427 1899 ov’6'.
449 1863 525 1899 ἀπὸ
549 1862 704 1909 πέτρης,
730 1866 789 1910 qui
808 1866 911 1899 etiam

248 1911 348 1944 Procl
352 1924 371 1944 o
393 1912 596 1945 obversatus
621 1918 697 1953 est,
729 1915 767 1944 ut
790 1923 911 1945 secun-

249 1957 327 1990 dum
361 1969 436 1991 eum
468 1958 621 1991 Platonis
654 1957 759 1991 verba
793 1958 912 1990 immu-

248 2003 394 2045 taverit,
419 2007 676 2037 commemorato
701 2015 833 2037 sensum
859 2003 912 2037 di-

250 2048 374 2083 ctionis
421 2049 649 2094 proverbialis
694 2049 910 2083 declaravit.

251 2094 288 2128 οἱ
320 2107 390 2139 γαρ
425 2095 580 2130 παλαιοὶ
612 2093 649 2129 ἐκ
687 2095 813 2150 δρυῶν
849 2094 912 2129 καὶ

250 2142 399 2184 πετρῶν
427 2140 519 2182 τοὺς
552 2139 626 2186 πρὸ
657 2138 784 2175 αυτῶν
817 2138 911 2196 (οιν-

253 2187 329 2220 τῶν
350 2188 557 2244 Bekkerus)
573 2189 804 2243 γεννηθῆναι
823 2199 912 2222 υπε-

253 2230 467 2278 λαμβανον,
501 2232 564 2268 διὰ
590 2233 632 2269 τὸ
663 2246 730 2273 τας
769 2231 913 2268 τικτού-

255 2289 321 2318 σας
343 2279 394 2319 εἰς
421 2278 565 2335 στελέχη
593 2278 656 2314 καὶ
679 2277 841 2324 σπήλαια
866 2292 913 2313 τοι

254 2323 375 2370 βρέφη
396 2323 603 2360 ἐκτιθέναι·
639 2323 718 2360 ἐπεὶ
753 2339 817 2359 και
845 2324 915 2365 τὰς

253 2371 368 2414 μίξεις
393 2371 489 2405 κατὰ
529 2385 596 2412 τας
628 2370 780 2427 ἐρημίας
815 2383 916 2405 εποι-

255 2417 368 2451 οῦντο
424 2417 460 2451 οἱ
515 2417 632 2452 πάλαι
693 2414 915 2462 ἄνθρωποι,

255 2464 379 2507 δρυῶν
411 2460 434 2507 ἢ
461 2465 608 2508 πετρῶν
629 2464 796 2508 πλησίον.
845 2464 917 2498 Ali-

256 2513 310 2543 ter
358 2511 595 2564 Goettlingius
642 2512 685 2544 ad
733 2509 918 2544 Hesiodum

257 2557 336 2601 p.7.
363 2556 506 2598 statuit,
530 2557 624 2590 cuius
648 2557 794 2601 opinioni
816 2567 918 2600 quum

257 2602 324 2635 alia
348 2603 507 2644 obstant,
531 2606 603 2636 tum
627 2603 778 2636 additum
799 2615 820 2636 a
839 2602 919 2635 Pla-

258 2652 338 2682 tone
367 2645 488 2681 ποθὲν
515 2649 684 2693 refragari
720 2649 866 2683 videtur.

307 2714 412 2761 οὐχὶ]
441 2713 512 2750 ov'n
544 2717 646 2753 vind.
670 2719 709 2753 B.
747 2714 831 2761 ου’χὶ
861 2715 924 2750 καὶ

260 2764 345 2798 Lob.
373 2764 452 2798 Vat.
476 2763 524 2798 M.

1000 900 1077 935 τῶν
1107 897 1167 944 ἐν]
1202 900 1389 934 Articulum
1417 901 1496 934 Par.
1529 901 1568 934 A.
1600 912 1622 935 a

956 958 1000 980 m.
1023 958 1076 992 pr.
1100 950 1135 979 et
1157 946 1274 980 Astius
1303 947 1338 980 in
1366 958 1418 992 pr.
1448 946 1535 990 (hic
1558 958 1622 991 per

958 992 1136 1034 erronem)
1178 992 1360 1035 omittunt,
1409 996 1445 1026 et
1483 995 1624 1037 poterat

960 1038 1069 1072 omitti
1105 1049 1170 1071 non
1199 1038 1328 1080 minus,
1371 1050 1474 1083 quam
1498 1038 1539 1072 L.
1573 1039 1617 1073 V.

961 1096 996 1130 p.
1020 1084 1098 1119 463.
1125 1084 1164 1116 Β.
1184 1083 1219 1116 in
1250 1084 1364 1118 verbis
1390 1084 1465 1118 τῶν
1489 1080 1622 1128 ἀρχόν-

961 1142 1037 1164 των
1058 1126 1097 1163 ἐν
1133 1131 1216 1168 ταῖς
1236 1126 1364 1170 ἄλλαις
1384 1128 1555 1173 πόλεσιν,
1581 1130 1624 1163 ad

962 1188 1062 1221 quem
1087 1176 1196 1209 locum
1223 1177 1350 1210 similes
1382 1176 1545 1221 quasdam
1572 1176 1626 1210 di-

963 1223 1092 1255 ctiones
1117 1221 1294 1274 adscripsi.
1344 1222 1398 1255 Ex
1424 1223 1542 1255 eodem
1565 1234 1627 1266 ge-

962 1280 1044 1302 nere
1087 1271 1140 1300 est
1191 1267 1272 1323 {llud
1325 1268 1359 1301 in
1409 1268 1627 1310 Euthydemo

963 1326 996 1360 Ρ.
1016 1315 1095 1348 277.
1120 1314 1162 1346 D.
1187 1325 1225 1346 εν
1246 1314 1291 1359 τῇ
1313 1314 1438 1358 τελετῇ
1459 1313 1535 1347 τῶν
1551 1315 1625 1347 Κο-

964 1357 1182 1415 ρυβαντων
1185 1363 1220 1392 et
1244 1362 1394 1393 fortasse
1424 1371 1454 1403 p.
1481 1361 1561 1394 274.
1585 1360 1625 1393 Β.

963 1403 1110 1445 δεικνυς
1134 1401 1238 1450 αυτῷ
1266 1403 1358 1445 τοὺς
1378 1403 1538 1448 ἐραστὰς
1556 1405 1626 1439 τοῦ

963 1452 1147 1486 Κλεινίου.
1197 1452 1267 1485 Sed
1295 1452 1394 1485 unius
1430 1451 1558 1485 codicis
1592 1454 1629 1485 et

965 1498 1038 1532 eius
1057 1497 1203 1531 correcti
1224 1497 1410 1532 auctoritas
1431 1497 1474 1532 ad
1491 1497 1626 1531 eiicien-

965 1545 1043 1578 dum
1067 1556 1132 1577 non
1158 1543 1298 1578 sufficit.

1014 1597 1037 1635 ἃ
1068 1597 1137 1646 ἂν]
1165 1599 1233 1635 ἐὰν
1257 1602 1338 1635 Par.
1363 1601 1438 1635 ΒΚ.
1466 1602 1560 1636 Μοη.
1585 1601 1626 1634 Β.
1650 1599 1685 1639 E

965 1648 1060 1681 Flor.
1084 1648 1131 1681 U.
1157 1646 1198 1681 αἳ
1218 1643 1264 1680 ἂν
1284 1648 1380 1681 Stob.
1405 1645 1443 1681 οἵ
1471 1643 1519 1681 ὃὶν
1540 1647 1626 1682 Ven-

967 1695 1008 1728 Β.
1034 1697 1069 1727 et
1093 1694 1198 1735 editi3
1239 1694 1328 1738 quod
1371 1693 1525 1738 quamvis
1559 1693 1628 1726 ele—

967 1743 1103 1784 gantem
1122 1741 1247 1774 habeat
1264 1739 1465 1773 brevitatem
1477 1744 1513 1773 et
1531 1750 1629 1783 egre-

968 1786 1024 1830 gie
1053 1789 1220 1830 congruat
1242 1786 1348 1819 verbo
1382 1783 1533 1829 ῥέπειν,
1572 1796 1630 1818 ce-

969 1833 1050 1865 dere
1069 1836 1182 1865 tamen
1208 1831 1310 1864 debet
1339 1831 1438 1864 alteri
1462 1843 1481 1864 a
1496 1834 1550 1864 tot
1571 1842 1630 1863 co-

969 1878 1102 1911 dicibus
1133 1877 1249 1910 oblato
1278 1877 1480 1922 minimeque
1510 1888 1630 1921 repre-

968 1924 1156 1957 hendendo.
1220 1922 1286 1956 Rei
1312 1923 1468 1967 publicae
1499 1923 1629 1956 formae

969 1981 1027 2003 eos
1052 1969 1209 2002 dicunt-ur
1236 1970 1333 2013 sequi
1358 1980 1488 2010 mores,
1513 1968 1573 2013 qui
1596 1968 1630 2001 in

970 2016 1091 2060 quavis
1138 2015 1275 2048 civitate
1319 2015 1425 2048 veluti
1480 2014 1632 2058 pondere

968 2066 1239 2105 praegravantes
1260 2061 1301 2093 ad
1327 2072 1364 2093 se
1390 2072 1552 2105 suamque
1575 2071 1632 2092 re-

969 2107 1100 2151 gionem
1134 2107 1342 2140 attraxerint
1372 2107 1531 2151 reliquos.
1573 2103 1631 2149 ῥέ-

969 2164 1052 2186 πειν
1093 2153 1212 2185 eadem
1253 2152 1499 2196 significatione
1532 2153 1634 2185 abso-

969 2199 1040 2232 lute
1087 2199 1191 2245 dixit
1229 2199 1423 2232 Herodotus
1471 2198 1512 2232 L.
1554 2197 1632 2232 VH.

971 2257 1000 2278 c.
1025 2247 1110 2281 139:
1144 2256 1252 2278 ουτοι
1282 2242 1352 2301 γὰρ
1382 2241 1441 2278 ἐπι
1473 2240 1633 2286 ὁκότερα

970 2291 1046 2324 τῶν
1066 2288 1289 2334 πρηγμάτων
1309 2302 1528 2334 ετραποντο,
1539 2301 1632 2323 ταν

971 2349 1018 2370 τα
1049 2335 1178 2380 ῥέψειν
1197 2335 1327 2379 εᾘμελλε

1021 2392 1215 2438 ῥέψαντα]
1250 2394 1305 2428 Ita
1328 2394 1407 2427 Par.
1433 2393 1542 2429 ADK.
1565 2404 1634 2427 sec.

973 2440 1083 2474 Bekk.
1119 2440 1205 2475 Lob.
1243 2440 1343 2473 Vind.
1376 2440 1420 2473 F.
1446 2441 1525 2473 Vat.
1554 2439 1634 2472 ΒΜ.

975 2485 1632 2530 Ven.C.Ang.B.F10r.RTU.

975 2533 1073 2566 Stob.
1099 2533 1179 2565 Bas.
1212 2534 1245 2567 b.
1272 2530 1470 2585 ῥήψαντα,
1496 2543 1516 2564 a
1540 2541 1582 2564 m.
1607 2542 1635 2563 s.

978 2577 1156 2622 ριψαντα,
1169 2579 1262 2612 Mon
1290 2580 1329 2611 Β.
1352 2574 1538 2621 ῥεύσαντα
1557 2576 1635 2610 reli-

978 2624 1036 2669 qui
1060 2625 1194 2658 codices
1222 2625 1374 2668 editique
1395 2629 1475 2656 ante
1500 2622 1636 2656 Bekke—

980 2681 1053 2703 rum
1083 2674 1119 2703 et
1155 2670 1316 2703 Ficinus:
1351 2670 1409 2713 qui
1439 2679 1636 2713 quocunque

974 2718 1162 2759 fluxerint,
1195 2722 1311 2750 cetera
1340 2727 1453 2749 secum
1483 2715 1635 2758 rapiunt.

983 2762 1024 2795 Id
1042 2763 1148 2796 totius
1170 2763 1233 2796 loci
1255 2762 1446 2796 sententiae
1466 2771 1637 2806 repugna—
