1764 3176
87 1548 89 1550 '
129 1540 309 1574 videbatur
347 1539 474 1573 debere
516 1538 633 1572 scribi.

467 125 800 169 CIVITAS
845 124 1103 167 LlB.VlI.I.
1134 129 1202 165 568

1433 125 1515 166 103

137 238 282 284 αὐτῶν
320 237 348 294 ἡ
379 237 501 293 τιμή,
541 236 685 293 ὥσπερ
725 236 811 280 ὑπὸ
857 236 1081 291 ἄσθματος
1114 233 1392 279 ἀδυνατοῦσα
1431 249 1511 276 πο-

137 305 361 361 ρεύεσθαι.

421 303 550 349 Πάνυ
590 305 669 361 μὲν
707 299 803 349 οὖν.

859 303 986 348 ’And
1027 300 1102 359 δὴ,
1134 300 1281 355 εἷπον,
1319 301 1513 345 ἐνταῦθα

132 374 214 431 μὲν
241 372 465 430 ἐξέβημεν·
507 374 698 430 λέγωμεν
737 373 784 417 δὲ
819 371 952 416 πάλιν
990 371 1132 414 ἐκεῖνο
1163 370 1213 414 vd
1245 373 1324 414 τοῦ
1352 368 1512 423 τυράν-

132 457 217 485 νου
245 439 565 496 στρατόπεδον,
603 440 652 484 τό
695 439 832 484 καλόν
867 456 912 484 τε
948 438 1022 482 καὶ
1058 438 1173 480 πολὺ
1211 438 1285 480 καὶ
1314 439 1513 481 ποικίλον

131 509 208 553 καὶ
251 507 460 552 οὐδέποτε
503 507 691 561 ταύτόν,
727 508 868 553 πόθεν
907 505 1132 561 θρέψεται.

1203 510 1353 562 Δῆλον
1366 539 1376 557 ,
1415 505 1513 561 ἔφη,

132 577 200 622 ὅτι
237 575 316 620 ἐάν
354 592 398 620 τε
428 575 524 631 ἱεροὶ
552 576 751 633 χρήματα
780 572 810 634 ᾗ
839 577 886 621 ἐν
915 580 969 635 τῇ
999 575 1146 626 πόλει,
1178 577 1314 616 ταῦτα
1345 572 1513 616 ἀναλω-

131 656 210 695 σει,
239 643 343 688 ὅποι
371 644 475 688 ποτὲ
504 642 560 687 ἄν
589 644 656 688 αέὶ
683 645 840 701 ἐξαρκῇ
869 644 923 688 τὰ
950 647 1039 687 τῶν
1069 639 1371 697 ἀποδομένων,
1397 639 1513 683 ἐλάτ-

130 729 235 765 τους
271 711 481 769 εἰσφοροὲς
527 710 782 770 ἀναγκάζων
830 713 907 756 τὸν
954 714 1096 768 δῆμον
1145 708 1375 765 εἰσφέρειν.

1460 710 1512 750 Τί

132 779 202 833 δ’,
242 781 350 826 ὅταν
393 779 447 836 δή
485 783 623 824 ταῦτα
662 781 835 837 ἐπιλίπῃ
848 798 861 831 ,-
903 783 1079 836 Δῆλον,
1109 778 1219 835 ἔφη,
1251 776 1317 821 ὅτι
1346 777 1394 820 ἐκ
1424 780 1514 819 τῶν

130 848 350 906 πατρῴων
396 849 606 904 θρέψεται
642 848 775 901 αὐτός
815 865 859 892 τε
899 849 972 892 καὶ
1013 850 1057 891 οἱ
1102 844 1321 904 συμπόται
1355 861 1398 888 τε
1442 845 1515 887 καὶ

132 1010 184 1044 pr.
218 999 255 1032 id
286 1009 350 1042 pro
379 998 442 1033 καὶ
465 997 560 1033 πολὺ
586 998 649 1033 καὶ
672 998 791 1033 ποικί-

133 1047 197 1079 λον
220 1045 380 1079 exhibere
401 1045 518 1079 tradit.

176 1099 323 1146 πόθεν]
347 1099 469 1137 ποθὲν
501 1102 601 1137 Vind.
626 1103 668 1136 F.
702 1099 793 1137 πότε

130 1149 215 1183 Lob.
240 1149 321 1184 Vat.
345 1148 394 1185 M.

178 1203 382 1259 ἀναλώσει]
413 1206 578 1250 surripiet
603 1210 793 1240 consumet-

130 1264 196 1296 que
227 1251 302 1286 Fic.
355 1253 440 1286 Post
471 1253 536 1285 hoc
572 1251 606 1284 in
631 1251 724 1284 Mon.
750 1251 792 1284 B.

130 1298 225 1332 Flor.
247 1298 292 1332 U.
316 1297 380 1332 καὶ
401 1297 643 1343 interpolatum
668 1301 732 1338 est,
755 1300 794 1329 ut

128 1344 261 1378 scilicet
284 1348 376 1378 esset
399 1356 466 1390 quo
483 1354 522 1378 τε
544 1348 623 1389 post
647 1340 714 1377 ἐὰν
737 1354 793 1376 re-

127 1391 289 1425 ferretur.

176 1442 289 1491 οποι]
329 1441 403 1490 ὅπη
428 1446 527 1489 Vind.
563 1446 607 1481 Ε.
641 1446 714 1480 Ast.
741 1457 792 1491 pr.

129 1505 198 1528 sec.
211 1492 492 1538 quemadmodum
505 1493 681 1537 Stephano
694 1493 728 1525 in
749 1503 791 1526 m.

699 1538 793 1572 Idem

128 1585 248 1620 Astius
270 1586 304 1619 in
327 1589 410 1618 tert.
434 1585 500 1619 sibi
523 1584 660 1630 placere
678 1588 794 1618 osten-

131 1632 193 1665 dit.
227 1631 320 1672 Quid
335 1631 530 1675 Stephanus
548 1630 706 1671 voluerit,
726 1642 793 1663 non

131 1688 314 1732 assequor:
345 1676 434 1710 Astii
463 1676 601 1729 quidem
622 1676 793 1720 interpre-

131 1723 237 1765 tatio,
267 1734 368 1777 quam
398 1722 435 1756 iu
467 1734 536 1756 sec.
560 1722 596 1756 in
620 1722 791 1756 addendis

131 1769 305 1811 exhibuit,
328 1765 402 1812 ὅπη
426 1780 516 1802 ποτε
541 1769 792 1812 quomodocun-

129 1828 216 1863 que,
236 1821 360 1860 prout,
386 1816 416 1848 si
438 1827 507 1860 qua
530 1815 666 1849 ratione
688 1813 792 1858 signi—

130 1863 237 1896 ficare
260 1866 459 1902 autumans,
490 1872 554 1894 nec
576 1872 691 1894 secum
714 1860 793 1916 ipsa

130 1907 299 1943 consentit
320 1918 430 1952 neque
449 1918 523 1940 cum
542 1906 714 1959 particula
733 1902 792 1939 αἐὶ

129 1952 304 1988 conciliari
333 1956 458 1998 potest.
516 1952 626 1986 Recte
649 1951 791 1986 Ficinus

93 2034 102 2035 e
127 2011 311 2046 quousque.

174 2053 280 2101 ποτὲ]
305 2053 395 2090 ποτ’
419 2056 506 2090 Lob.
532 2055 631 2089 Vind.
658 2056 696 2088 B.

174 2112 248 2159 ἀεὶ]
274 2126 340 2148 om.
365 2113 451 2147 Lob.
474 2112 548 2146 Fic.

175 2179 325 2227 ἐξαρκῇ]
350 2179 500 2238 ἐξαρκοῖ
520 2182 609 2216 Lob.
633 2182 726 2215 Mon.
748 2183 789 2215 B.

129 2230 209 2263 Vat.
218 2229 267 2262 M.
291 2229 386 2262 Flor.
402 2229 446 2262 U.
471 2225 616 2271 ἐξαρκεῖ
640 2228 737 2261 Vind.
749 2228 788 2261 F.

175 2283 434 2330 αποδομένων]
446 2282 686 2329 ἀπολομένων
696 2285 790 2319 Μοιι.

128 2333 169 2368 Β.
200 2332 296 2366 Flor.
329 2331 376 2365 U.
421 2331 681 2372 „scribendum
705 2334 788 2387 puto

128 2377 176 2413 τὰ
199 2377 276 2412 τῶν
299 2357 593 2433 ἀποδιδομένων,
613 2377 668 2411 vel
683 2374 730 2410 τὰ
748 2374 787 2410 ἐκ

88 2445 93 2449 «
127 2425 204 2459 τῶν
221 2421 515 2467 ἀποδιδομένων,
533 2429 572 2457 ut
594 2423 787 2467 significen-

127 2475 183 2505 tur
205 2482 248 2504 ea
269 2481 357 2515 quae
381 2481 423 2503 ex
441 2470 688 2504 venditionibus
708 2481 786 2514 pro-

130 2516 280 2551 veniunt.
283 2519 306 2535 ‘⁶
339 2516 459 2561 Steph.
483 2516 516 2549 in
537 2527 580 2549 m.
606 2512 785 2550 αποδιδο-

128 2560 250 2607 μένων
273 2562 389 2595 Astius
411 2562 447 2594 in
470 2573 522 2618 pr.
545 2567 582 2595 et
605 2573 674 2595 sec.
688 2573 787 2595 rece-

128 2608 203 2655 pit,
229 2608 262 2641 in
289 2610 369 2641 tert.
398 2605 446 2641 τὰ
479 2605 517 2642 ἐκ
549 2608 626 2642 τῶν
649 2604 785 2642 οέποδι-

125 2652 295 2710 δομένων
312 2653 524 2688 scribendum
541 2656 653 2699 putat.
677 2653 786 2694 Quid-

127 2701 162 2735 ni
186 2697 278 2740 τοὺς
303 2697 561 2743 ἄποδομένους
587 2700 784 2733 sacerdotes

127 2752 164 2781 et
192 2758 365 2781 sacrorum
406 2746 574 2780 antistites
612 2746 783 2789 intelliga-

127 2804 220 2836 mus,
250 2804 336 2839 quos
367 2796 532 2836 tyrannus
566 2803 665 2826 sacra
698 2803 780 2826 ven—

851 999 934 1032 dere
956 1009 1098 1042 eamque
1123 996 1300 1042 pecuniam
1324 994 1368 1028 ad
1393 1005 1430 1028 se
1453 993 1512 1027 de-

851 1046 943 1078 ferre
973 1045 1100 1099 cogat?

899 1086 1089 1133 εἰσφορὰς]
1109 1088 1290 1132 εἰσφορᾶς
1309 1086 1418 1132 Lugd.
1436 1086 1513 1130 Bip.

851 1137 1166 1225 Αδιῑίνὲζικοὶζων]’
1143 1176 1352 1223 αναγκαζον
1362 1178 1459 1211 Flor.
1469 1178 1512 1211 Τ.

896 1235 1059 1282 ἐπιλίπῃ]
1080 1234 1261 1280 ε’πιλείπηι
1273 1237 1350 1269 Par.
1368 1236 1405 1268 A.
1429 1236 1512 1268 Ven.

853 1283 894 1317 C.
925 1283 1016 1327 (Pal.
1037 1284 1098 1328 A.)
1141 1284 1181 1316 In
1206 1283 1287 1316 Par.
1310 1282 1355 1315 K.
1379 1281 1434 1315 λεί
1457 1293 1515 1314 su-

851 1341 914 1374 per
939 1329 973 1363 λί
996 1329 1162 1374 scriptum
1181 1333 1243 1362 est.
1277 1328 1434 1362 Aolistus
1450 1338 1515 1360 non

851 1375 961 1409 minus
986 1376 1198 1409 necessarius
1221 1374 1286 1416 hic,
1306 1385 1407 1430 quam
1432 1373 1472 1408 L.
1486 1373 1513 1405 Ι.

851 1433 886 1466 p
907 1422 986 1456 340.
1010 1422 1053 1456 E.
1085 1422 1118 1454 in
1151 1421 1298 1454 dictione
1323 1415 1513 1454 ἐπιλιπου-

851 1478 916 1511 σης
947 1480 1017 1523 γαρ
1049 1464 1248 1522 ἐπιστήμης
1283 1463 1303 1500 ὁ
1349 1477 1514 1508 αμαρτα-

850 1525 926 1547 νων
945 1510 1161 1570 ἁμαρτάνει.
1184 1513 1242 1546 ubi
1260 1512 1514 1552 Stallbaumius,

849 1560 908 1605 qui
944 1557 1204 1603 επιλειπούσης
1234 1558 1365 1598 tenuit,
1389 1558 1513 1591 Demo—

849 1606 1001 1640 sthenem
1037 1606 1145 1639 citans
1177 1603 1262 1647 περὶ
1299 1614 1452 1647 συμμορ.
1480 1614 1512 1645 ρ.

851 1653 928 1686 186.
954 1652 1008 1704 (p.
1021 1653 1098 1687 167.
1119 1654 1206 1684 extr.
1230 1650 1340 1683 Bekk
1359 1648 1422 1683 καὶ
1441 1647 1512 1692 γὰρ

848 1695 917 1736 τὰς
940 1695 1079 1752 κρήνας
1102 1696 1166 1730 καὶ
1189 1694 1236 1730 τὰ
1258 1694 1406 1752 φρέατα
1437 1693 1512 1729 ἐπι-

849 1743 986 1777 λείπειν
1018 1740 1206 1799 πέφυκεν,
1250 1754 1317 1776 εαν
1351 1754 1407 1781 τις
1439 1738 1513 1774 ἀπ’

849 1786 979 1822 αὐτῶν
1014 1786 1143 1833 αθρόα
1177 1787 1240 1822 καὶ
1272 1786 1390 1821 non&
1425 1789 1512 1830 λαμ-

851 1832 979 1887 βάνῃ.)
1005 1846 1069 1868 non
1105 1835 1160 1876 id,
1183 1834 1273 1877 quod
1300 1833 1427 1875 voluit,
1461 1834 1512 1867 ef-

849 1881 945 1915 fecit.
991 1880 1108 1915 Etiam
1131 1880 1172 1914 L.
1193 1880 1238 1914 X.
1262 1891 1297 1925 p.
1318 1882 1397 1915 601.
1416 1860 1458 1913 ’B.
1478 1879 1511 1912 in

849 1927 964 1961 verbis
998 1925 1093 1960 ἔοικε
1126 1929 1206 1965 τοῖς
1252 1926 1328 1959 τῶν
1361 1922 1512 1981 ωραίων

849 1970 1085 2015 προσώποις,
1117 1973 1241 2006 καλῶν
1275 1970 1315 2005 δὲ
1349 1969 1424 2027 μή,
1447 1969 1511 2005 οἷα

848 2019 898 2074 γίι,
898 2031 1009 2052 νεται
1044 2019 1159 2061 ἰδεῖν,
1206 2014 1298 2052 ὅταν
1332 2014 1430 2052 αυτ-ὰ
1464 2015 1508 2052 τὸ

850 2062 972 2105 ἄνθος
1003 2065 1183 2110 προλίπῃ,
1216 2076 1318 2109 quum
1347 2075 1510 2108 praesens

848 2112 932 2145 ferri
974 2116 1111 2156 posset,
1154 2117 1268 2144 tamen
1305 2109 1510 2151 accuratius,

847 2169 947 2202 quam
978 2157 1205 2201 negligentius
1236 2156 1330 2201 loqui
1361 2155 1508 2201 scripto—

846 2215 917 2237 rem
934 2203 1092 2236 maluisse
1109 2203 1242 2237 codices
1265 2203 1508 2235 demonstrant.

846 2249 921 2283 Hoc
945 2261 1027 2283 vero
1051 2249 1125 2282 loco
1150 2249 1193 2282 ad
1222 2248 1358 2281 errandi
1381 2248 1530 2293 procli-.

845 2296 987 2330 vitatem
1010 2295 1092 2329 illud
1118 2294 1270 2335 accedit,
1294 2294 1384 2339 quod
1413 2293 1505 2327 codi-

846 2354 903 2375 ces
935 2342 1000 2374 duo
1033 2340 1151 2386 optimi
1185 2341 1227 2374 ab
1262 2340 1401 2373 asseclis
1437 2338 1506 2373 suis

842 2392 974 2422 tantum
998 2399 1064 2420 non
1086 2387 1239 2421 omnibus
1263 2386 1391 2420 deserti
1416 2388 1503 2420 sunt.

889 2441 1086 2490 πατρῴων]
1113 2440 1250 2487 πριόων
1283 2442 1384 2477 Vind.
1413 2443 1456 2478 F.

888 2493 940 2536 τε]
967 2503 1031 2524 om.
1056 2489 1154 2523 Vind.
1178 2489 1252 2523 ΒΕ.
1277 2490 1355 2525 vat.
1380 2490 1425 2524 H.

887 2545 1096 2592 συμπόται]
1140 2556 1323 2590 συμποται
1360 2559 1435 2581 cum
1469 2548 1503 2580 λῑ

842 2606 945 2640 super
988 2605 1038 2627 πο
1081 2593 1162 2628 Par.
1201 2593 1241 2626 A.
1281 2595 1503 2636 συμπολῖται

1548 1226 1579 1266 Ε

843 2641 943 2674 Vind.
969 2639 1046 2673 ΒΕ.
1082 2640 1167 2675 Ven.
1191 2640 1233 2675 Β.
1262 2639 1360 2673 Flor.
1397 2639 1499 2673 ACV.
1544 2650 1551 2657 ·

841 2688 903 2731 (—
915 2686 1010 2721 λίται
1033 2685 1067 2719 hi
1091 2685 1178 2729 tres)
1203 2686 1360 2730 collegae
1383 2686 1414 2719 F
1416 2685 1456 2719 ic.

885 2746 947 2789 τε]
990 2755 1054 2777 om.
1088 2743 1175 2777 Lob.
1211 2742 1311 2778 Vind.
1343 2742 1384 2776 F.
1423 2742 1501 2777 Vat.

838 2791 917 2826 ΒΜ.
942 2791 1028 2835 Ang.
1053 2789 1092 2823 B.
1116 2789 1210 2824 Flor.
1235 2788 1372 2823 ACRV.
