1764 3176
586 181 1070 226 EDITORIS.
1326 198 1550 227 Lxxxxvn

154 303 259 345 bavit
279 303 384 343 hanc
407 303 778 356 interpretationem
803 301 1198 344 Schleiermacherus
1212 331 1223 351 ‚
1260 303 1334 343 sed
1357 317 1438 356 qua
1458 306 1551 358 ipse

151 407 249 436 usus
280 396 364 443 est,
412 393 549 447 (Und
573 394 650 434 das
683 394 975 434 Sohattenbild
1010 394 1085 434 der
1112 395 1409 447 tyranm'schen
1442 396 1550 437 Luat

151 489 267 529 wc'ire
293 487 380 526 also
411 485 479 526 die
508 486 689 535 FlEclze,
735 485 804 526 die
825 499 876 525 zu
891 487 1020 538 jener
1042 486 1153 525 Zalzl
1169 487 1231 525 als
1251 486 1363 526 ihrer
1393 487 1551 527 qurzel

150 574 319 633 gehb‘rt)
355 591 501 618 nexum
531 578 634 617 haec
668 578 773 616 inter
804 583 846 617 et
880 577 1158 617 antecedentia
1187 577 1433 618 obtinentem
1465 591 1549 619 non

151 674 216 711 est
255 674 477 711 assecutus.
514 676 528 696 θ
565 668 790 709 Dicendum
831 672 941 709 erat:
1005 669 1165 709 Fld'clze
1196 670 1283 708 also
1320 671 1434 710 wd're
1471 669 1549 710 das

148 760 442 802 Schattenbild
478 760 553 801 der
590 760 888 814 tyranni-seben
915 760 1022 800 Dust
1053 760 1160 799 nack
1195 758 1445 814 BIaassgabe
1471 761 1547 801 der

147 852 436 906 Lc'ingenzahl.
505 852 608 892 Nam
633 853 732 893 illud
750 865 844 892 vere
868 825 1049 900 monuim-
1085 847 1301 892 ἐπίπεδον
1322 852 1364 891 h.
1397 852 1422 892 l.
1447 866 1544 904 qua-

149 946 305 986 dratum
330 945 584 997 cogitandum
611 959 716 993 esse,
747 958 869 996 quum
889 949 1006 984 antea
1038 945 1089 984 de
1107 944 1371 997 longitudine,
1407 945 1544 997 paullo

149 1041 248 1090 post
283 1038 335 1077 de
366 1038 485 1076 tertio
520 1041 638 1076 auctu
659 1050 793 1076 sermo
823 1037 886 1078 sit.
959 1037 1148 1076 Socrates
1172 1049 1291 1085 vero,
1329 1038 1421 1088 quia
1443 1051 1545 1089 qua-

150 1129 263 1168 drato
294 1142 377 1168 non
409 1141 554 1168 usurus
584 1133 670 1168 erat
695 1129 745 1168 ad
767 1128 1032 1168 differentiam
1052 1128 1327 1175 indicandam,
1364 1141 1440 1167 nec
1458 1142 1544 1168 ma-

148 1221 396 1274 gnitudinem
431 1210 516 1260 eius
544 1223 722 1260 enuntiat
768 1234 845 1260 nec
875 1221 1009 1272 ipsum
1043 1220 1276 1260 faciendum
1306 1232 1401 1258 esse
1436 1220 1545 1266 dicit,

150 1313 225 1353 sed
259 1313 371 1352 brevi
397 1314 587 1366 rationis,
635 1327 713 1365 qua
737 1316 777 1352 et
798 1312 864 1352 illa
884 1313 1050 1351 inveniri
1075 1316 1114 1351 et
1133 1313 1266 1364 ipsum
1285 1311 1377 1350 fieri
1401 1313 1547 1363 possit,

149 1406 439 1469 siguifipatione
454 1409 664 1445 contentus
683 1406 765 1445 hoc
789 1406 901 1457 quasi
914 1404 1124 1445 corollario
1142 1405 1294 1443 inserto
1312 1405 1444 1443 statim
1463 1408 1546 1444 ter-

146 1499 246 1537 tium
264 1498 428 1550 gradum
446 1499 639 1549 proponit
662 1499 828 1549 eiusque
847 1510 1054 1537 numerum
1075 1498 1150 1536 iam
1166 1497 1429 1548 perspicuum
1453 1510 1548 1537 esse

147 1590 245 1630 dicit
270 1590 402 1630 verbis
432 1578 547 1628 κατὰ
576 1583 625 1629 ὁὲ
648 1579 848 1643 δύναμιν
866 1584 943 1629 καὶ
967 1584 1122 1644 τρίτην
1148 1578 1297 1644 αὔξην
1323 1585 1467 1644 δῆλον
1488 1580 1546 1645 δὴ

147 1672 404 1723 ἀπόστασιν
422 1670 539 1736 ὅσην
568 1669 838 1737 ἀφεστηκώς
882 1677 1100 1736 γίγνεται,
1146 1681 1187 1718 in
1229 1680 1369 1731 quibus
1391 1676 1549 1735 τρίτην

149 1764 296 1829 αὔξην
327 1786 402 1825 per
436 1773 681 1823 epexegesin
705 1773 754 1811 ad
787 1762 987 1826 δύναμιν
1019 1771 1195 1811 additum
1228 1775 1303 1811 est.
1385 1771 1548 1811 Scilicet

147 1865 380 1917 quadratum
395 1876 556 1916 quoque
577 1853 691 1903 κατὰ
709 1854 907 1918 δύναμιν
918 1865 1095 1912 exsistit3
1121 1865 1233 1903 cuius
1245 1863 1396 1902 mentio
1419 1864 1547 1902 sinon

149 1957 280 1996 obiter
298 1960 450 1995 tantum
471 1956 578 1994 facta
605 1960 727 2004 esset,
752 1957 842 1995 fieri
862 1958 919 1996 sic
942 1960 1114 2009 poterat,
1147 1959 1190 1994 ut
1210 1944 1324 1995 κατὰ
1346 1944 1546 2008 δύναμιν

146 2043 223 2089 καὶ
260 2043 481 2103 δευτέραν
513 2038 661 2104 αὔξην
693 2049 787 2087 oriri
816 2061 864 2088 ex
900 2048 1157 2100 longitudinis
1190 2059 1356 2086 numero
1388 2047 1544 2086 dicere-

145 2143 222 2180 tur.
258 2139 374 2179 Nunc
398 2140 511 2191 quasi
531 2140 623 2179 cubi
642 2140 801 2179 demum
822 2141 863 2179 in
889 2140 1126 2187 effectione,
1163 2140 1315 2191 quippe
1337 2151 1545 2178 numerum

146 2231 279 2279 illum,
310 2244 429 2283 quem
452 2231 642 2272 Socrates
667 2232 898 2285 spectabat,
934 2232 1190 2284 praebentiS‚
1227 2232 1448 2282 potentiam
1474 2244 1542 2269 sun

147 2336 211 2362 am
227 2323 436 2374 longitudo
461 2329 642 2373 exserat,
689 2325 784 2364 hine
808 2338 978 2364 nascens
1005 2324 1231 2364 differentia
1261 2312 1377 2362 κατὰ
1403 2312 1544 2363 δύνα-

147 2426 226 2468 μιν
261 2409 338 2455 καὶ
373 2412 534 2473 τρίτην.
565 2408 713 2473 αὔξην
749 2419 860 2456 nasci
895 2418 1049 2457 dicitur.
1149 2414 1544 2454 Schleiermacherus

147 2506 293 2546 iterum
325 2511 480 2560 partem
509 2511 594 2548 veri
613 2510 710 2549 vidit
738 2512 779 2548 et
808 2510 928 2548 verba
963 2504 1039 2549 καὶ
1079 2504 1236 2564 τρίτην
1269 2498 1416 2563 αὔξην
1444 2520 1543 2559 epe-

147 2593 316 2651 xegesin
353 2592 492 2640 facere
538 2603 689 2650 sensit,
754 2602 827 2649 sed
871 2592 1072 2655 δύναμιν
1124 2600 1307 2639 radicem
1343 2601 1543 2651 interpre-

147 2694 252 2732 tatur
293 2704 343 2731 ex
367 2706 494 2744 eaque
527 2698 567 2733 et
598 2696 716 2741 tertio
758 2698 899 2743 auctu,
966 2695 1008 2732 h.
1051 2707 1086 2732 e.
1125 2693 1159 2731 si
1188 2690 1357 2733 tertium}
1396 2672 1542 2742 augea-

147 2788 214 2824 tur
255 2784 389 2832 radix,
462 2784 729 2825 differentiam
773 2788 1041 2840 apparituram
1084 2785 1162 2824 dici
1200 2771 1333 2836 putat-7
1396 2786 1440 2821 et«
1477 2786 1540 2821 ta-¹

147 2892 240 2919 men
280 2880 372 2929 ipse
418 2876 569 2916 fatetur
620 2889 702 2918 non
747 2879 963 2931 quamlibet
993 2877 1218 2924 radicem‚‘
1262 2875 1344 2916 ‘sed
1384 2875 1542 2914 irratio·-

219 2971 429 3011 PLA'roms
461 2969 533 3008 ΟΡ.
566 2969 580 3008 l
584 2969 629 3010 H.
1212 2958 1249 3000 G
