1764 3176
495 191 832 253 CIVITAS
876 206 1171 250 LIB.X.601

1429 206 1513 246 217

133 323 254 377 τεὺς,
296 319 399 366 ἀλλ’
436 320 621 372 ἐκεῖνος,
662 319 795 373 ὅσπερ
837 317 1011 369 τούτοις
1048 317 1270 361 ἐπίσταται
1310 319 1513 373 χρῆσθαι,

134 392 269 451 μόνος
299 390 322 434 ὁ
354 389 555 440 ἱππικός,
580 386 879 444 Ἀληθέστατα.

922 382 1016 439 Ἆρ’
1050 380 1131 429 οὖν
1162 385 1216 428 ού
1245 387 1343 440 περὶ
1371 383 1514 428 πάντα

132 460 252 516 ἱοὕτω
285 456 484 514 φήσομεν
514 457 625 512 ἔχειν
636 474 648 507 3
690 459 794 506 Πῶς
805 473 816 506 3
857 455 965 509 Περὶ
995 453 1178 496 ἕκαστον
1207 453 1367 504 ταύτας
1394 452 1515 504 τινὰς
1537 453 1576 493 D

134 531 249 582 τρεῖς
287 525 436 582 τέχνας
480 523 614 575 εἶναι,
654 522 948 580 χρησομένην,
995 518 1293 576 ποιήσουσαν,
1334 533 1518 578 μιμησο-

345 594 450 638 Ναί.

133 594 269 652 μένην
283 611 295 645 3

513 590 695 636 Ου’κοῦν
737 589 866 647 ἀρετὴ
906 589 979 633 καὶ
1018 588 1177 639 κάλλος
1214 590 1286 632 καὶ
1327 587 1519 645 ὀρθότης

108 662 320 707 Αὲκοὲστου
351 659 536 712 σκεύους
574 660 648 704 καὶ
691 659 804 713 ζώου
844 660 918 703 καὶ
947 657 1143 711 πράξεως
1183 655 1235 700 οὐ
1268 656 1379 711 πρὸς
1412 656 1517 700 ἄλλο

132 748 197 783 τι,
237 730 264 787 ἢ
294 729 375 785 τὴν
412 730 561 784 χρείαν
591 727 701 779 ἐστὶ,
742 726 851 782 πρὸς
883 726 938 783 ἣν
969 726 1023 769 ἂν
1055 725 1240 769 ἕκαστον
1274 720 1303 782 ᾗ
1335 740 1517 780 πεποιη-

133 799 270 856 μένον
299 797 327 854 ἢ
356 795 582 853 πεφυκός,·
627 794 765 839 Οὕτω.
811 794 958 849 Πολλὴ
992 792 1078 850 ἄρα
1111 793 1277 850 ἀνάγκη
1307 792 1386 836 τὸν
1409 791 1518 848 χρώ-

134 883 269 923 μενον
300 865 464 922 ἑκάστῳ
496 863 812 920 ἐμπειρότατόν
841 879 886 906 τε
917 860 1029 906 εἶναι
1058 863 1131 906 καὶ
1165 860 1348 918 ἄγγελον
1378 863 1519 916 γίγνε-

135 940 242 979 σθαι
270 938 331 991 τῷ
359 937 534 991 ποιητῇ,
557 930 629 976 οἷα
659 931 807 988 ἀγαθοὶ
837 930 866 988 ἢ
893 931 1006 974 κακὰ
1035 935 1153 973 ποιεῖ
1180 929 1228 972 ἐν
1248 933 1302 987 τῇ
1330 930 1450 986 χρείᾳ
1482 922 1519 985 ᾧ

133 1006 297 1060 χρῆταμ

132 1139 334 1184 Bernhardy
358 1135 448 1183 sy‘nt.
471 1151 506 1185 p.
528 1138 632 1182 442,
657 1138 698 1172 ad
724 1138 798 1172 exi-

133 1186 298 1230 guitatem
331 1186 480 1227 numeni,
514 1186 572 1231 qui
605 1197 717 1218 retum
741 1196 798 1218 ra-

133 1232 228 1266 tione
261 1231 377 1265 habita
400 1232 534 1264 minime
565 1232 706 1275 exiguus
733 1234 798 1272 est,

132 1278 193 1312 sed
228 1278 271 1311 ad
316 1273 480 1323 reliquam
514 1278 632 1310 harum
674 1277 797 1310 artium

133 1323 360 1358 conditionem
384 1323 570 1365 retulerim,
597 1334 686 1367 quae
712 1335 798 1367 qua-

131 1369 182 1403 les
204 1370 272 1404 sint
296 1369 484 1414 quibusque
513 1369 665 1412 singulae
691 1368 796 1401 nomi-

131 1416 232 1449 nibus
249 1415 485 1459 appellandae,
504 1415 666 1448 Socrates
685 1415 795 1448 incer-

131 1464 203 1495 tum
230 1461 412 1506 relinquat.
460 1461 627 1494 Similiter
651 1461 797 1494 Pliaedr.

131 1518 166 1552 p.
187 1509 266 1542 265.
292 1507 343 1540 D.
377 1504 523 1540 τούτων
558 1504 599 1540 δέ
622 1518 734 1540 τινων
759 1503 797 1539 ἐκ

131 1551 247 1596 τύχης
278 1549 489 1596 ῥηθέντων
516 1553 624 1586 δυοῖν
668 1552 796 1586 εἰδοῖν.

133 1599 224 1632 Alibi
247 1610 328 1632 vero
353 1610 510 1632 numerus
534 1598 609 1642 ipse
634 1598 704 1631 sive
728 1610 798 1631 ma-

133 1656 219 1688 gnus
244 1644 316 1678 sive
338 1656 463 1690 parvus
487 1644 603 1678 addito
629 1644 800 1688 pionomi-

133 1702 177 1724 ne
201 1690 370 1732 afficitur,
390 1691 440 1724 ita
463 1694 502 1724 ut
526 1691 662 1723 circiter
685 1693 799 1723 tantus

135 1748 211 1770 esse
236 1736 440 1771 declaretur.
473 1737 534 1769 Sic
559 1736 641 1791 Lag.
664 1736 702 1768 Ι..
716 1736 798 1768 ΙΙΙῘ.

132 1781 180 1816 in.
206 1780 359 1825 σχεδὸν,
385 1782 412 1815 ω’
441 1779 539 1837 ξένε,
569 1778 695 1836 α’πέχει
726 1782 798 1814 θα-

135 1825 272 1871 λάττης
294 1839 333 1871 γε
358 1824 380 1871 ἡ
406 1808 539 1870 πόλις,
569 1821 613 1871 ἧς
642 1825 727 1871 πέρι
751 1825 797 1860 τὰ

134 1874 206 1908 νῦν
230 1872 275 1928 δὴ
302 1871 481 1917 λεχθέντα
500 1872 599 1917 ἡμῖν,
621 1873 674 1913 εἴς
694 1884 798 1912 τινας

135 1916 366 1974 ὀγδοήκοντα
391 1920 578 1958 σταδίους.

164 1963 427 2021 ποιήσουσαν,
435 1962 701 2010 μιμησομένην]
715 1975 795 1997 ποι-

133 2012 251 2046 οῦσαν
269 2010 498 2056 μιμουμένην
522 2012 655 2045 Pa1.1<.
681 2012 797 2054 (uteu-

132 2064 201 2093 tem
205 2059 233 2101 ,)
247 2059 437 2099 facientem
455 2065 488 2092 et
510 2059 702 2091 imitantem
722 2057 794 2090 Pie.

132 2104 319 2138 ποιοῦσαν
359 2104 459 2137 etiam
495 2105 636 2137 Proclus
672 2102 797 2142 lenisse

133 2152 190 2184 vel
223 2149 441 2194 requisivisse
475 2150 632 2191 videtur,
674 2149 732 2193 qui
764 2149 797 2181 in

134 2195 209 2230 civ.
236 2208 271 2250 p&
294 2196 383 2237 406,
414 2199 448 2231 9.
481 2197 566 2229 haec
598 2196 648 2230 ita
671 2196 796 2228 refert.

137 2238 223 2275 ἀλλ’
249 2237 271 2275 ὅ
297 2253 340 2296 γε
363 2239 534 2298 μιμητὴς,
558 2240 682 2297 φησὶν,
710 2236 798 2274 οὔτε

135 2284 252 2342 δόξαν
285 2285 409 2340 ὀρθὴν
436 2286 506 2334 ε’χει
525 2286 612 2342 περὶ
637 2285 797 2329 ἐκείνων,

137 2329 162 2367 ὁὶ
174 2335 354 2388 μιμεῖται,
376 2329 497 2376 ω’σπερ
515 2329 534 2367 ὁ
555 2330 797 2387 δημιουργός·

137 2376 182 2413 ου’
216 2391 286 2435 γαρ
312 2377 458 2413 σύνεστι
481 2379 534 2425 τῷ
566 2376 797 2435 χρησομένῳ·

137 2420 227 2459 οὔτε
241 2423 475 2480 ἐπιστήμην·
503 2413 550 2459 ου7
568 2422 653 2470 γάρ
665 2420 794 2458 ε’στινὸ

135 2469 370 2514 χρησόμενος.
394 2473 491 2513 τρεῖς
509 2483 582 2514 γαρ
603 2482 717 2504 αυται
741 2482 797 2503 τε-

135 2528 221 2572 χναι
244 2517 476 2551 νοείσθωσαν
486 2516 583 2572 περὶ
608 2515 676 2551 τὸν
699 2518 799 2571 χαλι-

136 2559 223 2605 νὸν,
257 2562 292 2596 εἰ
316 2560 441 2618 τύχοι,
472 2559 495 2607 ἡ
524 2560 750 2618 χρησομένη,
773 2558 796 2605 ἡ

136 2609 318 2663 ποιοῦσα,
349 2621 371 2664 η
402 2607 639 2665 μιμησομένη.
684 2609 798 2663 δῆλον

138 2654 229 2696 οὐν,
263 2667 314 2694 ως
347 2667 370 2699 η
405 2666 470 2698 μεν
503 2652 704 2698 ἐπιστήμην
716 2652 801 2709 ε’χει

85 2723 93 2727 ‚
137 2701 206 2755 τῆς
234 2701 304 2734 τοῦ
339 2701 505 2756 χαλινοῦ
523 2701 666 2757 χρείας,
702 2697 724 2743 ἡ
759 2698 799 2734 δὲ

139 2744 256 2788 δόξαν
286 2743 410 2790 ὀρθὴν
434 2743 505 2780 υπ’
532 2744 686 2802 εκείνης
694 2746 800 2780 διδα-

138 2790 307 2848 σκομένη,
324 2795 437 2826 ποῖον
461 2789 556 2826 εἶναι
580 2793 637 2826 δεῖ
650 2790 717 2826 τὸν
736 2804 799 2835 χα-

138 2837 266 2893 λινὸν,
300 2835 337 2893 ἡ
357 2836 396 2872 δὲ
430 2835 609 2893 οὐδέτερα
643 2836 798 2872 τούτων.

139 2882 273 2929 γράφει
292 2881 362 2929 γοὶρ
388 2880 407 2919 ὁ
427 2882 622 2929 ζωγραφος
645 2882 713 2920 τὸν
736 2896 799 2928 χα-

357 998 455 1045 οἶον
497 999 686 1058 αὐλητής
731 1016 820 1043 που
868 998 1093 1058 αὐλοποιῷ
1134 999 1370 1055 ἐξαγγέλλει
1418 997 1518 1054 περὶ

856 1135 960 1172 λινόν
986 1133 1073 1172 οὕτε
1093 1134 1235 1176 ἱππέως
1263 1131 1349 1171 οὔτε
1373 1136 1518 1179 χαλινο-

854 1184 968 1217 ποιοῦ
995 1181 1196 1227 παρόντος.
1245 1183 1315 1216 Sed
1337 1183 1426 1216 nulla
1447 1193 1520 1215 mu-

854 1231 983 1263 titione
1009 1241 1114 1275 opus:
1148 1241 1262 1263 omnes
1290 1232 1361 1262 tres
1386 1228 1520 1272 pariter

853 1276 950 1330 quasi
976 1276 1119 1309 nondum
1144 1280 1245 1308 natae
1269 1275 1471 1318 cogitantur.

900 1319 1053 1365 κάλλος]
1082 1322 1123 1354 111
1149 1322 1240 1355 Mon.
1268 1321 1307 1356 B.
1334 1321 1475 1353 alterum
1500 1320 1520 1352 λ

853 1367 915 1401 int.
940 1379 1027 1401 vei-,s
1054 1379 1074 1400 a
1098 1379 1140 1400 m.
1167 1378 1194 1400 5.
1221 1366 1385 1401 additum.
1537 1384 1539 1392 ν

905 1411 1077 1457 εκαστου]
1105 1411 1259 1447 ἕκαστον
1285 1412 1386 1446 Vind.
1412 1412 1456 1445 Ε.

904 1458 1055 1498 σκεύους
1087 1458 1149 1492 καὶ
1184 1457 1302 1502 ζώου]
1340 1459 1366 1499 ζ.
1399 1470 1432 1492 κ.
1466 1467 1519 1491 (m.

855 1505 951 1539 Flor.
978 1506 1021 1539 T.
1048 1525 1092 1530 —
1115 1502 1210 1550 ζῴου
1236 1505 1310 1538 Ald
1335 1505 1415 1538 Bas.
1442 1505 1496 1538 ab.

903 1549 993 1595 ἐστὶ]
1020 1549 1095 1585 ε’στι
1121 1552 1220 1586 Vind.
1245 1551 1285 1584 1«.

903 1596 1000 1640 πρὸς
1017 1593 1080 1641 ἣν]
1103 1595 1273 1640 πρὸςοπι.
1287 1597 1366 1630 Par.
1379 1597 1418 1630 A.
1432 1608 1521 1641 quae

858 1643 986 1687 ellipsis
1020 1656 1085 1677 non
1110 1644 1244 1677 videtur
1277 1643 1359 1676 serii
1383 1648 1442 1675 aut
1465 1654 1522 1675 se-

859 1691 1000 1722 cundum
1031 1702 1093 1730 ea,
1118 1702 1205 1733 quae
1232 1689 1306 1721 Vol.
1330 1689 1357 1721 Ι.
1383 1700 1416 1733 p.
1439 1688 1521 1729 365,

857 1747 889 1768 a.
914 1736 946 1768 b.
971 1738 1006 1767 et
1030 1737 1105 1770 Vol.
1125 1735 1170 1767 ΙΙ.
1197 1747 1230 1779 p.
1253 1734 1330 1775 145,
1345 1735 1377 1768 b.
1403 1736 1523 1768 obser-

855 1786 935 1815 vata
960 1786 1050 1822 sunt,
1077 1781 1211 1814 defendi
1237 1792 1349 1825 posse.

906 1823 1044 1871 Οὕτω]
1076 1823 1218 1866 Οὕτως.
1244 1827 1433 1860 Bekkerus.

904 1873 1050 1917 Πολλὴ]
1093 1885 1130 1907 π.

854 1920 965 1954 Beklc.

900 1965 1103 2009 γίγνεσθαι]
1129 1964 1197 2008 γίν.
1224 1965 1317 1999 Μοη.
1343 1965 1384 1998 C.

900 2011 986 2054 που]
1015 2011 1090 2044 ποῦ
1116 2012 1215 2045 Vind.
1242 2011 1283 2045 F.

886 2055 1124 2101 ,εξαγγέλλει]
1159 2055 1339 2136 ε’Βξαγγέλει
1371 2057 1452 2090 Ven.
1477 2058 1518 2090 Β.

854 2103 947 2137 Mon.
975 2105 1014 2136 (J.
1050 2104 1190 2147 Ang.ss
1195 2130 1202 2136 .
1237 2100 1406 2146 εξαγγέλη
1441 2105 1519 2138 Vat.

855 2150 896 2183 B.
923 2148 1106 2193 ἐξαγγελεῖ
1132 2150 1331 2191 Bekkerus,
1352 2149 1494 2182 Astius
1485 2161 1521 2182 ln

856 2199 934 2229 teimt
981 2202 1015 2229 et
1048 2196 1301 2228 Stallbaumius.
1370 2195 1520 2236 „Malim

855 2242 1037 2298 utrobique
1062 2239 1260 2295 ἐξαγγελεῖ,
1283 2244 1322 2274 ut
1342 2241 1522 2275 conveniat

856 2299 930 2321 cum
966 2285 1127 2329 επιταξει
1161 2291 1196 2320 et
1231 2298 1305 2320 cum
1338 2284 1522 2330 ποιήσει.“

855 2334 977 2378 steph.
1009 2334 1041 2366 in
1074 2346 1116 2368 m.
1165 2334 1248 2367 Post
1281 2328 1435 2376 ἄγγελον
1464 2345 1520 2376 γι-

854 2381 1010 2423 γνεσθαι
1049 2383 1143 2413 recte
1186 2379 1306 2412 iterum
1357 2390 1520 2432 praesens

854 2426 993 2470 ponitur
1018 2426 1187 2459 solennem
1212 2424 1360 2458 tibicinis
1379 2425 1521 2470 eiusque

855 2483 1022 2516 personae
1053 2471 1142 2504 nullo
1166 2476 1318 2515 tempore
1350 2483 1415 2505 non
1440 2484 1520 2504 con-

855 2518 1044 2551 venientem
1069 2517 1234 2550 actionem
1258 2517 1427 2558 indicans3
1450 2516 1521 2550 tum

855 2575 940 2597 vero
964 2575 1030 2596 non
1054 2563 1163 2596 minus
1187 2568 1281 2596 recte
1304 2563 1444 2607 ponitur
1465 2565 1521 2596 fu-

856 2613 988 2651 turum,
1024 2608 1105 2653 quia
1135 2609 1261 2642 tibicen
1295 2621 1360 2643 non
1386 2620 1521 2653 semper

857 2656 957 2689 tibias
991 2655 1164 2688 faciendas
1195 2655 1295 2689 locat.
1357 2655 1520 2688 Codicum

858 2702 991 2746 quidem
1017 2701 1266 2743 auctoritatem,
1290 2713 1391 2744 quam
1413 2701 1520 2734 Stall-

856 2747 1009 2781 baumius
1033 2758 1210 2791 superesse
1244 2748 1277 2781 h.
1302 2747 1323 2780 l.
1351 2747 1520 2790 Stephani

858 2793 1072 2826 coniecturae
1104 2797 1280 2835 autumat,
1314 2804 1379 2826 non
1414 2792 1518 2826 multo

856 2839 911 2872 hic
930 2838 1090 2872 maiorem
1114 2851 1200 2880 esse,
1219 2851 1319 2884 quam
1336 2838 1438 2880 infra,
1459 2838 1519 2871 ubi

856 2885 949 2919 nulla
973 2888 1044 2927 est,
1079 2885 1156 2921 Vol.
1179 2885 1208 2919 I.
1236 2897 1268 2931 p.
1290 2886 1374 2927 109,
1398 2896 1429 2919 a.
1456 2884 1519 2918 ob-

1173 1870 1212 1907 6⁹
1254 1873 1333 1907 Par.
1366 1873 1412 1907 K.
1451 1884 1522 1909 sec.
