1764 3176
216 103 352 132 xxnn
662 84 1191 131 PRAEFATIO

218 202 321 239 ditus.
379 201 468 238 Nam
498 204 587 237 latus
618 202 699 238 illud
730 207 867 238 constat
885 215 928 239 ex
956 204 1065 240 latere
1091 206 1201 240 altero
1219 204 1400 247 minorum,
1428 214 1517 248 quae
1537 204 1606 240 duo

216 261 363 294 subsunt
387 259 519 303 radici,
549 263 586 293 et
617 260 692 303 ipsa
722 260 850 295 radice.
908 262 1027 297 Quare
1056 262 1135 296 dum
1159 273 1220 307 per
1247 266 1357 297 semet
1385 262 1496 305 ipsum
1517 263 1606 296 mul-

215 317 410 360 tiplicatur,
448 326 518 350 non
543 316 654 350 solum
696 317 786 350 latus
825 318 936 352 minus
977 318 1011 352 in
1041 319 1213 361 radicem,
1252 319 1351 352 radix
1380 319 1416 351 in
1454 318 1606 361 quadra-

215 377 289 407 tum
320 372 512 414 excrescit,
541 372 603 406 sed
638 373 882 417 multiplicatur
907 375 1009 408 etiam
1031 375 1130 409 radix
1159 386 1220 419 per
1248 375 1471 419 quadratum,
1502 379 1607 418 atque

214 428 283 464 hoc
306 433 358 462 est
374 429 497 462 cubum
519 429 720 472 producere.
778 429 943 473 Exemplo
969 431 1015 464 sit
1032 442 1192 465 numerus
1219 432 1283 473 16,
1313 430 1501 474 quadratus
1519 441 1604 474 qua·

214 485 377 529 ternarii,
408 495 508 529 quem
536 480 710 528 προμήκη
736 486 932 520 redditurus
951 489 1206 529 quaternarium
1232 489 1377 522 alterum
1399 497 1442 521 ex
1461 487 1606 532 duobus,

213 541 271 585 qui
294 542 404 575 latera
425 542 498 575 eius
521 547 620 584 sunt,
652 542 784 584 cogites
809 547 847 576 ut
873 553 916 576 ex
947 543 1079 577 duobus
1098 545 1237 578 binariis
1258 544 1474 588 productum.
1531 544 1606 578 Iam

212 599 241 631 si
259 599 405 632 alterum
436 609 553 632 eorum
571 599 780 632 binariorum
808 599 1084 642 multiplicaveris
1112 612 1173 644 per
1191 602 1334 634 alterum
1365 600 1606 644 quaternario-

212 665 299 696 rum,
330 656 474 689 alterum
502 660 615 688 autem
636 666 698 694 per
716 666 807 697 eum,
839 656 897 698 qui
923 666 965 689 ex
985 654 1049 690 hac
1067 657 1141 700 ipsa
1160 658 1442 701 multiplicatione
1465 657 1604 700 prodiit,

210 711 446 753 octonarium,
476 709 566 745 haud
587 711 690 745 dubie
709 711 854 745 eundem
874 722 1050 747 numerum
1076 715 1142 756 16,
1171 714 1233 747 sed
1254 709 1446 757 προμήκη,
1477 713 1606 757 produ-

211 772 304 801 ctum
332 767 485 802 habebis.
543 769 733 802 Octonario
760 772 875 801 autem
903 779 965 812 per
998 774 1106 803 semet
1135 771 1246 814 ipsum
1273 770 1499 814 multiplicato
1532 769 1607 804 effi-

210 824 321 858 cietur
338 825 442 858 cubus
461 825 683 867 quaternarii.
743 825 855 867 Atque
877 825 998 859 eadem
1016 826 1151 860 ratione
1168 837 1287 860 omnes
1317 827 1393 860 cubi
1416 831 1495 860 sunt
1517 836 1605 869 qua-

209 880 300 914 drati
318 881 434 914 lateris
462 881 602 914 maioris
632 891 651 914 e
674 880 826 922 duobus,
856 892 944 925 quae
976 893 1081 926 supra
1110 887 1301 917 monstrata
1328 883 1379 916 via
1411 883 1607 926 producunt

209 947 386 971 numerum
417 937 586 980 quadrato
616 948 752 981 parem,
785 937 846 971 sed
872 933 1072 981 προμήκης
1109 940 1144 973 id
1163 944 1235 981 est,
1275 950 1394 973 omnes
1421 939 1499 972 cubi
1526 943 1608 973 sunt

209 993 361 1028 eiusdem
381 993 602 1036 longitudinis
623 998 727 1037 atque
746 994 904 1037 quadrati
932 1006 974 1028 ex
1005 996 1170 1029 lateribus
1195 996 1324 1030 cubicis
1343 996 1523 1039 producti,
1549 995 1607 1029 ubi

209 1049 244 1084 hi
271 1050 432 1093 quadrati
463 1054 655 1084 monstrata
683 1051 818 1085 ratione
839 1046 1044 1094 προμήκεις
1064 1052 1189 1085 redditi
1217 1053 1425 1095 cogitantur.
1482 1053 1607 1095 Itaque

209 1117 313 1150 quum
335 1107 458 1140 dicitur
487 1108 596 1141 altera
617 1106 793 1141 harmonia
821 1104 1003 1151 ἰσομήκης
1027 1103 1114 1150 μὲν,
1138 1107 1184 1153 τῇ
1204 1105 1387 1153 προμήκει
1407 1103 1468 1151 62¹,
1498 1109 1607 1143 cubus

209 1173 286 1197 esse
304 1163 516 1206 significatur
535 1175 603 1198 non
632 1175 730 1198 secus
750 1175 792 1198 ac
820 1165 914 1208 prior
945 1162 1006 1207 ἴση
1032 1159 1153 1202 ἰσάκις
1181 1165 1275 1199 dicta
1304 1165 1492 1208 quadratus
1528 1176 1606 1199 esse

207 1220 412 1254 ostenditur.
471 1221 532 1254 Sic
560 1222 678 1265 procul
706 1222 848 1255 remotis
877 1221 920 1254 ab
950 1220 1112 1255 hocloco
1139 1221 1430 1255 emendatricibus
1450 1223 1606 1256 manibus

205 1277 290 1310 illud
311 1288 445 1321 quoque
466 1279 616 1312 assecuti
649 1290 786 1320 sumus,
817 1282 855 1311 ut
873 1282 1072 1322 sequentem
1093 1279 1227 1312 numeri
1259 1279 1353 1323 eius,
1385 1279 1441 1321 qui
1459 1279 1605 1313 alteram

206 1332 417 1368 harmoniam
451 1336 626 1377 continet,
657 1336 922 1379 descriptionem
941 1337 1049 1370 solam
1075 1347 1137 1380 per
1164 1347 1202 1370 se
1230 1335 1538 1377 considerandam,
1569 1339 1606 1370 et

207 1391 363 1434 proxima
386 1391 443 1424 illa
464 1387 623 1435 ἰσομήκη
642 1388 730 1434 μὲν,
759 1391 806 1437 τῇ
827 1387 1009 1435 προμήκει
1035 1389 1076 1426 δέ
1112 1404 1181 1427 non
1203 1394 1251 1426 ita
1286 1403 1363 1426 cum
1384 1392 1605 1435 sequentibus

207 1447 449 1491 coniungenda
472 1459 548 1482 esse
570 1448 767 1498 videamus,
799 1453 837 1483 ut
867 1450 1060 1493 quicunque
1089 1450 1134 1483 sit
1154 1450 1294 1483 alterius
1320 1448 1518 1483 harmoniae
1539 1459 1605 1483 nu-

206 1513 333 1546 merus,
363 1515 440 1538 eum
458 1506 522 1539 sub
541 1507 656 1549 specie
674 1500 891 1550 προμήκους
912 1507 1104 1550 expositum
1124 1506 1413 1549 praesignificent,
1442 1516 1509 1549 qua
1527 1506 1605 1549 opi-

207 1561 310 1594 nione
338 1561 500 1595 seductus
530 1562 697 1596 Barocius
724 1556 936 1605 ἀριθμοὺς,
974 1564 1032 1606 qui
1063 1563 1226 1606 deinceps
1253 1563 1494 1604 nominantur,
1525 1556 1602 1595 ἀπὸ

206 1613 415 1659 διαμέτρων
435 1618 598 1651 oriundos
622 1630 684 1662 pro
704 1619 929 1662 longitudine,
957 1630 1137 1653 numerum
1150 1624 1265 1653 autem
1288 1619 1523 1653 centenarium
1540 1629 1604 1662 pro

205 1673 386 1708 latitudine
411 1673 612 1709 harmoniae
627 1676 755 1718 ipsius,
785 1680 959 1719 tamquam
975 1686 1116 1710 numero
1137 1669 1320 1718 προμήκει
1339 1676 1513 1718 inclusae,
1541 1686 1604 1710 ac-

207 1731 318 1774 cepit3
351 1731 404 1764 cui
428 1732 553 1765 rationi
570 1732 674 1765 etiam
702 1736 812 1765 artam
836 1733 1065 1766 membrorum
1095 1725 1226 1764 ἑκατὸν
1261 1727 1330 1774 μὲν
1354 1726 1528 1774 ἀριθμῶν
1547 1752 1601 1758 -

206 1781 340 1820 ἑκατόν
358 1783 398 1820 δὲ
419 1781 543 1831 κύβων
568 1788 762 1822 iuncturam
791 1789 930 1822 obstare
949 1799 1053 1831 supra
1070 1789 1274 1821 monuimus.
1330 1788 1383 1821 Ea
1410 1789 1501 1823 enim
1523 1789 1604 1823 talis

207 1847 283 1885 est,
314 1847 352 1876 ut
385 1848 495 1878 totum
514 1855 691 1878 numerum
709 1845 850 1878 alterius
881 1844 1081 1878 harmoniae
1105 1844 1238 1878 duobus
1260 1845 1409 1878 numeris
1428 1845 1604 1888 composi-

205 1904 279 1934 tum
297 1910 374 1934 esse
396 1900 562 1943 declaret,
591 1911 735 1944 quorum
753 1902 863 1935 maior
881 1902 998 1944 utique
1016 1901 1250 1944 longitudinis,
1279 1901 1389 1934 minor
1412 1901 1603 1936 latitudinis

206 1957 345 1991 nomine
364 1958 547 2001 appellari,
577 1962 738 2001 totusque
759 1959 967 2002 compositus
988 1954 1182 2001 προμήκης
1199 1957 1266 1990 dici
1290 1958 1436 2001 poterit,
1466 1962 1604 1992 tantum

206 2024 251 2048 ne
274 2014 387 2047 verbis
410 2012 455 2059 τῇ
482 2009 664 2057 προμήκει
693 2010 733 2047 δὲ
767 2013 852 2048 haec
883 2015 955 2048 eius
987 2009 1195 2057 προμήκεια
1222 2018 1500 2057 praemonstrata
1527 2015 1602 2048 exi-

206 2070 376 2104 stimetur.
457 2071 527 2105 Sed
554 2071 588 2104 in
617 2071 855 2114 investiganda
891 2071 1104 2115 longitudine
1132 2075 1166 2104 et
1200 2071 1381 2104 latitudine
1410 2072 1453 2104 ab
1481 2071 1603 2105 ordine

206 2126 365 2161 Platonis
383 2127 546 2161 recedere
565 2128 720 2170 cogimur
736 2139 790 2169 eo,
824 2128 929 2171 quod,
959 2129 1016 2170 qui
1033 2128 1179 2171 priorem
1194 2128 1306 2160 locum
1323 2127 1489 2170 obtinent,
1517 2123 1602 2160 ἕκα-

206 2178 275 2216 τὸν
307 2177 466 2225 ἀριθμοὶ
492 2185 541 2218 ita
562 2185 752 2228 comparati
774 2189 874 2226 sunt,
903 2184 994 2228 quod
1014 2189 1136 2228 postea
1156 2184 1266 2226 magis
1288 2184 1517 2227 intelligetur,
1549 2189 1600 2227 ut,

207 2240 273 2274 nisi
299 2241 512 2274 extrinsecus
542 2242 704 2275 auxilium
729 2241 934 2283 accesserit,
963 2251 1094 2275 summa
1122 2251 1240 2274 eorum
1277 2240 1409 2274 definiri
1437 2246 1601 2284 nequeat.

207 2295 428 2340 Exponamus
447 2298 551 2340 igitur
577 2299 722 2341 primum
749 2299 839 2332 latus
857 2299 1002 2332 alterum
1025 2298 1128 2331 certis
1152 2297 1264 2331 verbis
1281 2297 1465 2331 indicatum
1479 2323 1488 2340 ‚
1519 2309 1601 2332 cen-

208 2356 281 2386 tum
314 2354 478 2388 cuborum
514 2355 677 2396 ternarii,
707 2354 773 2389 hoc
803 2359 856 2389 est
887 2365 1065 2389 numerum
1092 2355 1144 2387 bis
1173 2354 1263 2388 mille
1293 2354 1601 2397 septingentorum.

208 2410 278 2446 Qui
300 2410 330 2443 si
360 2421 398 2444 re
420 2421 500 2444 vera
517 2411 606 2444 latus
629 2415 681 2445 est
701 2412 775 2445 eius
795 2412 947 2453 numeri,
976 2421 1075 2454 quem
1096 2421 1159 2444 nos
1177 2410 1277 2443 alteri
1308 2410 1509 2445 harmoniae
1536 2412 1602 2446 tri-

207 2466 360 2507 buimus,
389 2468 685 2511 septingentorum
705 2468 958 2511 undetriginta,
986 2467 1088 2501 facile
1105 2467 1329 2509 intelligitur,
1355 2467 1406 2500 bis
1428 2468 1519 2501 mille
1542 2478 1601 2502 se-

208 2523 388 2566 ptingenta
411 2522 478 2557 hoc
506 2524 583 2557 loco
602 2535 670 2558 non
691 2526 861 2568 integrum
882 2535 1058 2559 numerum
1078 2534 1167 2565 esse,
1196 2523 1322 2566 quippe
1344 2524 1509 2558 maiorem
1528 2525 1601 2566 illo,

208 2580 305 2613 cuius
328 2580 417 2614 latus
439 2590 516 2614 esse
536 2580 680 2623 dicitur,
709 2581 770 2615 sed
797 2582 922 2624 integri
946 2581 1182 2624 cognominem
1207 2581 1429 2623 particulam,
1462 2582 1602 2615 Graece

209 2628 410 2677 ὁμώνυμον
430 2630 566 2679 μόριον
582 2643 831 2681 nuncupatam:
861 2634 987 2688 “2713515-
1046 2639 1159 2673 Quam
1180 2628 1397 2678 ὁμωνυμίαν
1423 2637 1526 2671 Plato
1555 2637 1601 2673 de

207 2692 389 2735 industria,
418 2698 455 2726 ut
471 2703 648 2727 numerum
672 2705 770 2729 suum
789 2694 912 2729 Musae
928 2694 1110 2728 involucris
1128 2693 1330 2736 quibusdam
1351 2697 1509 2737 tegerent
1526 2694 1601 2728 vul-

208 2750 312 2793 gique
328 2750 436 2785 oculis
455 2750 700 2793 subducerent,
729 2752 762 2785 in
785 2750 1025 2794 συνωνυμίαν
1044 2750 1252 2794 detorquens
1272 2760 1335 2795 pro
1352 2751 1404 2785 bis
1422 2749 1600 2786 millesimo
