1764 3176
452 170 789 213 CIVITAS
833 172 958 214 LIB.
987 172 1102 214 VIII.
1121 174 1189 212 548

1442 175 1500 216 23

113 279 366 339 χρημάτων.
399 279 472 325 ἅτε
499 284 709 338 τιμῶντες
737 283 811 327 καὶ
840 283 897 327 ου’
927 287 1133 338 φανερῶς
1160 281 1387 340 κτώμενοι,
1421 299 1496 339 φι-

110 347 356 393 λαναλωταὶ
388 348 436 393 δὲ
474 348 718 405 ἀλλοτρίων
754 347 814 395 δι’
846 351 1085 407 ἐπιθυμίαν
1127 351 1200 395 καὶ
1237 349 1384 405 λάθρα
1420 349 1498 403 τοὶς
1564 377 1567 383 -

107 415 276 474 ἡδονὰς
316 416 637 472 καρπούμενοι,
675 416 820 474 ὥσπερ
861 421 1013 470 παῖδες
1051 420 1214 474 πατέρα
1242 418 1321 463 τόν
1350 417 1495 474 νόμον

108 482 528 541 ἀποδιδράσκοντες,
558 484 638 541 οὐχ
675 485 762 529 ὑπὸ
794 488 999 537 πειθοῦς,
1036 484 1131 529 ἀλλ’
1160 485 1249 530 ύπό
1282 487 1381 542 βίας
1409 502 1492 530 πε-

105 553 391 609 παιδευμένοι
441 552 514 596 διὰ
548 551 598 595 τό
639 556 715 610 τῆς
749 552 964 611 ἀληθινῆς
1004 553 1217 610 Μούσης,
1266 558 1343 610 τῆς
1383 553 1492 610 μετὰ

103 620 250 678 λόγων
277 637 322 664 τε
347 619 424 664 καὶ
453 621 745 676 φιλοσοφίας,
785 621 1042 678 ἠμεληκέναι
1082 622 1158 666 καὶ
1187 622 1492 678 πρεσβυτέρως
1522 636 1555 678 C

102 688 404 745 γυμναστικὴν
441 691 657 743 μουσικῆς
693 689 978 745 τετιμηκέναι.

1041 690 1334 734 Παντάπασιν
1343 721 1354 740 ,
1373 691 1468 747 ἔφη
1479 726 1491 744 ,

103 756 244 813 λέγεις
281 755 548 813 μεμιγμένην
586 758 809 800 πολιτείαν
849 757 898 801 ἐκ
933 761 1077 802 κακοῦ
1114 775 1159 802 τε
1196 759 1271 802 καὶ
1301 756 1493 841 οἶγαθξιῦ.

102 824 327 882 Μέμικται
364 822 475 880 γάρ,
512 824 569 879 ἠν
609 822 654 867 δ’
686 825 790 880 ἐγω·

832 825 1184 881 διαφανέστατον
1219 825 1261 870 δ’
1301 826 1347 871 ἐν
1379 825 1493 882 αὐτῇ

103 892 222 937 ἐστὶν
253 892 301 935 ἔν
329 909 370 936 τι
399 891 539 947 μόνον
567 907 657 936 υπο
689 896 771 937 τοῦ
800 897 1069 949 θυμοειδοῦς
1091 898 1384 950 κρατοῦντος,
1416 912 1493 951 φι-

103 962 319 1006 λονεικίαι
356 961 430 1006 καὶ
469 962 727 1018 φιλοτιμίαι.

99 1129 386 1174 significationem
452 1130 611 1165 correxit.
697 1131 768 1164 Sed

100 1177 193 1222 quod
250 1175 460 1209 Ammonium
516 1176 551 1209 in
621 1175 768 1220 φωλεός

100 1234 125 1267 p
165 1222 241 1257 145.
267 1223 310 1256 de
333 1222 454 1255 liberis
479 1222 543 1255 lioc
567 1223 768 1256 vocabulum

100 1273 306 1314 usurpantes
362 1264 477 1312 οἷκυρε
482 1270 602 1311 λογεῖν
647 1269 767 1302 dicen—

100 1318 169 1348 tem
213 1315 257 1349 ad
291 1315 381 1348 hunc
420 1314 530 1347 locum
570 1316 766 1360 respexisse

97 1363 199 1405 putat
222 1364 259 1395 et
281 1360 543 1395 Valckenarium
567 1361 610 1394 ad
634 1361 765 1396 Herod.

98 1406 140 1439 L.
176 1407 243 1441 ΠΙ.
281 1417 310 1440 c.
349 1409 429 1441 109.
464 1407 612 1440 conferri
652 1407 761 1448 iubet,

123 1453 159 1487 ui
191 1457 226 1486 et
256 1452 333 1497 ipse
358 1453 422 1486 hoc
451 1453 544 1486 velut
572 1454 762 1506 exemplum

94 1499 344 1543 ακυρολογίας
375 1498 507 1533 Platoni
541 1499 631 1533 haud
654 1499 762 1532 infre-

95 1545 233 1590 quentis
274 1545 377 1586 citat,
416 1545 567 1578 additum
601 1557 762 1589 ατεχνως

92 1591 299 1644 scriptorem
322 1591 367 1624 ab
395 1590 585 1624 huiusmodi
609 1592 762 1625 animad-

95 1637 253 1671 versione
274 1637 459 1671 defendere
483 1637 641 1672 debebat.

141 1702 332 1750 ἐθέλοιεν]
366 1702 527 1739 ἐθέλειεν
554 1718 629 1741 cum
655 1718 674 1741 ο
700 1718 758 1741 su—

96 1763 159 1798 per
183 1763 215 1785 ει
237 1751 329 1786 Flor.
353 1753 396 1787 V.

139 1820 390 1867 δαπανῷντο]
425 1819 653 1854 δαπανῶντο
677 1820 756 1855 Ald.

94 1867 174 1902 Bas.
200 1866 255 1900 ab.

137 1932 415 1979 Ἀληθὲστατα]
458 1933 622 1968 Ultimam
658 1947 678 1968 a
712 1946 754 1969 m.

92 1991 120 2015 s,
144 1981 292 2016 additam
316 1980 379 2015 int.
409 1991 499 2014 vers.
533 1980 639 2015 habet
662 1981 754 2015 Mon.

142 2069 296 2107 Ου’κοῦν
318 2071 382 2106 καὶ
408 2072 586 2116 φειδωλοὶ
613 2071 754 2117 χρημά-

92 2121 190 2164 των]
233 2120 357 2153 Nonne
390 2124 424 2152 et
459 2120 496 2152 in
534 2121 634 2152 rebus
671 2132 753 2164 pro—

86 2167 174 2210 priis
204 2167 378 2209 parciores
414 2170 515 2199 erunt
548 2178 653 2210 quam
693 2166 754 2200 de-

86 2216 168 2246 ceat
191 2212 266 2246 Fic.

137 2265 209 2313 ού]
234 2279 368 2302 erasmn
391 2271 445 2303 est
467 2268 502 2302 in
523 2269 603 2303 Par.
623 2270 663 2303 A.
689 2281 754 2306 om.

88 2315 190 2350 Vind.
214 2315 254 2348 B.
274 2315 352 2350 Vat.
377 2315 422 2349 H.

135 2370 425 2416 φιλαναλωταὶ]
495 2372 753 2416 φιλαναλῶται

86 2420 174 2454 Lob.
200 2417 300 2455 Vind.
323 2418 364 2452 F.
389 2418 483 2452 Mon.
504 2420 546 2453 B.
572 2419 649 2452 Vat.
669 2419 751 2453 ΒΜ.

69 2467 172 2502 'Ven.
194 2464 234 2498 C.
258 2464 338 2499 Par.
356 2464 432 2498 DK.
459 2465 641 2499 secundum
658 2465 751 2498 Bek-

83 2512 226 2552 ket-um,
250 2510 309 2555 qui
331 2515 367 2544 et
389 2510 465 2555 ipse
486 2510 536 2545 sic
559 2511 696 2556 scripsit
716 2515 751 2545 et

84 2557 219 2592 Astium
253 2556 289 2590 in
321 2559 401 2590 tert.
426 2568 501 2590 cum
526 2557 749 2591 Staubaumio

83 2614 252 2648 sequaces
290 2603 418 2636 habuit.
490 2603 642 2645 Nescio,
688 2615 749 2637 cur

85 2652 307 2694 praeceptum
330 2650 373 2682 ab
396 2649 543 2684 Arcadio
567 2662 602 2695 p.
627 2651 690 2691 28,
717 2653 747 2684 1.

80 2707 246 2741 traditum
279 2703 327 2739 τὰ
352 2707 404 2747 εἰς
426 2718 470 2751 ης
493 2705 659 2742 σύνθετα
679 2704 748 2763 τῂν

83 2765 162 2788 των
185 2750 442 2808 πρωτοτύπων
476 2752 583 2796 τάξιν
609 2752 748 2798 φυλατ-

79 2811 138 2834 τει
178 2819 225 2824 ——
267 2795 427 2852 ἀπελλῆς
446 2825 456 2844 ,
509 2802 747 2845 φιλαπελλῆς.

83 2846 119 2881 in
152 2847 218 2882 hoo
250 2845 384 2881 nomine
417 2847 526 2882 minus
561 2848 746 2883 observan—

795 961 990 1019 Σφόδρα
1027 979 1097 1020 γε,
1136 957 1164 1020 ἦ
1201 961 1249 1007 δ’
1289 961 1352 1014 ὅς.
1409 960 1493 1006 Οὐ-

825 1130 904 1165 dnm
926 1132 1121 1186 putaverit,
1150 1143 1252 1177 quam
1283 1131 1318 1166 in
1349 1134 1490 1176 φιλεπι-

824 1175 978 1222 τιμητής
1017 1179 1124 1212 Isocr.
1165 1190 1200 1223 p.
1241 1181 1307 1221 10,
1361 1180 1488 1223 penult.

823 1227 858 1256 et
911 1224 947 1258 in
1012 1221 1255 1268 φιληλιαστής
1315 1226 1490 1271 Aristoph.

823 1269 929 1315 Vesp.
956 1271 1012 1305 88.

867 1336 1018 1383 λάθρα]
1044 1335 1168 1386 λαθρα
1179 1338 1369 1380 Bekkerus,
1389 1350 1489 1384 quem

819 1388 991 1418 tacentem
1009 1385 1114 1419 tacite
1138 1385 1248 1419 secuti
1273 1388 1351 1418 sunt
1371 1385 1488 1419 Astius

819 1437 856 1464 et
879 1431 1002 1465 Stallb.
1035 1431 1093 1465 Cf.
1120 1432 1195 1467 Vol.
1220 1432 1248 1464 I.
1271 1443 1305 1476 Ρ.
1331 1433 1386 1466 60.

865 1500 1021 1544 παῖδες]
1047 1500 1190 1540 παῖδας
1207 1500 1315 1542 Υἰιιό.Ι
1331 1500 1372 1535 F.
1396 1501 1485 1544 Ang.

815 1546 1029 1637 Enna-5905]
1057 1590 1160 1636 παρὰ
1185 1592 1266 1625 Par.
1290 1593 1336 1626 K.

863 1647 928 1683 διὰ
959 1647 1029 1694 τὸ]
1071 1649 1262 1683 Articulum
1307 1650 1405 1683 Vind.
1444 1650 1484 1684 F.

814 1695 851 1729 in
875 1707 919 1729 m.
946 1707 966 1729 a
993 1708 1035 1729 m.
1061 1708 1088 1729 s.
1114 1696 1264 1729 additum
1287 1695 1404 1730 habet.

862 1760 1069 1808 ἀληθινῆς]
1106 1761 1209 1798 οἷλιθ.
1242 1764 1318 1797 Ald.
1343 1765 1424 1798 Bas.
1450 1776 1481 1799 a.

815 1806 988 1853 οἷληθοῦς
1013 1810 1098 1844 Lob.
1125 1811 1205 1845 Vat.
1230 1811 1310 1844 ΒΜ.

859 1876 1038 1923 Μούσης]
1063 1879 1118 1912 Ita
1139 1890 1212 1912 cum
1231 1879 1370 1924 reliquis
1382 1879 1480 1913 Vind.

813 1925 853 1959 Β.
902 1937 1001 1969 quem
1045 1925 1267 1959 Stallbaumio
1308 1927 1482 1960 referente

812 1970 951 2004 Locella
975 1971 1016 2005 ad
1043 1972 1197 2016 Xenoph.
1211 1972 1340 2016 Ephes.
1354 1983 1386 2017 p.
1402 1973 1478 2007 125.

811 2017 989 2061 μουσικῆς
1035 2017 1164 2050 habere
1210 2018 1355 2053 dixerat.
1422 2019 1479 2053 Cf.

814 2063 888 2098 Vol.
913 2063 942 2098 I.
968 2076 1001 2108 p.
1026 2065 1115 2105 307,
1140 2064 1173 2097 b.

858 2110 1096 2164 φιλοσοφίας]
1125 2109 1260 2153 σοφίας
1283 2111 1362 2145 Vat.
1388 2110 1428 2144 Β.

856 2154 1098 2199 τετιμηκέναι.
1117 2157 1130 2200 ]

810 2203 891 2236 Bas.
917 2203 972 2236 ab.
996 2203 1069 2235 Ast.
1107 2202 1198 2247 quod
1223 2202 1318 2236 initio
1343 2183 1474 2246 periodi

810 2248 894 2282 satis
927 2252 1044 2293 aptum
1086 2260 1249 2292 responso
1289 2249 1476 2283 Glauconis

809 2294 918 2329 minus
952 2295 1122 2328 convenit.
1177 2295 1298 2339 Itaque
1329 2294 1476 2328 interro—

809 2340 926 2384 gatio,
966 2347 1007 2373 ut
1037 2352 1161 2385 saepe,
1202 2339 1237 2373 in
1271 2340 1475 2374 affirmatio-

807 2398 882 2420 nem
909 2386 1020 2428 exire,
1045 2392 1150 2431 atque
1178 2387 1241 2419 hoc
1263 2387 1473 2421 enuntiatum

806 2433 947 2467 similem
993 2433 1147 2477 proximo
1201 2433 1474 2467 terminationem

807 2479 936 2512 habere
969 2479 1115 2513 videtur.

854 2522 894 2559 ἐν
918 2537 954 2558 τι
970 2522 1111 2568 μόνον]
1138 2522 1284 2568 ἔντιμον
1308 2520 1352 2560 ο“ν
1371 2524 1471 2560 Vind.

806 2570 848 2604 F.
873 2573 952 2606 Vat.
978 2572 1026 2604 Μ.
1061 2571 1153 2604 Flor.
1179 2572 1224 2605 R.

851 2617 1103 2661 θυμοειδοῦς]
1130 2618 1223 2661 θημ.
1247 2618 1327 2651 Bas.
1356 2618 1389 2651 b.

852 2662 1075 2706 φιλονεικίαι
1128 2663 1191 2698 καὶ
1239 2662 1470 2707 φιλοτιμίαι]

806 2709 1011 2752 φιλονικίαι
1043 2722 1076 2744 κ.
1102 2722 1142 2753 φ.
1178 2711 1272 2745 Μοιι.
1299 2711 1341 2744 Β.
1366 2711 1468 2753 φιλο-

803 2755 923 2789 νεικία
967 2754 1031 2790 καὶ
1066 2756 1259 2800 φιλοτιμία
1293 2756 1393 2792 Vind.
1426 2755 1469 2789 F.

804 2801 890 2846 Ang.
922 2803 963 2837 B.
998 2803 1186 2846 φιλονικία
1226 2801 1290 2837 καὶ
1329 2803 1468 2846 φιλοτι-

803 2848 870 2890 μία
894 2849 987 2883 Flor.
1005 2850 1048 2884 R.

1211 2153 1474 2210 τετιμηκέναι,
1507 2152 1539 2194 C
