1764 3176
252 125 323 152 (Νι
656 110 1180 153 PRAEFATIO

251 229 433 282 „Regem
454 228 612 281 quidem
631 229 822 282 Triplam,
858 232 907 271 ad
928 231 1157 284 Tyrannum
1175 231 1271 270 vero
1292 230 1531 284 Subtriplam
1550 234 1623 273 ha-

250 323 319 360 bet
337 320 559 360 Rationem.
630 323 896 372 Quamobrem
925 324 1089 362 eandem
1116 322 1326 361 Rationem
1346 324 1554 376 Tyrannus
1577 324 1627 363 ad

248 413 470 452 Paucorum
492 415 695 464 potentiae
715 414 903 463 deditum,
940 429 1057 466 quam
1075 416 1165 467 ipse
1185 414 1407 454 Paucorum
1423 417 1628 466 potentiae

249 505 405 544 deditus
430 505 479 543 ad
498 504 652 557 Regem
672 506 806 554 habet,
830 506 1007 558 Triplam
1026 507 1188 546 scilicet.
1226 519 1300 558 per
1320 506 1512 546 decimam
1529 520 1626 558 ergo

248 597 522 636 definitionem
548 599 672 648 quinti
693 598 979 637 elementorum
994 598 1171 637 Euclidis
1196 598 1333 646 Ratio,
1371 612 1488 649 quam
1506 598 1628 637 habet

249 689 461 741 Tyrannus
495 690 543 728 ad
573 687 751 740 Regem,
785 696 848 728 est
878 690 1076 742 duplicata
1102 690 1306 737 Rationis,
1360 703 1476 741 quam
1505 690 1628 728 habet

248 782 421 833 ipsemet
439 780 647 831 Tyrannus
673 782 722 821 ad
755 781 976 821 Paucorum
999 783 1203 834 potentiae
1227 782 1424 831 deditum3
1457 782 1538 820 hoc
1565 786 1628 821 est

242 871 365 911 'Ratio
400 872 576 923 Tyranni
602 874 650 911 ad
680 873 834 925 Regem
857 878 920 912 est
943 874 1166 924 composita
1193 886 1241 912 ex
1258 872 1430 912 Ratione
1453 873 1629 924 Tyranni

251 966 300 1004 ad
342 963 565 1003 Paucorum
602 965 807 1016 potentiae
851 964 1047 1012 deditum,
1096 969 1136 1004 et
1181 977 1230 1004 ex
1267 964 1437 1004 Ratione
1470 964 1627 1004 Pauco-

249 1070 335 1096 rum
374 1056 576 1107 potentiae
612 1056 734 1094 dediti
775 1056 825 1094 ad
864 1054 1032 1110 Regem.
1123 1057 1252 1106 Quare
1292 1059 1327 1095 si
1362 1056 1628 1108 multiplicen-

250 1153 315 1187 tur
351 1149 520 1187 imicem
552 1148 894 1187 denominationes
923 1149 1087 1186 duarum
1117 1149 1193 1186 iam
1223 1126 1430 1196 dictarum,
1464 1161 1513 1187 ex
1541 1150 1629 1199 qui-

249 1241 324 1279 bus
349 1241 439 1292 ipsa
460 1241 713 1292 componitur
734 1240 953 1286 rationum3
990 1239 1233 1291 producetur
1252 1253 1326 1291 per
1346 1241 1517 1291 quintam
1529 1240 1629 1279 defi-

249 1333 441 1372 nitionem
471 1334 572 1371 sexti
599 1332 900 1370 Elementorum
930 1330 1108 1369 Euclidis
1138 1332 1225 1382 ipsa
1249 1330 1364 1370 Ratio
1387 1331 1563 1383 Tyranni
1582 1332 1631 1371 ad

249 1423 416 1476 Regem.
489 1423 590 1462 Cum
620 1428 749 1462 autem
768 1423 859 1461 illae
883 1423 984 1461 duae
1004 1421 1196 1460 Rationes
1209 1421 1372 1473 Triplae
1391 1424 1480 1470 sint,
1509 1423 1630 1462 dubio

248 1516 391 1568 procul
423 1517 457 1553 si
478 1515 789 1566 multiplicentur
810 1515 998 1561 invicem,
1029 1514 1253 1565 producent
1273 1513 1522 1566 Noncuplam
1546 1514 1633 1554 Ra-

246 1609 410 1647 tionem.
468 1607 679 1658 Tyrannus
701 1607 820 1657 igitur
839 1605 887 1643 ad
905 1605 1059 1656 Regem
1081 1604 1331 1656 Noncuplam
1349 1606 1471 1644 habet
1492 1605 1630 1645 Ratio-

247 1713 352 1739 nem.
424 1697 633 1749 Noncupla
652 1698 745 1736 vero
767 1696 883 1736 Ratio
906 1696 1069 1748 Triplae
1088 1695 1267 1735 Rationis
1293 1696 1431 1749 Tripla
1450 1701 1524 1736 est.
1560 1700 1630 1738 tri-

249 1792 359 1844 plum
378 1804 474 1842 ergo
497 1790 605 1841 tripli
622 1789 867 1827 intervallum
898 1789 1003 1826 iuxta
1028 1801 1233 1826 numerum
1255 1788 1464 1840 Tyrannus
1485 1791 1506 1828 a
1527 1803 1631 1838 vera,

250 1885 334 1923 sive
367 1882 494 1933 Regia
527 1881 730 1932 voluptate
763 1881 892 1918 distat.
963 1878 1165 1918 Posthaec
1198 1884 1329 1918 autem
1358 1881 1489 1919 subdit
1515 1881 1630 1921 Plato

252 1975 441 2025 [Planum
462 1956 600 2026 itabue
621 1969 687 2026 (ut
702 1971 878 2022 videtur)
901 1971 1185 2011 simulachrum
1206 1971 1427 2011 semmdum
1449 1974 1632 2026 longitu-

250 2066 358 2105 dinis
390 2077 604 2104 numerum
634 2064 894 2115 Tyrannicae
924 2062 1148 2114 voluptatis
1167 2063 1259 2112 est.]
1331 2064 1412 2102 hoc
1430 2068 1491 2102 est
1507 2077 1630 2104 nove-

247 2159 379 2197 narius
425 2158 559 2207 itaque
603 2169 789 2194 numerus
825 2155 970 2194 Planus
1021 2155 1195 2192 existens
1216 2183 1228 2201 ,
1289 2156 1474 2205 quoniam
1523 2155 1631 2205 Qua-

249 2249 384 2288 dratus
433 2253 495 2287 est
512 2278 524 2294 ,
579 2246 830 2299 Tyrannicae
871 2246 1084 2297 voluptatis
1126 2249 1189 2284 est
1233 2246 1536 2295 simulachrum,
1592 2252 1633 2287 et

247 2342 377 2393 imago
410 2339 629 2379 secundum
656 2340 912 2390 longitudinis
946 2350 1176 2384 numerum,
1212 2337 1250 2375 id
1274 2341 1335 2375 est
1361 2342 1553 2389 quatenus
1571 2344 1634 2379 est

250 2445 436 2471 numerus
456 2432 714 2483 longitudinis
737 2431 890 2469 numeri
909 2430 978 2477 81,
1001 2430 1090 2468 cum
1117 2429 1202 2467 eius
1223 2429 1333 2466 radix
1351 2429 1548 2479 Quadrata
1567 2432 1630 2469 sit.

250 2523 404 2563 Deinde
424 2525 477 2562 ait
499 2523 753 2573 [Secundum
774 2524 870 2561 veri>
893 2521 1137 2570 Potentiam,
1161 2526 1202 2559 et
1223 2522 1387 2559 tertium
1404 2535 1632 2574 augumen-

251 2621 337 2655 tum
356 2617 619 2667 manifestum
640 2621 702 2654 est
716 2619 869 2667 quanto
893 2612 1019 2652 distet
1041 2613 1282 2662 intervalla]
1305 2612 1386 2652 hoc
1409 2617 1470 2652 est
1489 2626 1631 2652 secun-

252 2708 346 2746 dum
365 2708 458 2745 veri)
483 2707 724 2756 Quadratum
746 2707 945 2746 novenarii
970 2680 1197 2759 (Potentiae
1208 2718 1364 2756 nanque
1378 2717 1631 2743 numeroriun

254 2799 585 2850 quemadmodum
640 2800 756 2838 etiam
797 2798 1016 2845 linearum,
1076 2810 1146 2836 sua
1187 2796 1384 2846 Quadrata
1419 2792 1630 2844 dicuntur)
