1764 3176
450 186 778 231 CIVITAS
822 185 947 228 LIB.
972 185 1031 228 X.
1055 191 1124 226 610
1372 187 1460 228 255

78 316 182 351 κτα,
220 297 383 356 μήποτε
421 302 575 356 φῶμεν
615 297 704 343 ὑπὸ
743 299 934 356 πυρετοῦ
976 294 1080 353 μηδ’
1113 291 1171 340 αὖ
1205 294 1286 340 ὑπ’
1327 295 1462 354 ἄλλης

77 357 226 412 νόσου.
244 365 361 426 μηδ”
383 365 441 413 αὗ,
470 367 559 413 ὖπὸ
592 369 776 423 σφαγῆς,
800 364 904 421 μηδ’
936 366 976 407 εἴ
1000 381 1066 416 τις
1095 363 1163 408 ὅτι
1193 365 1462 421 σμικρότατα

80 435 188 481 ὅλον
216 436 266 480 τὸ
298 441 425 494 σῶμα
454 437 709 493 κατατέμοι,
749 434 875 478 ἕνεκα
913 430 1084 475 τούτων
1123 433 1257 488 μηδὲν
1294 433 1461 489 μᾶλλόν

78 520 183 550 ποτε
211 506 356 561 ψυχὴν
387 503 688 555 ἀπόλλυσθαι,
718 503 823 556 πρὶν
855 500 910 544 ἄν
943 517 1007 550 τις
1039 499 1268 558 ἀποδείξῃ,
1302 500 1359 554 ὦς
1389 502 1463 546 διοὶ

77 575 215 621 ταῦτα
241 572 295 616 τοὶ
324 574 565 631 παθήματα
594 576 675 617 τοῦ
695 570 895 626 σώματος
916 567 1027 626 αὐτὴ
1059 568 1200 625 ἐκείνη
1223 568 1466 624 ἀδικωτέρα

77 640 152 684 καὶ
183 638 453 698 ἀνοσιωτέρα
479 644 684 698 γίγνεται.
744 638 982 694 ἀλλοτρίου
1013 637 1059 681 δὲ
1097 643 1239 682 κακοῦ
1271 640 1317 682 ἐν
1349 638 1466 698 ἄλλῳ

77 709 358 764 γιγνομένου,
390 715 470 755 τοῦ
500 711 546 755 δὲ
577 712 694 755 ἰδίου
725 707 890 764 ἑκάστῳ
921 705 979 763 μή
1012 705 1339 763 ἐγγιγνομένου,
1362 708 1468 764 μήτε

77 778 223 834 ψυχήν
278 767 384 835 μήτε
432 779 536 824 ἄλλο
590 778 727 836 μηδὲν
781 776 920 832 ἐῶμεν
981 774 1120 830 φάναι
1170 775 1285 832 τιναι
1328 775 1466 821 α’πόλ-
1499 785 1531 829 C,

76 849 252 891 λυσθαι.
1063 860 1111 899 γε
1161 843 1308 897 ου’δείς
1358 861 1467 897 ποτε

79 916 204 968 δείξει
215 925 226 968 ,“
280 913 339 968 ὥς
384 919 474 959 τῶν
524 913 903 970 ἀποθνησκόντων
959 910 1220 967 ἀδικώτεραι
1281 916 1328 957 αἱ
1380 921 1467 966 ψυ-

77 982 150 1038 χαὶ
202 982 274 1029 διὰ
306 983 402 1041 >τὸν
450 982 653 1028 θάνατον
702 986 943 1039 γίγνονται.
1034 979 1135 1025 Ἐοὶν
1192 982 1238 1026 δέ
1285 983 1333 1038 γε’
1381 999 1466 1034 τις,

78 1051 191 1108 ἔφην
233 1051 343 1108 ἐγώ,
379 1049 514 1108 ὁμόσε
552 1056 614 1111 τῷ
643 1051 759 1110 λόγῳ
789 1054 928 1107 τολμᾷ
960 1048 1072 1093 ἰέναι
1112 1051 1186 1094 καὶ
1216 1051 1376 1108 λέγειν,
1409 1050 1469 1103 ὥς

331 846 450 892 Ἀλλὰ
500 848 672 903 μέντοι,
721 846 826 900 ἔφη,
878 843 1010 888 τοῦτό

120 1166 312 1220 πυρετοῦ]
356 1167 426 1202 τοῦ
461 1178 500 1201 π.
533 1167 656 1210 iidem,
687 1166 746 1212 qui

802 1169 838 1200 te
871 1164 982 1198 omnia
1011 1165 1067 1198 illa
1101 1166 1256 1212 exempla
1289 1165 1468 1212 praeposi-

77 1209 129 1256 μή
148 1223 199 1257 τε,
227 1216 262 1246 et
285 1213 378 1246 Flor.
403 1214 447 1247 T.
496 1243 501 1246 .

802 1214 870 1244 tum
895 1222 972 1244 eum
994 1211 1130 1245 habent.

125 1257 199 1315 αὐ]
217 1271 282 1292 om.
310 1260 411 1294 Vind.
439 1260 479 1294 F.
503 1260 590 1305 Ang.
614 1259 655 1294 B.

125 1316 180 1338 vn:
190 1301 221 1348 ’]
244 1301 322 1340 υπὸ
350 1305 434 1340 Lob.

124 1346 203 1386 υπὸ
231 1352 396 1396 σφαγῆς]
429 1348 505 1385 υπὸ
532 1362 599 1386 om.
625 1349 744 1383 Astius

79 1397 114 1430 in
138 1400 220 1431 tert.
246 1398 378 1439 sciens,
402 1394 463 1431 sed
485 1397 691 1441 imprudens,
711 1400 746 1429 et

79 1443 334 1486 Stallbaumius,
360 1443 526 1483 nesciens,
546 1442 634 1475 unde
652 1442 746 1474 Bek-

79 1489 184 1522 kerus
207 1488 242 1523 id
265 1489 416 1534 petierit.
452 1489 519 1523 Est
535 1489 568 1521 in
591 1487 745 1521 omnibus

81 1535 288 1569 editionibus
322 1536 467 1569 Astiana
499 1535 747 1568 vetustioribus

79 1585 117 1615 et
139 1581 174 1615 in
198 1581 352 1614 omnibus
376 1580 559 1615 codicibus.

129 1625 366 1672 σμικρότατα]
394 1624 640 1671 σμικρότατον
667 1626 747 1660 Par.

83 1730 188 1799 13³1ng
189 1719 250 1799 Ἐκ]
261 1716 529 1810 (ιὲιῖξῐῖιεζοῖῐέὶέᾖι
539 1719 749 1810 ῖοηΑΣιιέεζρῗ,

84 1814 124 1845 ut
147 1811 392 1845 Stallbaumius
415 1812 450 1846 in
474 1811 555 1846 bibl.
577 1812 682 1845 Goth.
706 1810 749 1844 ad

85 1858 195 1902 Gorg.
227 1869 259 1902 p.
287 1857 368 1893 499.
397 1858 440 1891 Ε.
482 1862 657 1898 autumat,
689 1857 750 1891 sed

84 1915 348 1984 3233222513221
356 1904 751 1984 ³2332033300532.153.

84 1996 276 2030 Bekkerus.
299 1997 342 2031 V.
365 2002 506 2042 praeter
529 1995 683 2039 Gorgiae
700 1995 750 2029 lo·-

85 2053 162 2076 cum
195 2042 332 2076 Menon.
363 2053 396 2087 p.
419 2045 474 2077 82.
496 2043 535 2075 A.
567 2042 687 2086 Symp.
715 2053 748 2086 p.

85 2090 165 2123 210.
182 2088 226 2123 Ε.
251 2088 404 2132 Theagis
430 2088 563 2122 initium
588 2091 622 2121 et
644 2088 749 2133 Hipp.

86 2135 165 2169 ma'i.
191 2146 224 2178 p.
243 2135 323 2179 302.
347 2137 386 2167 Α.
449 2134 502 2168 De
537 2135 610 2168 loco
645 2134 751 2179 Soph.

40 2201 45 2209 ι
86 2192 120 2226 p
151 2181 231 2215 227.
263 2176 305 2215 Β.
337 2180 415 2214 mihi
452 2180 596 2214 nondum
630 2180 749 2225 liquet.

84 2225 203 2261 Etiam
226 2226 376 2260 Theaet.
397 2238 430 2281 p.
444 2228 520 2261 148.
532 2224 575 2262 D.
599 2226 657 2259 ubi
678 2226 752 2259 vul-

87 2285 131 2318 go
155 2271 370 2315 προθυμίας
387 2283 454 2315 μεν
475 2270 596 2307 ἕνεκεν
614 2272 750 2316 legitur,

88 2318 218 2353 codicis
242 2318 327 2352 hob.
346 2319 533 2352 auctoritas
551 2316 657 2352 ἕνεκα
676 2330 751 2352 cum

88 2365 169 2399 Par.
194 2364 268 2398 ΕΒ.
294 2365 484 2398 exhibentis
508 2364 751 2398 dubitationem

88 2415 214 2445 movet.
271 2410 394 2455 Neque
428 2411 574 2444 Phaedr.
606 2422 640 2455 p.
671 2412 750 2446 259.

89 2458 133 2491 D.
167 2461 203 2490 et
237 2456 377 2490 Demod.
411 2468 444 2501 p.
473 2458 552 2492 383.
578 2457 616 2490 Β.
651 2456 751 2491 lectio

89 2502 176 2539 satis
200 2506 380 2543 certaest,
404 2515 606 2548 quamquam
629 2503 662 2537 in
680 2508 750 2537 ter-

90 2549 272 2584 minatione
293 2549 450 2583 vocabuli
473 2561 588 2584 omnes
610 2560 752 2584 consen-

89 2595 158 2631 tire
180 2594 350 2629 videntur.
399 2595 469 2629 Sed
492 2595 591 2630 Polit.
616 2607 649 2650 p.
671 2597 750 2631 300.

90 2643 133 2676 A.
167 2640 289 2676 merito
323 2641 564 2676 Stallbaumius
598 2639 755 2685 κέρδους

93 2684 216 2723 ἕνεκέν
239 2698 340 2726 τινος
372 2699 415 2720 ex
451 2687 567 2722 Clark.
602 2687 685 2721 Zitt.
721 2691 757 2722 et

92 2733 224 2770 duobus
248 2735 274 2766 F
277 2733 337 2768 lor
363 2733 504 2778 recepit,
526 2734 567 2767 ad
592 2745 677 2778 quos
697 2745 756 2768 ac-

93 2780 184 2814 cedit
209 2779 294 2814 Lob.
343 2779 473 2814 Nostro
506 2779 579 2814 loco
604 2785 639 2813 et
662 2780 754 2813 codi-

94 2836 152 2861 ces
175 2822 281 2860 ἕνεκα
303 2825 437 2861 servari
468 2825 605 2867 iubent,
631 2830 666 2860 et
694 2837 756 2870 po-

94 2871 202 2906 situra
225 2871 368 2916 genitivi
391 2871 492 2907 alteri
514 2872 653 2908 obstat:
678 2882 755 2907 oer-

848 1258 962 1299 ποτε]
1006 1269 1070 1292 om.
1105 1258 1196 1292 Mon.
1231 1259 1272 1292 B.
1308 1258 1388 1292 Par.
1423 1258 1468 1294 K.

801 1304 897 1337 Flor.
924 1303 968 1338 U.

850 1346 1043 1394 ἀποδείξῃ]
1071 1344 1245 1391 α’ποδείξι
1265 1350 1357 1383 Μοῐι.
1381 1351 1422 1385 Β.
1450 1363 1471 1386 a

802 1407 845 1429 m.
869 1406 921 1441 pr.
957 1396 1116 1429 habuisse
1139 1396 1287 1439 videtur,
1320 1394 1471 1432 ἀποδεί-

803 1441 855 1483 ξει
881 1442 984 1474 habet
1009 1453 1028 1474 a
1057 1453 1151 1476 1u.s.

851 1485 914 1521 διὰ
937 1487 1073 1542 ταῦτα]
1104 1488 1201 1522 διατ.
1233 1488 1330 1525 Vind.
1355 1489 1399 1525 F.

849 1534 917 1567 τοῦ
945 1531 1128 1577 σώματος]
1153 1546 1200 1568 τα
1225 1536 1294 1569 τοῦ
1316 1546 1346 1570 σ.
1372 1537 1472 1570 Vind.

804 1580 911 1614 BEF.
937 1581 1023 1615 ven.
1034 1582 1074 1614 B.
1089 1585 1176 1626 Aug.
1191 1581 1231 1614 B.
1253 1582 1347 1617 Flor.
1362 1583 1471 1616 CRT.

806 1638 879 1660 cum
914 1626 1119 1661 editionibus
1152 1632 1233 1660 ante
1268 1629 1474 1664 Bekkerum.

808 1672 1029 1707 Cf.V01.11.
1037 1685 1089 1726 p.
1113 1675 1169 1714 63,
1186 1674 1220 1708 b.

853 1715 965 1762 αὐτὴ]
994 1714 1088 1762 αὕτη
1114 1720 1199 1752 Lob.

853 1765 1027 1809 γίγνεται]
1053 1766 1206 1809 γίνεται,
1232 1769 1340 1801 altero
1365 1779 1421 1812 γ.
1411 1768 1473 1805 Ξ.ιιί;

807 1823 894 1845 vers.
920 1810 1047 1850 addito,
1070 1812 1161 1845 Mon.
1188 1813 1227 1845 B.

854 1854 964 1910 ἄλλῳ]
988 1852 1103 1891 ἄλλον
1123 1859 1209 1892 Lob.
1235 1860 1314 1893 Vat.
1339 1859 1389 1893 M.

805 1915 920 1982 A(3:011
946 1900 1000 1947 δὲ]
1030 1917 1061 1937 τ.
1085 1916 1125 1948 γε
1156 1905 1253 1939 Vind.
1278 1906 1353 1939 ΒΕ.
1380 1906 1474 1941 Flor.

853 1993 1014 2042 ἑκάστῳ]
1062 1993 1218 2030 ἑκαστον
1264 1996 1366 2030 Vind.
1397 1997 1472 2032 ΒΕ.

806 2042 894 2074 Ven.
917 2042 958 2076 B.
984 2043 1062 2075 Vat.
1085 2043 1127 2075 H.
1154 2043 1248 2077 Flnr.
1270 2044 1379 2077 ACT.
1398 2056 1473 2077 cum

808 2088 1014 2121 editionibus
1039 2092 1118 2122 ante
1136 2089 1223 2122 Astii
1240 2101 1307 2123 sec.
1336 2089 1391 2123 Cf.
1410 2090 1475 2124 hu-

806 2134 858 2169 ius
880 2135 950 2171 vol.
976 2147 1010 2179 p.
1030 2137 1088 2175 22,
1108 2147 1139 2169 a.

853 2178 946 2224 μήτε
976 2179 1119 2237 ψυχὴν
1132 2178 1224 2237 μήτε
1256 2177 1369 2226 ἄλλο]
1407 2195 1475 2218 om.

808 2226 880 2261 Fic.
904 2238 940 2269 μ.
965 2233 1006 2270 ψ.
1027 2223 1119 2271 μήτ’
1142 2223 1230 2261 ἄλλο
1256 2227 1343 2262 Lob.
1371 2229 1473 2263 Vind.

807 2273 846 2306 B.
878 2273 957 2306 Vat.
982 2273 1032 2308 M.

854 2316 996 2363 φάναι]
1023 2331 1146 2362 φαναι
1175 2320 1274 2354 Vind.
1301 2320 1342 2354 F.
1371 2331 1474 2355 πανυ
1506 2328 1538 2371 C

809 2365 908 2402 Vind.
930 2365 1002 2399 ΒΕ.
1032 2367 1110 2399 Vat.
1129 2366 1172 2399 H.
1197 2366 1293 2400 Flor.
1310 2367 1383 2402 AC.
1465 2398 1469 2402 .

809 2456 841 2491 E
855 2408 1103 2456 ἀπόλλυσθαι]
1127 2409 1366 2447 οἷπὸλλῦσθαι
1376 2409 1477 2450 Vind'.

854 2504 960 2546 ποτε]
984 2514 1043 2537 πω
1067 2503 1161 2537 Flor.
1187 2504 1233 2538 T.
1267 2526 1270 2533 ·

856 2549 989 2593 δείξει]
1025 2549 1127 2592 δείξη
1158 2549 1257 2584 vind.
1282 2551 1324 2585 Β.
1359 2550 1476 2594 δείξοι

812 2595 898 2630 Lob.
926 2596 1006 2628 Vat.
1034 2596 1081 2628 M.

861 2639 1004 2698 ὁμόσε]
1025 2641 1187 2676 Timaeus
1221 2642 1287 2676 lex.
1323 2654 1358 2687 p.
1389 2645 1476 2678 191:

814 2683 946 2730 ὁμόσε·
974 2686 1027 2726 εἰς
1040 2684 1158 2722 ταύτὸ
1177 2684 1253 2723 υπὸ
1276 2701 1352 2724 των
1370 2686 1478 2724 ἐναν-

812 2745 901 2769 τιων
935 2732 987 2772 εἰς
1017 2731 1139 2778 μάχην
1168 2732 1390 2790 φερόμενοι,
1423 2735 1477 2769 vel

812 2779 925 2824 potius
960 2779 1012 2818 εἰς
1042 2792 1074 2813 τ.
1111 2781 1162 2827 τῷ
1186 2777 1398 2826 υπεναντίῳ
1424 2781 1477 2821 εἰς

811 2838 848 2869 μ.
882 2837 922 2869 φ.
959 2837 1048 2870 quae
1081 2828 1271 2862 emendatio
1295 2828 1401 2861 lenior
1425 2829 1477 2861 vi—

812 2872 924 2914 detur,
950 2883 1052 2917 quam
1073 2873 1255 2920 Toupiana
1278 2875 1314 2908 et
1334 2874 1474 2909 Bastia-
