1764 3176
273 131 395 157 Lxxx
705 114 1236 158 PRAEFATIO

272 236 365 275 dem
398 235 466 274 illo
497 225 681 290 ξύμπας
712 236 923 275 adductum
945 249 992 275 se
1016 235 1134 284 dicit,
1160 239 1204 275 ut
1238 235 1412 283 dubitet,
1448 248 1656 276 numerum

271 327 379 375 216,
417 340 467 365 an
499 327 583 365 eius
614 328 846 378 quadratum
874 329 984 368 malit
1014 328 1278 380 significatum
1311 330 1464 380 putare.
1543 328 1655 379 Quae

270 419 462 457 dubitatio
495 419 640 458 iniusta
663 424 794 467 esset,
831 421 907 459 nisi
938 419 1052 459 Plato
1083 419 1134 458 de
1154 419 1310 458 duobus
1340 420 1515 458 numeris
1535 418 1657 459 verba

269 510 407 548 facere
443 509 655 549 side-retur.
725 510 868 563 Neque
887 512 994 550 enim
1021 514 1260 562 propterea,
1301 510 1410 561 quod
1428 510 1656 550 harmonias

269 601 446 640 nondum
469 602 563 639 satis
585 602 799 653 explicatas
823 603 1009 651 habebat,
1042 603 1093 641 de
1112 603 1236 654 priori
1255 615 1421 640 numero
1442 602 1657 653 ambigere,

270 697 337 732 aut
357 684 538 748 ξύμπας
561 696 600 731 et
631 686 946 751 γεωμετρικός
968 694 1061 745 quid
1082 694 1346 745 significaret,
1382 694 1423 731 in
1443 693 1657 732 dubitatio-

271 798 363 823 nem
393 797 537 823 vocare
565 788 737 836 poterat.
809 785 946 836 Itaque
968 785 1049 824 hoc
1073 798 1147 837 pro
1170 788 1280 823 certo
1300 785 1528 836 posuerim,
1565 784 1656 824 Pla-

271 880 409 915 tonem
438 876 558 914 verba
592 879 766 915 extrema
791 877 846 915 ita
876 877 1119 924 instituisse,
1154 880 1198 914 ut
1225 878 1290 927 qui
1309 877 1359 915 de
1388 876 1464 915 alio
1487 876 1660 926 quodam

272 981 438 1007 numero
463 968 677 1019 cogitaret:
714 968 754 1006 id
774 980 869 1006 vero
891 981 973 1007 non
992 972 1146 1007 temere
1166 981 1280 1015 eum,
1316 967 1389 1007 sed
1408 971 1522 1007 caute
1542 971 1583 1007 et
1603 969 1658 1007 si-

272 1059 354 1098 mul
372 1054 732 1117 ἐρεσχηλοῦντα,
754 1059 1087 1110 quemadmodum
1104 1060 1144 1098 in
1168 1060 1502 1099 commentatione
1527 1059 1659 1107 docui,

272 1150 424 1189 fecisse
449 1153 488 1188 et
504 1153 637 1189 tamen
658 1164 865 1189 numerum
885 1151 1135 1203 periodicum
1152 1152 1277 1191 nihilo
1297 1152 1426 1190 minus
1451 1153 1561 1191 certo
1586 1150 1656 1189 de-

273 1244 450 1281 scribere
470 1241 647 1281 voluisse
672 1246 712 1281 et
731 1243 998 1295 descripsisse
1018 1249 1129 1296 puto.

375 1333 624 1373 Novissimus
643 1334 761 1372 huius
783 1335 864 1374 loci
881 1336 1079 1388 interpres
1093 1335 1295 1375 Branisius
1315 1347 1396 1373 non
1415 1334 1546 1374 solum
1565 1333 1659 1380 duo,

273 1426 347 1466 sed
368 1427 520 1478 aliquot
536 1439 723 1465 numeros
744 1441 765 1466 a
786 1426 955 1466 Platone
977 1427 1207 1479 designatos
1247 1427 1415 1474 statuit,'
1438 1439 1562 1464 unum
1583 1425 1659 1463 hu-

271 1531 412 1557 manae
434 1523 597 1557 naturae
621 1520 936 1567 convenientem,
975 1521 1040 1571 qui
1063 1520 1175 1570 quasi
1196 1520 1325 1570 imago
1349 1518 1512 1556 humani
1535 1529 1657 1568 gene-

270 1611 324 1649 ris
347 1615 526 1649 naturam
550 1611 635 1648 eius
654 1614 772 1661 atque
792 1610 968 1650 indolem
992 1612 1128 1662 typice
1159 1611 1364 1662 exprimat,
1401 1609 1499 1648 alios
1523 1608 1658 1660 perio-

272 1702 408 1750 dicos,
460 1716 481 1740 a
517 1703 658 1752 quibus
698 1702 911 1741 fertilitatis
944 1703 1139 1741 humanae
1170 1716 1215 1741 ac
1249 1701 1464 1740 sterilitatis
1501 1697 1661 1751 periodi

275 1795 566 1839 contineantur,
604 1805 652 1831 ex
674 1793 908 1844 quibusdam
927 1795 1043 1845 primi
1072 1794 1176 1832 illius
1199 1792 1481 1830 mutationibus
1503 1804 1575 1829 seu
1593 1803 1657 1829 re-

274 1885 541 1925 volutionibus
568 1885 772 1927 oriundos.
839 1884 1014 1923 Primum
1046 1885 1155 1923 illum
1185 1884 1316 1923 verbis
1350 1881 1398 1925 ἑν
1427 1875 1463 1938 ᾧ
1488 1872 1658 1935 πρώτῳ

275 1991 404 2029 usque
435 1977 484 2015 ad
513 1969 763 2035 ἀπέφηναν
785 1976 1026 2016 declaratum
1054 1976 1339 2014 duodenarium
1359 1987 1473 2020 esse,
1510 1973 1661 2024 quippe

277 2083 396 2121 quem
428 2070 598 2120 primum
619 2068 968 2120 multiplicationes
1006 2068 1243 2119 simplicium
1265 2065 1661 2117 compositorumque

277 2174 532 2202 numerormn
561 2160 752 2199 trifariam
778 2160 1041 2212 progignant,
1079 2163 1119 2198 et
1140 2159 1250 2197 cuius
1273 2160 1409 2209 partes
1435 2169 1508 2194 seu
1528 2155 1658 2194 facto-

273 2267 339 2293 res
361 2253 577 2292 similantes
598 2256 638 2291 et
658 2252 938 2291 dissimilantes
970 2255 1087 2302 atque
1111 2253 1303 2302 augentes
1327 2251 1368 2287 et
1384 2248 1659 2287 deminuentes

274 2347 333 2385 sic
356 2345 465 2396 iungi
484 2346 664 2396 possint,
700 2348 744 2383 ut
771 2348 940 2395 quatuor
966 2345 1160 2383 terminos
1195 2340 1469 2394 proportionis
1492 2351 1657 2390 geome-

275 2438 398 2476 tricae
431 2437 655 2475 exhibeant.
724 2435 1027 2475 Periodicorum
1062 2439 1193 2474 autem
1228 2432 1540 2483 descriptionem
1558 2431 1657 2469 inci-

275 2530 452 2581 pientem
473 2528 601 2566 verbis
623 2520 686 2568 ὦν
708 2522 948 2585 ἐπίτριτος
983 2518 1184 2584 πυθμήν
1205 2529 1280 2564 etc.
1297 2537 1426 2575 usque
1447 2523 1496 2561 ad
1519 2514 1656 2578 αὐξη-

276 2614 397 2667 θεὶς,
435 2632 536 2670 quae
568 2620 868 2672 sexagenarium
895 2619 1023 2657 solida
1050 2617 1376 2669 multiplicatione
1404 2629 1426 2654 a
1446 2615 1570 2654 tribus
1594 2614 1656 2653 fa-

277 2711 476 2758 ctoribus,
503 2712 705 2759 ternario,
752 2711 999 2762 quaternario
1034 2713 1073 2748 et
1110 2709 1311 2760 quinario,
1357 2705 1658 2759 producendum

281 2803 493 2850 denotent,
530 2804 749 2842 continuari
780 2806 820 2842 et
848 2802 998 2841 absolvi
1029 2804 1221 2852 sequente
1249 2799 1541 2839 harmoniarum
1559 2797 1655 2835 dua-
