1764 3176
249 133 281 159 x
680 112 1208 157 PRAEFATIO

247 231 308 265 sed
335 229 581 274 praelongiori,
613 233 751 263 centum
779 230 916 273 quidem
942 240 1160 264 numerorum
1190 240 1233 263 ex
1259 228 1434 262 diametris
1450 228 1642 263 effabilibus

245 288 409 331 quinariis
440 286 670 329 indigentibus
697 296 766 320 uno
803 288 963 330 siugulis,
995 288 1125 320 duabus
1149 291 1263 320 autem
1281 286 1528 326 ineffabilibus3
1561 296 1641 319 cen·

244 350 318 378 tum
338 344 419 376 vero
439 344 601 376 cuborum
621 343 798 379 trinitatis,
828 354 916 386 quae
945 345 1048 387 porro
1069 342 1329 385 circunscriptio
1357 343 1403 375 nil
1421 343 1512 376 aliud
1541 343 1641 376 nobis

243 401 392 441 indicat,
425 400 491 433 nisi
518 400 640 433 cubum
663 401 771 443 ipsum
797 410 974 434 numerum
1003 402 1140 434 millena
1167 400 1282 434 millia.
1340 399 1466 432 Verum
1495 403 1533 432 ut
1555 397 1642 431 haec

242 457 483 491 obscurissima
502 457 606 489 verba
632 467 771 499 prorsus
801 457 947 490 candida
976 458 1164 490 reddantur
1191 458 1225 490 in
1249 456 1449 488 memoriam
1476 466 1640 488 revocan-

242 514 323 547 dum
347 518 412 554 est,
431 513 521 556 quod
543 514 683 556 quilibet
705 514 843 547 Solidus
867 524 1028 547 numerus
1049 513 1152 546 habet
1172 513 1240 546 tria
1260 513 1383 553 latera,
1415 512 1536 554 quibus
1558 522 1641 554 pro-

241 571 390 611 ducitur,
420 574 524 612 atque
545 574 701 608 constan
731 581 834 603 unum
854 570 989 612 quidem
1016 570 1251 614 longitudinis,
1284 569 1435 602 alterum
1459 569 1539 601 vero
1560 567 1641 601 lati-

241 624 381 667 tudinis,
402 628 539 660 tertium
561 631 675 659 autem
693 627 894 664 altitudinis,
929 632 966 660 ut
983 628 1129 670 exempli
1145 627 1257 669 gratia
1272 627 1299 658 si
1319 626 1473 659 dicamus
1493 625 1542 658 bis
1560 625 1640 665 tria,

240 695 326 725 sex,
357 687 393 717 et
422 689 544 726 quater
573 694 657 716 sena
684 684 804 726 viginti
826 688 991 726 quatuor:
1024 684 1079 717 hic
1107 688 1159 717 est
1187 693 1346 716 numerus
1366 682 1513 724 solidus,
1545 682 1640 714 cuius

238 740 420 783 longitudo
443 740 580 782 quidem
599 741 675 781 tria,
699 740 844 773 latitudo
867 744 980 773 autem
1001 741 1082 782 duo,
1112 739 1257 773 altitudo
1277 740 1358 772 vero
1377 743 1524 781 quatuor
1544 741 1638 772 sunt.

239 798 395 831 similiter
430 797 459 830 si
479 807 656 830 numerum
688 797 919 830 centenarium
941 798 976 830 in
1006 808 1043 830 se
1073 798 1185 840 ipsum
1215 797 1500 838 multiplicemus,
1530 795 1639 828 oritur

238 854 439 891 Quadratus
459 854 581 887 decem
597 854 699 886 millia
717 864 897 886 numerus:
928 854 1019 896 quod
1037 854 1065 886 si
1085 863 1200 887 rursus
1219 853 1339 886 eodem
1357 852 1555 886 centenario
1574 861 1639 885 nu-

238 921 334 945 mero
363 911 432 944 iam
461 911 572 943 dictus
591 910 711 943 decem
748 911 852 943 millia
885 910 1083 946 Quadratus
1111 921 1272 944 numerus
1299 910 1562 952 multiplicetur,
1595 918 1639 940 ex

237 966 304 1001 hac
324 967 442 1010 utique
461 967 745 1009 multiplicatione
764 967 916 1009 gignitur
931 977 1092 1000 numerus
1117 968 1254 1000 millena
1276 967 1381 999 millia
1401 965 1539 998 Cubus:
1575 963 1641 997 hu-

236 1024 290 1058 ius
311 1029 425 1057 autem
447 1024 533 1057 Cubi
555 1024 620 1057 tria
640 1025 748 1056 latera
775 1028 855 1056 sunt
875 1028 944 1056 tres
965 1024 1096 1057 numeri
1118 1023 1329 1064 centenarii,
1362 1021 1638 1065 quandoquidem

237 1081 311 1114 eius
347 1080 547 1124 longitudo,
579 1080 748 1122 latitudo,
780 1080 992 1123 altitudoque
1025 1084 1162 1115 centum
1192 1081 1360 1113 unitatum
1393 1079 1530 1119 existit,
1561 1078 1637 1111 cnm

236 1148 356 1172 omnes
384 1138 528 1171 invicem
560 1138 721 1180 aequales
748 1148 824 1170 esse
851 1136 1010 1173 debeant,
1071 1137 1173 1172 Quod
1194 1137 1223 1170 si
1251 1146 1430 1169 numerum
1460 1134 1551 1168 hunc
1569 1145 1638 1167 non

235 1200 403 1238 quatenus
430 1194 584 1235 Cubum,
617 1194 677 1227 sed
711 1198 878 1236 quatenus
900 1194 1046 1227 Planum
1085 1194 1340 1227 consideremus
1369 1191 1529 1235 (quilibet
1548 1191 1638 1224 enim

234 1252 373 1285 Solidus
394 1261 555 1285 numerus
573 1256 645 1284 tum
668 1255 838 1293 quatenus
858 1251 1007 1292 Solidus,
1035 1261 1078 1284 ex
1098 1251 1206 1284 tribus
1226 1250 1359 1282 scilicet
1377 1249 1539 1282 lateribus
1556 1258 1638 1290 pro-

235 1308 378 1349 ductus3
409 1312 481 1341 tum
509 1312 677 1350 quatenus
704 1308 834 1341 Planus
861 1318 904 1341 ex
925 1308 1056 1340 duobus
1084 1303 1242 1340 videlicet
1261 1306 1450 1349 productus
1472 1305 1637 1338 lateribus

235 1364 449 1399 considerari
460 1363 594 1410 potest)
616 1375 738 1408 nempe
759 1370 927 1407 quatenus
939 1375 982 1397 ex
995 1364 1127 1397 duobus
1146 1363 1356 1405 centenario,
1378 1368 1412 1395 et
1428 1362 1546 1395 decem
1559 1361 1634 1394 mil-

236 1422 281 1456 lia
302 1422 466 1456 lateribus
488 1421 710 1464 producitur:
731 1422 796 1454 erit
815 1422 888 1454 eius
909 1421 1056 1454 latitudo
1075 1421 1210 1463 quidem
1225 1430 1385 1453 numerus
1404 1418 1634 1459 centenarius,

231 1478 411 1521 longitudo
434 1479 513 1511 vero
531 1479 651 1511 decem
668 1479 771 1511 millia
790 1488 963 1514 numerus.
996 1477 1283 1520 quemadmodum
1301 1477 1390 1510 enim
1407 1475 1636 1518 imaginamur

233 1535 368 1569 Cubum
387 1546 566 1568 numerum
584 1536 784 1577 figuratum,
819 1535 915 1568 cuius
939 1534 1119 1577 longitudo
1131 1523 1299 1574 'centum
1330 1537 1365 1566 et
1387 1532 1531 1566 latitudo
1553 1542 1634 1564 cen-

232 1596 317 1634 tum,
339 1596 374 1625 et
394 1592 540 1625 altitudo
563 1592 681 1624 itidem
703 1596 840 1625 centum
859 1592 1029 1624 unitatum
1049 1596 1123 1624 est:
1155 1592 1202 1624 ita
1218 1591 1322 1623 etiam
1340 1589 1633 1631 Antelongiorem,

231 1659 294 1683 seu
314 1649 595 1690 Praelongiorem
620 1658 798 1681 numerum
822 1648 970 1681 Planum
995 1646 1114 1690 (quem
1143 1648 1252 1690 qualis
1273 1647 1316 1679 sit
1345 1647 1379 1679 in
1402 1645 1635 1688 superioribus

231 1705 499 1748 declaravimus)
518 1706 614 1737 iuxta
632 1704 777 1738 sormam
801 1705 1111 1747 parallelogrammi
1134 1703 1324 1745 rectanguli
1340 1705 1525 1745 figuratum
1545 1702 1634 1735 ima-

232 1763 345 1805 ginari
371 1772 573 1806 possumus;
606 1762 701 1794 cuius
728 1761 875 1794 latitudo
904 1761 1040 1803 quidem
1073 1762 1118 1794 sit
1148 1765 1307 1801 centum,
1338 1759 1517 1801 longitudo
1551 1758 1633 1791 vero

232 1820 352 1853 decem
386 1819 500 1852 millia.
560 1819 715 1860 Uterque
738 1824 853 1850 autem
877 1817 1018 1850 istorum
1047 1817 1190 1850 duorum
1223 1826 1442 1849 numerorum
1465 1816 1530 1848 erit
1560 1816 1634 1858 ipse

231 1877 369 1911 millena
391 1876 493 1908 millia
510 1885 682 1908 numerus.
744 1875 845 1907 Hunc
859 1875 974 1916 itaque
994 1884 1183 1914 numerum,
1205 1883 1266 1905 seu
1285 1872 1472 1905 secundam
1492 1871 1633 1904 harmo-

228 1934 322 1968 niam
342 1932 444 1966 Plato
473 1932 675 1974 quibusdam
697 1931 947 1965 obscurissimis
969 1931 1080 1964 verbis
1102 1930 1372 1963 circunscribere
1395 1930 1523 1969 volens,
1546 1928 1634 1961 dixit

230 2001 308 2024 eam
327 2000 403 2023 esse
429 1990 614 2032 „aequalis
640 1989 778 2033 quidem
811 1988 1081 2032 longitudinis“
1110 1988 1241 2020 scilicet
1275 1985 1478 2028 longitudini
1509 1985 1633 2028 prioris

229 2046 431 2081 harmoniae
462 2046 529 2078 iam
558 2046 777 2087 declaratae,
811 2045 906 2077 cuius
936 2043 1246 2086 etiam'longitudo
1277 2047 1413 2076 centum
1446 2045 1520 2075 erat
1546 2041 1632 2082 „sed

230 2099 521 2147 Praelongiori“
556 2102 621 2135 hoc
655 2107 708 2136 est
741 2103 816 2145 ipso
855 2101 976 2135 eodem
1007 2102 1145 2134 millena
1173 2100 1277 2133 millia
1297 2110 1439 2132 numero
1469 2103 1630 2141 tanquam

228 2160 468 2202 Praelongiori
492 2164 674 2202 suscepto,
704 2160 769 2192 erit
788 2159 906 2201 utique
930 2159 1026 2191 iuxta
1049 2157 1319 2200 longitudinem,
1354 2160 1389 2189 et
1414 2155 1631 2188 latitudinem

229 2218 328 2251 simul
366 2222 531 2259 „centum
555 2217 695 2262 quidem
713 2215 964 2250 numerorum“
996 2225 1142 2257 quorum
1169 2214 1403 2255 unusquisque
1435 2213 1568 2245 scilicet
1595 2212 1630 2245 in

226 2285 264 2308 se
285 2274 406 2307 decem
427 2275 530 2306 millia
551 2274 724 2307 continet:
746 2273 876 2306 centies
897 2273 986 2305 enim
1007 2271 1125 2305 decem
1144 2271 1249 2304 millia
1267 2271 1333 2303 iam
1352 2269 1480 2302 dictum
1495 2269 1631 2302 millena

226 2331 334 2366 millia
352 2341 529 2364 numerum
549 2334 743 2373 procreant,
776 2334 944 2372 „centum
966 2331 1045 2363 verb
1067 2329 1238 2362 cuborum
1258 2327 1461 2360 trinitatis“
1490 2325 1556 2358 hoc
1577 2329 1630 2358 est

225 2389 254 2423 si
278 2387 441 2420 idemmet
459 2397 619 2420 numerus
642 2392 802 2430 tanquam
821 2386 974 2428 Solidus,
1005 2390 1039 2419 et
1070 2385 1186 2418 Cubus
1205 2384 1414 2426 accipiatur3
1449 2383 1514 2416 erit
1533 2383 1629 2415 iuxta

227 2445 441 2479 altitudinem
463 2449 598 2477 centum
613 2445 798 2479 Cuborum.
828 2454 907 2477 nam
926 2444 1000 2486 ipse
1014 2443 1148 2476 millena
1170 2441 1272 2474 millia
1287 2450 1447 2473 numerus
1463 2444 1628 2481 tanquam

228 2502 347 2535 Cubus
373 2501 629 2541 consideratus,
662 2505 798 2534 centum
818 2500 853 2533 in
872 2500 1051 2533 altitudine
1073 2508 1195 2541 parvos
1220 2497 1336 2530 Cubos
1360 2496 1463 2529 habet
1481 2507 1524 2529 ex
1548 2495 1626 2528 uni-

226 2562 301 2592 tate
328 2558 537 2601 productos,
571 2568 654 2600 quos
685 2557 842 2600 equidem
868 2557 970 2590 Plato
1003 2556 1119 2589 Cubos
1147 2554 1310 2588 trinitatis
1349 2565 1417 2587 non
1456 2552 1625 2586 immerito

225 2616 381 2649 vocavit:
412 2619 482 2647 tum
507 2615 667 2657 quoniam
700 2615 808 2648 omnis
834 2615 950 2647 Cubus
984 2614 1091 2646 tribus
1111 2612 1180 2645 suis
1207 2611 1391 2651 lateribus,
1423 2620 1465 2643 ac
1493 2610 1628 2642 dimen-

227 2672 380 2706 sionibus
400 2672 590 2704 trinitatem
614 2681 816 2715 corpoream
842 2671 991 2704 indicat:
1025 2674 1096 2703 tum
1125 2669 1227 2702 etiam
1254 2667 1333 2711 quia
1347 2667 1415 2700 iam
1437 2667 1519 2699 dicti
1542 2677 1626 2699 cen-

230 2733 302 2762 tum
322 2729 453 2772 parvuli
476 2728 562 2761 Cubi
589 2728 757 2762 denotant
777 2727 990 2761 altitudinem
1010 2727 1115 2770 ipsius
1131 2725 1269 2758 millena
1296 2724 1400 2757 millia
1419 2723 1539 2757 Cubici
1559 2732 1624 2756 nu-

230 2786 327 2828 meri,
357 2796 448 2830 quae
478 2785 616 2828 quidem
639 2785 784 2819 altitudo
809 2785 931 2828 cuique
954 2783 1090 2828 corpori
1107 2781 1327 2823 soliditatem,
1356 2781 1549 2824 trinamque
1570 2778 1622 2813 di-
