1764 3176
273 88 330 128 64

727 85 1198 129 PLVATONIS

273 195 319 239 δὲ
359 194 432 239 καὶ
469 194 755 249 τούναντίον,
811 196 953 250 πάσας
992 196 1152 248 ταύτας
1197 198 1233 240 εἰ
1282 196 1341 252 μὴ
1380 194 1649 252 ἀναγκαίους

271 268 433 320 φαῖμεν
475 261 606 314 εἶναι,
648 262 725 318 ἀρ’
758 263 814 308 ου’
842 270 984 317 καλῶς
1022 265 1077 309 ἂν
1106 264 1325 321 λέγοιμεν,-

398 329 728 386 Προελώμεθα
765 331 818 389 δή
858 351 900 377 τι
936 334 1212 388 παράδειγμα
1241 331 1474 386 ἑκατέρων,
1515 333 1564 375 αἴ
1595 332 1649 375 εἶ-

271 333 367 375 Οὐν

1380 267 1530 315 Καλῶς
1569 263 1649 319 μὲν

270 410 360 450 σιν,
400 400 474 442 ι’να
503 398 623 456 τύπῳ
652 399 851 456 λάβωμεν
881 400 1043 454 αὐτάς;
1077 400 1257 445 Οὐκοῦν
1286 398 1379 456 χρή.
1430 394 1521 455 'Ao'
1562 395 1648 443 οὖν

268 464 348 521 οὐχ
384 465 410 522 ἡ
441 470 522 509 τοῦ
552 472 708 524 φαγεῖν
743 469 866 524 μέχρι
901 469 1068 525 υγιείας
1098 486 1142 512 τε
1171 469 1244 513 καὶ
1273 467 1436 520 εὐεξίας
1465 468 1538 511 καὶ
1567 466 1649 511 αὗ-
1700 506 1706 513 .

267 541 352 579 τοῦ
387 535 510 578 σίτου
554 551 599 579 τε
635 535 708 580 καὶ
738 536 855 589 ὄψου
899 536 1134 594 ἀναγκαῖος
1173 536 1229 580 ἄν
1267 539 1351 594 εἴης
1402 533 1544 592 Οἶμαι.

267 684 392 719 afferre
423 684 626 730 cupiditates
648 685 736 719 istae
758 685 929 722 dicuntur.

265 730 358 765 Nam
392 730 422 764 si
453 731 534 776 quid
568 731 729 765 eiusmodi
753 732 928 773 afferrent,

266 781 333 810 non'
356 781 495 821 possent
530 788 592 810 non
627 778 842 811 necessariae
868 778 928 811 ha-

265 822 352 856 beri.
400 822 540 855 Minime
563 834 645 856 veio
675 824 851 876 probabile
875 830 929 857 est

265 867 355 913 quod
379 867 493 901 Astius
527 868 561 901 in
595 879 662 901 sec.
689 869 857 910 exhibuit,
894 869 928 902 in

265 918 343 947 tert.
371 913 534 969 scriptum
560 926 580 947 a
603 915 745 948 Platone
770 914 926 955 coniecit,

264 957 361 1002 πρὸς
395 956 527 992 οὐδέν’
531 984 540 1002 ,
573 971 675 1004 quum
705 961 809 994 dictio
833 961 928 1007 δρᾷν

264 1003 361 1048 πρός
395 1016 479 1037 τινα
512 1017 578 1038 ιιοῐι
609 1007 716 1039 ιιιίιιιι5
750 1018 770 1040 a
793 996 928 1050 linguae

266 1062 350 1092 usu,
376 1062 477 1094 quam
502 1063 692 1095 personae,
727 1052 782 1086 cui
806 1054 927 1086 bonum

266 1096 451 1138 afferatur,
496 1099 765 1131 commemmatio
797 1110 818 1132 a
851 1110 930 1132 sen-

265 1142 372 1177 tentia
396 1142 573 1198 scriptoris
597 1144 706 1177 aliena
730 1144 787 1177 sit.

312 1185 351 1222 δὲ
376 1186 461 1242 καὶ]
498 1186 588 1222 δέκα
615 1190 696 1224 Ven.
717 1190 758 1223 C.
783 1191 860 1224 Par.
885 1190 927 1224 D.

267 1231 307 1268 δὲ
331 1230 427 1267 nocto}
452 1234 529 1267 Par.
555 1234 598 1267 K.

312 1277 436 1318 πάσας
472 1277 635 1324 ταύτας]
676 1278 799 1320 πάσας
833 1279 927 1314 ποίν-

264 1336 332 1365 τας
355 1325 431 1359 Ald.
457 1326 536 1359 Bas.
570 1338 601 1361 a.
630 1327 749 1360 πᾶσαι
785 1325 928 1367 πάντας

264 1371 385 1416 Steph.
413 1373 483 1404 Ast.
507 1383 558 1416 pr.
580 1384 647 1406 sec.
674 1374 744 1414 „In
770 1374 926 1426 praeced.

265 1417 345 1451 edit.
371 1415 494 1456 πάσας
518 1416 683 1462 πάντας,
716 1431 816 1463 quum
841 1420 928 1453 scii-

264 1463 409 1497 bendum
442 1464 509 1505 sit,
534 1470 573 1498 ut
596 1465 668 1507 hic,
694 1465 814 1498 πᾶσαι
832 1462 927 1499 παν-

264 1521 350 1552 τας,
390 1510 544 1554 quamvis
573 1511 676 1544 multo
716 1511 851 1545 maioris
892 1515 927 1544 et

263 1555 458 1589 occultioris
501 1556 612 1590 mendi
653 1563 832 1602 suspectus
873 1557 926 1590 hic

263 1600 356 1634 locus
381 1602 521 1635 fue1itf‘
546 1603 667 1647 steph.
693 1609 807 1638 annot.
819 1615 853 1648 p.
869 1605 924 1637 26.

264 1646 389 1680 Veram
423 1647 600 1682 lectionem
636 1648 671 1681 in
694 1649 775 1683 Bas.
808 1651 839 1683 b.
866 1661 926 1682 ex-

263 1696 409 1726 stantem
434 1698 468 1726 et
491 1706 512 1727 a
532 1694 722 1739 Bipontinis
747 1708 766 1729 e
791 1696 869 1729 Par.
881 1695 924 1728 K.

263 1738 429 1784 prolatam
464 1740 581 1773 Astius
614 1752 656 1773 ne
684 1741 718 1774 in
751 1753 819 1774 sec.
851 1742 925 1786 qui-

263 1785 340 1817 dem
363 1785 520 1839 agnpvst,
555 1786 642 1819 falsa
665 1786 723 1820 illa
745 1787 787 1820 de
812 1787 925 1821 verbis

263 1828 358 1874 πρὸς
393 1827 503 1863 οὐδὲν
540 1831 698 1875 opinione
744 1833 924 1878 praepedi—

264 1879 337 1909 tus:
362 1875 395 1909 in
413 1881 494 1910 tent.
510 1876 634 1917 πάσας
657 1876 809 1922 ταύτας,
835 1879 925 1923 quod

263 1932 377 1956 omnes
411 1922 546 1956 codices
581 1924 761 1966 exhibent,
794 1925 925 1970 iecepit

264 1972 299 2001 et
323 1971 505 2009 commate,
528 1974 566 2003 ut
597 1981 660 2015 par
684 1975 777 2012 erat,
801 1983 820 2004 a
844 1983 925 2015 pro-

262 2013 360 2048 ximis
394 2013 566 2057 distinxit,
609 2016 669 2049 sed
703 2028 744 2049 ex
778 2016 924 2061 pristino

263 2071 380 2093 errore
404 2060 547 2094 alterum
571 2073 698 2095 comma
722 2062 854 2096 adiecit.

310 2102 554 2151 ἀναγκαίους]
598 2104 803 2151 ἀναγκαίας
843 2109 923 2142 Par.

261 2152 338 2186 AK.
364 2163 432 2185 sec.
458 2153 533 2197 Bip.
558 2153 650 2188 Mon.
678 2155 714 2188 Β.
741 2155 833 2188 Flor.
844 2155 923 2190 TU.

262 2198 428 2231 Fortasse
460 2198 635 2233 Bekkerus
668 2201 746 2234 Par.
781 2200 824 2234 K.
859 2212 922 2245 pro

260 2244 303 2278 A.
326 2243 518 2287 significare
541 2245 655 2279 voluit.

308 2291 473 2334 φαῖμεν]
507 2297 586 2336 post
630 2288 725 2325 εἶναι
758 2292 851 2326 Mon.
883 2293 923 2326 B.

262 2335 390 2379 φῶμεν
415 2336 499 2380 Ang.
525 2337 563 2370 B.
588 2338 630 2370 In
654 2338 752 2373 Vind.
778 2339 818 2372 F.
844 2338 924 2372 nihil

260 2381 327 2415 nisi
351 2393 379 2424 φ
415 2383 630 2427 conspicuum
662 2390 838 2429 superest.
868 2397 924 2418 re-

260 2426 385 2481 liqua'
377 2439 411 2460 ιιι
429 2428 503 2483 fine
525 2441 644 2463 versus
669 2434 888 2465 evanuerunt.

307 2472 356 2528 ἀρ
367 2470 392 2517 ⁷]
421 2469 488 2517 ἄρ’
513 2475 611 2508 Vind.
631 2477 671 2510 F.

305 2516 491 2563 λέγοιμεν]
521 2519 670 2564 λέγομεν
694 2523 774 2557 Bas.
799 2523 831 2557 b.

307 2566 400 2609 ουν]
435 2578 498 2599 om.
525 2567 604 2601 vat.
628 2569 672 2602 H.

307 2608 562 2654 Προελιόμεθα
578 2613 590 2656 ]
687 2611 924 2658 προελόμεθα

261 2656 359 2692 Vind.
394 2657 438 2691 F.
474 2658 565 2692 Flor.
597 2660 701 2693 ACV.

308 2699 450 2743 αὕταςς
463 2704 476 2747 ]
511 2704 649 2747 Signum
692 2705 924 2750 interrogandi

261 2760 283 2783 a
320 2729 477 2783 Bekkeio
512 2755 548 2783 et
579 2752 800 2786 Stallbaumio
832 2751 922 2797 posi-

1597 534 1658 577 ‘H

987 690 1058 719 tum
1090 686 1132 719 ob
1166 696 1311 730 sequens
1344 681 1496 719 Ου’κοῦν
1528 689 1648 718 tenen-

986 733 1062 765 dum
1084 732 1211 775 putavi.
1237 732 1266 764 F
1267 730 1372 764 icinus
1392 731 1475 765 haec
1493 730 1544 764 ita
1567 741 1649 763 con-

984 778 1112 810 vertit:
1141 778 1357 821 decipiamus
1385 789 1504 811 earum
1535 788 1648 810 exem-

982 825 1084 867 plar,
1134 829 1193 865 ut,
1235 834 1324 867 quae
1365 828 1531 867 utraeque
1568 824 1649 864 sint,

985 881 1250 914 cognoscamus,
1285 874 1318 902 et
1349 869 1384 901 in
1408 871 1535 914 figura
1562 880 1650 913 qua-

985 896 1067 949 daom
1100 927 1159 948 eas
1187 915 1419 957 inepiciamus.

1026 957 1206 1006 Ου’κονν]
1236 958 1372 994 Ὀκοῦν
1403 959 1478 997 Ald.

1022 999 1101 1052 Ἆρ’
1138 1006 1207 1040 οὐν
1248 1026 1295 1031 ——
1323 1003 1387 1049 Ορ
1389 1003 1539 1039 θότατα
1581 1016 1647 1048 μεν

987 1052 1067 1086 ου’ν.
1096 1052 1150 1096 C.]
1177 1052 1496 1086 laudatAthenaeus
1514 1052 1553 1084 L.
1565 1051 1645 1085 XII.

984 1110 1018 1142 p
1052 1099 1130 1133 511.
1164 1098 1207 1131 Ε.
1252 1104 1331 1142 post
1369 1098 1476 1131 locum
1518 1097 1649 1131 Philebi

984 1145 1049 1177 hac
1097 1144 1365 1177 introductione.
1423 1141 1461 1177 ἐν
1508 1141 1547 1177 δὲ
1593 1143 1647 1188 τῷ

987 1186 1108 1236 ογδόῳ
1140 1190 1210 1233 τῆς
1239 1189 1309 1233 (id.
1343 1202 1408 1223 om.
1449 1189 1523 1223 cod.
1552 1177 1648 1223 Lau'-

984 1239 1071 1269 rent.
1117 1236 1176 1279 1.)
1226 1236 1420 1275 Πολιτείας
1463 1232 1483 1270 ὁ
1531 1231 1647 1274 αὐτός

985 1278 1142 1314 Πλατων
1181 1282 1294 1335 (haec
1326 1281 1393 1316 tria
1427 1293 1491 1315 o.m
1524 1282 1646 1337 idem)

982 1325 1164 1383 πρότερος
1188 1323 1358 1367 νπέδειξε
1386 1325 1430 1361 τὸ
1460 1324 1536 1362 υπὸ
1567 1327 1646 1361 τῶν

982 1370 1241 1429 Ἐπικουρείων
1264 1370 1554 1416 θρυλλούμενον,
1584 1369 1644 1407 ότι

983 1419 1059 1452 τῶν
1084 1416 1292 1474 ἐπιθυμιῶν
1322 1418 1361 1452 αἱ
1386 1417 1454 1461 μέν
1482 1419 1551 1452 εἰσι
1576 1431 1646 1462 φυ-

986 1463 1085 1498 σικαὶ
1111 1461 1195 1508 μὲν,
1217 1462 1286 1498 οὐκ
1309 1461 1509 1520 ἀναγκαῖαι
1531 1462 1584 1508 δὲ,
1606 1464 1646 1498 αἱ

985 1508 1025 1544 δὲ
1051 1506 1137 1544 οὔτε
1152 1509 1305 1564 φυσικαὶ
1323 1506 1407 1544 οὔτ’
1432 1507 1645 1567 ἀναγκαῖαι,

984 1568 1139 1600 γραφων
1176 1553 1306 1596 ου’τως.
1342 1575 1390 1582 -—
1421 1557 1487 1590 Pro
1509 1553 1590 1601 αρ’
1611 1556 1646 1590 in
1679 1597 1682 1599 Α

984 1602 1084 1637 Vind.
1120 1603 1160 1636 F.
1205 1599 1272 1646 ἄρ’
1306 1602 1546 1645 exstat3013v
1578 1615 1646 1637 om.

985 1649 1084 1682 Vind.
1112 1649 1155 1682 Ε.
1180 1649 1271 1681 Flor.
1296 1649 1402 1682 ACT.

1031 1691 1098 1738 οὐχ
1130 1691 1175 1738 ἡ]
1213 1691 1295 1738 ου’χὶ
1324 1694 1419 1728 Vind.
1443 1695 1485 1728 Ε.
1512 1691 1595 1738 οὐχὶ
1617 1691 1643 1739 ἦ

982 1741 1151 1774 Athenaei
1178 1741 1252 1774 cod.
1278 1741 1381 1774 Laur.
1407 1743 1438 1775 1.
1463 1741 1517 1774 ed.
1542 1741 1644 1775 Dind.

983 1784 1051 1820 οὐκ
1074 1783 1097 1830 ή
1125 1786 1177 1820 ed.
1202 1788 1283 1820 Bas.
1307 1783 1330 1831 ἡ
1365 1787 1440 1821 cod.
1472 1787 1583 1821 Palas.
1609 1794 1646 1820 et

981 1833 1034 1866 ed.
1059 1832 1167 1887 princ.

1027 1879 1152 1922 μεχρι]
1203 1875 1333 1932 μέχρις
1366 1878 1445 1912 Par.
1489 1878 1533 1911 K.
1574 1889 1644 1912 sec.

980 1924 1088 1957 Bekk.
1115 1924 1235 1957 Athen.
1261 1920 1391 1967 (μέχρι
1415 1924 1466 1957 ed.
1497 1924 1616 1968 Dind.)

1028 1966 1193 2013 υγιείας]
1219 1966 1345 2013 ’ὑγείας
1369 1970 1454 2003 Lob.
1480 1970 1579 2004 Vind.
1602 1970 1641 2004 F.

982 2015 1075 2050 Mon.
1102 2017 1142 2050 B.
1169 2016 1246 2048 Par.
1270 2016 1314 2050 K.
1340 2027 1408 2050 sec.
1431 2016 1540 2050 Bekk.

1028 2063 1091 2117 τε]
1126 2074 1189 2095 om.
1215 2062 1337 2095 Athen.

1027 2104 1169 2151 αὐτοῦ]
1197 2106 1244 2141 αὖ
1269 2107 1339 2141 τοῦ
1366 2107 1465 2142 Vind.
1487 2107 1528 2142 F.
1552 2109 1640 2163 Aug.

981 2154 1021 2186 B.
1049 2159 1084 2187 et
1115 2166 1136 2187 a
1168 2165 1210 2186 m.
1245 2165 1272 2186 s.
1306 2153 1398 2188 Mon.
1422 2155 1463 2188 B.
1497 2151 1640 2198 (αὐτοῦ

982 2211 1003 2232 a
1026 2211 1068 2233 m.
1091 2199 1168 2244 pr.)
1202 2199 1270 2233 τοῦ
1300 2200 1469 2234 Athenaei
1500 2201 1553 2234 ed.
1589 2212 1641 2246 pr.

982 2250 1018 2278 et
1043 2245 1191 2279 Casaub.
1218 2243 1352 2284 (αὐτοῦ
1379 2246 1513 2280 codices
1530 2247 1640 2281 Marc.

980 2291 1085 2324 Laur.
1113 2294 1143 2326 1.
1166 2292 1328 2335 Palat.‚)
1331 2292 1491 2337 ‚Rectius
1514 2293 1642 2327 fortas-

981 2349 1018 2370 se
1040 2337 1248 2371 scriberetur
1270 2337 1333 2371 καὶ
1358 2337 1406 2372 αύ
1430 2338 1499 2372 τοῦ
1524 2339 1641 2373 σίτου.

980 2383 1104 2417 Mirum
1143 2388 1255 2416 autem
1286 2384 1397 2417 videri
1429 2384 1539 2429 possit
1570 2397 1640 2427 cur,

980 2433 1160 2486 postquam
1203 2429 1291 2463 dixit
1338 2427 1366 2486 ἦ
1405 2430 1474 2464 τοῦ
1508 2433 1641 2489 φαγεῖν

982 2472 1191 2530 [ἐπιθυμία]
1217 2473 1320 2520 μέχρι
1344 2473 1486 2531 νγιείας
1516 2489 1554 2510 τε
1577 2475 1641 2511 καὶ

982 2518 1146 2566 ευεξίας,
1172 2522 1300 2562 addat,
1336 2522 1399 2556 καὶ.
1424 2519 1545 2556 αὐτοῦ
1571 2523 1639 2566 [vel

982 2567 1029 2601 αυ’
1053 2568 1136 2611 τοῦ]
1158 2568 1261 2601 σίτου
1279 2568 1390 2603 τεκαὶ
1411 2564 1521 2611 ὄψου.
1537 2581 1638 2613 (]ιιιιιιι

980 2615 1084 2647 verbo
1105 2617 1238 2657 φαγεῖν
1266 2615 1388 2648 mentio
1409 2615 1639 2649 includeretur

981 2660 1034 2703 (ut
1049 2660 1097 2693 ita
1108 2659 1232 2703 dicam)
1245 2661 1312 2694 τοῦ
1327 2661 1429 2694 σίτου
1440 2659 1502 2693 καὶ
1516 2657 1638 2704 ὄψου.-

980 2711 1040 2739 aut
1065 2707 1184 2739 saltem
1210 2706 1323 2740 σίτου.
1361 2707 1549 2739 Videndum
1572 2706 1638 2750 igi-

979 2757 1035 2786 tur
1059 2763 1102 2786 an
1125 2751 1267 2796 intelligi
1291 2753 1416 2787 debeat
1447 2752 1490 2786 de
1515 2751 1555 2785 iis
1577 2751 1636 2797 qui
