1764 3176
213 73 295 113 120

657 74 1133 118 PLATONIS

209 180 284 223 καὶ
319 180 372 224 τοὶ
414 181 591 226 ἐκείνων
636 181 919 241 ἀφῃροῦντο,
959 184 1076 230 οὕτω
1125 187 1200 230 καὶ
1238 185 1369 239 αὐτὸς
1421 185 1594 241 ἀξιώσει

209 247 421 303 νεώτερος
465 249 527 294 ὢν
565 250 730 307 πατρός
776 269 821 296 τε
872 254 948 297 καὶ
982 253 1148 310 μητρός
1186 254 1320 298 πλέον
1369 254 1480 311 ἔχειν
1520 257 1594 299 καὶ

210 315 642 372 οἷφαιρεῖσθαι,’ἐάν
676 320 725 363 τό
759 321 897 365 αὑτοῦ
926 321 1058 376 μέρος
1089 322 1319 378 ἀναλώσῃ,
1350 321 1594 379 ἀπονειμά-

212 400 344 440 μενος
383 389 473 428 τῶν
515 387 732 445 πατρῴων
745 406 757 439 3

806 388 934 433 'Amol
971 392 1013 433 τί
1052 390 1159 447 μήνς
1209 390 1307 447 ἔφη.
1354 390 1434 433 7‘Av
1465 393 1510 435 δὲ
1541 390 1595 448 δή

150 451 186 492 Β
218 451 337 510 αὐτῷ
367 454 425 510 μή
458 453 766 508 ἐπιτρέπωσιν,
806 453 881 513 ἆρ’
914 456 968 502 οὐ
996 458 1045 502 τὸ
1075 459 1155 514 μὲν
1183 462 1362 512 πρῶτον
1390 458 1599 514 ἐπιχειροῖ

212 519 268 563 ἂν
295 521 492 564 κλέπτειν
524 523 597 565 καὶ
628 521 801 581 ἄπατᾷν
827 525 933 577 τούς
965 527 1145 583 γονέας;
1190 526 1389 577 Πάντως.

1444 525 1598 571 Ὁπότε

212 588 259 632 δὲ
293 589 351 646 μή
393 591 598 643 δύναιτο,
639 591 828 646 ἁρπάζοι
870 595 925 637 ἂν
964 595 1037 638 καὶ
1078 594 1267 651 βιάζοιτο
1297 595 1403 650 μετὰ
1439 599 1598 647 rosam

216 655 373 713 Οἶμαι,
403 658 502 740 ἔφη.
558 657 879 716 Ἀντεχομένων
909 661 962 719 δὴ
1001 663 1075 706 καὶ
1111 662 1393 719 μαχομένων,
1427 658 1462 706 ὦ
1488 669 1600 707 θαυ-

210 725 365 781 μάσιε,
402 724 609 782 γέροντός
643 743 687 770 τε
725 746 799 772 και
835 728 972 785 γραὸς
1012 725 1086 784 ἆρ’
1129 728 1391 787 εὐλαβηθείη
1433 730 1488 774 ἂν
1526 731 1601 800 καὶ,

213 796 412 849 φείσαιτο
453 793 511 851 μή
554 811 595 837 τι
636 797 795 849 δρᾶσαι
832 802 921 840 τῶν
957 801 1254 852 τυραννικῶνς
1307 797 1372 841 Οὐ
1401 815 1541 851 πανυ,
1571 793 1600 854 ἦ

211 861 253 905 δ’
297 861 366 913 ὃς,
407 863 538 917 ἔγωγε
574 865 732 919 θαῤῥω
771 867 870 920 περὶ
906 871 995 909 τῶν
1031 865 1208 949 γονέων
1253 870 1334 909 τοῦ
1374 865 1600 910 τοιούτου.

209 928 343 982 ’',Am
377 932 410 973 ὠ
438 929 704 987 Ἀδείμαντε,
735 934 846 988 πρὸς
875 933 997 985 Διὸς,
1028 934 1154 978 ἕνεκα
1184 935 1338 978 νεωστὶ
1369 935 1500 990 φίλης
1529 935 1603 978 καὶ

172 1008 178 1019 “
212 995 297 1041 οὐκ
336 995 577 1055 ἀναγκαίας
606 1000 781 1057 ἑταίρας
817 1005 1049 1060 γεγονυίας
1078 1000 1159 1059 τήν
1197 1001 1334 1046 πάλαι
1364 1004 1498 1059 φίλην
1527 1003 1603 1047 καὶ

257 1155 405 1205 αὐτοῦ]
444 1159 505 1196 ocv’.
542 1162 628 1197 Lob.
667 1164 763 1198 Vind.
797 1165 875 1199 EF.

211 1206 286 1240 Ald.
314 1207 392 1239 Bas.
419 1208 472 1241 ab.

257 1252 333 1285 τῶν
361 1251 570 1299 πατρῴων]
606 1253 674 1289 τὸν
700 1256 878 1300 πατρῶον

213 1298 311 1332 Vind.
346 1298 390 1332 E.
424 1301 504 1335 Vat.
540 1301 584 1335 H.
623 1299 666 1336 τὸ
700 1303 878 1346 πατρῶον

210 1344 313 1379 Vind.
346 1345 385 1377 Β.
422 1346 497 1379 τῶν
531 1359 669 1391 πρωων
702 1348 802 1384 Vind.
836 1350 878 1384 F.

211 1388 257 1423 τὰ
283 1391 441 1434 πατρίδα
470 1393 562 1429 Flor.
587 1394 632 1427 T.

246 1432 331 1480 Ὰν]
358 1438 414 1471 Ita
439 1441 516 1473 Par.
528 1440 567 1473 A.
593 1440 693 1474 Vind.
704 1440 778 1475 ΒΕ.
798 1441 878 1474 Vat.

210 1482 256 1516 H.
304 1483 441 1539 Rel11u1
476 1486 609 1519 codices
643 1490 678 1519 et
712 1487 879 1521 editiones

213 1540 328 1562 omnes
355 1526 420 1562 ἐὰν
454 1532 634 1575 exhibent,
660 1533 750 1577 quod
775 1533 879 1567 multo

212 1576 427 1619 frequentius
467 1577 524 1610 illo
561 1578 595 1611 in
638 1579 690 1611 his
735 1578 880 1623 dialogis

213 1624 277 1655 est.
345 1621 414 1654 Sed
464 1624 695 1668 monosyllabo
745 1636 880 1670 quoque

213 1667 390 1700 Platonem
407 1669 456 1701 uti
477 1675 621 1704 constat.
656 1671 774 1711 Quare
791 1671 881 1716 quod

215 1713 506 1762 consentientibus
533 1716 629 1749 1111115
658 1717 813 1751 omnibus
838 1718 880 1750 ab

214 1771 255 1792 eo
268 1759 428 1803 positum
453 1761 634 1803 medimus,
663 1763 698 1795 id
723 1764 765 1796 ab
790 1763 882 1808 opti-

216 1805 280 1838 mis
316 1805 504 1839 exhibitum
537 1819 700 1852 spernere
729 1821 795 1841 non
820 1810 882 1841 de-

216 1852 346 1892 heum,
371 1851 435 1884 11151
455 1854 545 1886 forte
562 1853 670 1897 primo
688 1854 761 1887 loco
776 1855 882 1888 111111115

218 1896 401 1931 convenire
427 1893 474 1931 ὃὶν
498 1903 675 1944 putamus,
702 1912 802 1944 quarn
827 1912 883 1934 se-

219 1944 340 1985 cundo,
365 1955 463 1985 quem
489 1957 518 1978 e.
544 1957 572 1978 c.
599 1957 632 1990 p.
652 1947 731 1980 575.
755 1949 795 1979 A.
821 1947 884 1979 ob-

218 1989 315 2023 tinet.
362 1990 543 2024 Bekkerus
567 1991 701 2035 quidem
726 1992 802 2026 huic
821 2004 884 2025 vo-

219 2036 339 2069 cabulo
372 2036 459 2070 adeo
486 2037 631 2071 infestus
663 2038 748 2079 fuit,
782 2042 820 2071 ut
845 2039 885 2071 L.

218 2082 282 2115 III.
323 2094 357 2127 p.
382 2084 461 2118 387.
497 2083 535 2116 Β.
569 2084 753 2118 secundum
785 2096 886 2117 unum

219 2128 313 2161 Mon.
338 2129 376 2161 Β.
411 2126 478 2163 ἐὰν
511 2130 546 2163 111
574 2130 646 2164 eius
671 2130 780 2164 locum
804 2131 887 2164 sub-

218 2173 353 2207 iecerit

267 2213 357 2264 ἆρ’]
400 2220 456 2255 Ita
502 2221 586 2255 Lob.
633 2221 734 2257 Vind.
781 2222 887 2255 ΒΕΕ.

220 2267 306 2310 Ang.
331 2268 371 2300 Β.
398 2268 477 2302 Vat.
493 2267 577 2300 HM.
603 2268 697 2301 Flor.
711 2268 884 2302 ACRTV.

221 2312 344 2346 Stallb.
380 2325 454 2357 αροι
489 2314 583 2348 Mon.
618 2314 659 2349 B.
699 2315 808 2357 (Flor.
842 2315 889 2349 U.

220 2358 300 2391 Par.
337 2358 401 2402 Κ.)
443 2359 519 2394 Α1(1.
553 2361 634 2393 Bas.
679 2361 733 2393 ab.
767 2361 887 2406 steph.

221 2405 296 2437 Ast.
320 2405 430 2439 Bekk.
463 2406 566 2450 Cf.p
570 2407 682 2442 573.
709 2407 751 2441 Ε.

275 2448 473 2496 ἐπιχειροῖ]
518 2418 693 2496 ἐπιχειρεῖ
725 2452 825 2486 Vind.
851 2453 892 2486 B.

226 2498 306 2532 vat.
331 2497 380 2530 M.

273 2538 334 2598 ἂν]
361 2555 427 2576 om.
454 2542 539 2576 Lob.
571 2543 651 2578 vat.
679 2544 727 2577 M.

271 2586 447 2645 αρπάζοι]
475 2585 631 2633 αρπαζει
649 2591 725 2624 Ald.
736 2591 817 2624 Bas.
834 2592 889 2624 ab.

271 2633 364 2679 μετὰ
389 2635 528 2678 τοῦτο]
563 2647 688 2678 μετατ.
722 2637 821 2670 Vind.
847 2638 889 2671 Ε.

228 2682 301 2715 Α1(1.
336 2682 416 2715 Bas.
453 2683 509 2715 ab.
570 2682 608 2715 In
636 2683 716 2716 Bas.
755 2685 810 2716 ab.
845 2684 890 2717 si-

228 2739 328 2773 gnum
353 2728 585 2773 interrogandi
611 2729 768 2762 omissum
794 2735 856 2764 est.

980 1163 1040 1209 δὴ]
1072 1160 1112 1198 δὲ
1137 1163 1231 1197 Μο11.
1256 1162 1297 1196 Β.
1330 1163 1424 1198 Flor.
1452 1163 1496 1197 U.
1522 1163 1602 1198 Par.

933 1211 979 1247 K.
1003 1223 1072 1244 sec.
1099 1211 1213 1244 Bekk.

979 1254 1095 1301 γραὸς
1120 1257 1168 1300 οὶρ
1179 1253 1213 1299 ’]
1258 1252 1386 1299 γραός.
1419 1248 1498 1299 Αρ’
1524 1255 1602 1288 Α1(1.

935 1304 1102 1348 Reliquae
1127 1313 1255 1336 comma
1278 1301 1516 1346 interpositum
1541 1301 1604 1335 ha-

935 1351 1029 1383 bent.

984 1391 1226 1439 εὐλαβηθείη]
1256 1389 1482 1438 εὐλαβητέον
1502 1391 1604 1428 Vind.

937 1442 983 1476 Ε.
1007 1445 1064 1482 et,
1087 1452 1162 1484 sup.
1188 1440 1287 1493 θείη,
1313 1440 1398 1473 Ven.
1425 1439 1463 1471 B.

985 1487 1144 1530 δρᾶσαι]
1173 1483 1353 1529 δρασαιτο
1388 1485 1472 1517 Lob.
1502 1484 1604 1519 Vind.

937 1535 978 1567 F.
1004 1534 1099 1567 Mon.
1124 1534 1164 1567 B.
1190 1532 1267 1565 Par.
1286 1530 1328 1564 K.
1353 1532 1439 1574 Ang.
1460 1530 1498 1563 Β.
1526 1531 1605 1563 Vat.

938 1580 987 1614 M.
1021 1579 1117 1612 Flor.
1144 1577 1354 1611 ACRTUV.
1401 1579 1490 1610 Ante
1513 1576 1606 1610 Bek-

938 1626 1057 1659 kerum
1083 1622 1220 1668 δράσαι
1244 1623 1468 1656 scribebatur.

984 1671 1060 1704 τῶν
1095 1669 1349 1714 τυραννικῶν]
1384 1670 1436 1702 lta
1462 1668 1540 1702 Par.
1565 1668 1606 1701 A.

941 1718 1042 1752 Vind.
1067 1717 1141 1751 BF.
1179 1719 1214 1749 et
1239 1719 1416 1749 correctus
1441 1715 1485 1749 Ε.
1510 1715 1607 1758 (ante

942 1775 1028 1797 corr.
1062 1763 1138 1796 τῶν
1170 1758 1410 1805 τυραννικόν)
1446 1761 1530 1803 Ang.
1565 1761 1607 1793 Β.

941 1810 1021 1842 Vat.
1048 1809 1091 1842 H.
1128 1808 1218 1841 F.lor
1244 1807 1449 1841 ACRTUV.
1474 1805 1518 1841 τὸ
1544 1818 1606 1839 τυ-

943 1851 1120 1908 ραννικόν
1145 1854 1224 1887 Vat.
1239 1854 1279 1887 B.
1306 1854 1392 1886 Ven.
1407 1853 1447 1886 C.
1472 1864 1606 1896 τυραν-

941 1898 1047 1935 νικόν
1074 1900 1197 1944 reliqui
1226 1898 1359 1932 codices
1377 1903 1413 1932 et
1434 1899 1507 1932 Ald.
1529 1899 1607 1933 Bas.

943 1948 997 1981 ab.
1025 1946 1146 2000 steph.
1171 1948 1242 1978 Ast.

989 1989 1105 2034 πάνυ]
1131 2003 1233 2024 πανυ
1256 2001 1295 2034 γε
1320 1990 1398 2024 Par.
1425 1989 1468 2024 K.

988 2035 1151 2081 θαῤῥῶ]
1185 2036 1343 2081 θαρρῶν
1388 2036 1489 2072 Vind.
1534 2036 1609 2071 EF.

944 2084 1036 2118 Flor.
1063 2083 1134 2117 AC.

989 2130 1073 2173 τοῦ]
1099 2129 1176 2162 τῶν
1200 2129 1287 2163 Ven.
1313 2128 1353 2161 B.

991 2174 1153 2219 ἑταίρας]
1180 2171 1310 2216 ἑτέρας
1333 2178 1369 2207 et
1392 2173 1426 2206 in
1449 2185 1492 2208 111.
1521 2185 1542 2207 a
1565 2185 1610 2207 m.

943 2234 970 2256 5.
1005 2222 1069 2255 ταί
1101 2222 1194 2255 Mon.
1227 2221 1268 2253 Β.
1316 2219 1355 2254 In
1385 2220 1484 2254 Vind.
1516 2221 1557 2253 B.
1592 2231 1610 2254 ε

944 2279 1047 2313 super
1072 2268 1112 2300 αἱ
1137 2267 1312 2311 scriptum.

990 2313 1195 2358 γεγονυίας]
1228 2311 1415 2355 γεγονείας
1439 2311 1541 2348 Vind.
1566 2312 1608 2345 Ε.

993 2361 1118 2416 φίλην]
1144 2356 1257 2413 φ,ιλὴν
1281 2358 1381 2391 idem.

994 2403 1133 2462 ἄωρον]
1162 2401 1278 2457 ἄωρον
1301 2404 1403 2438 idem.

996 2450 1212 2495 ἀναγκαῖον]
1240 2450 1302 2484 int.
1327 2462 1416 2484 vers.
1443 2450 1543 2485 Vind.
1568 2451 1608 2485 Β.

996 2499 1123 2542 δοκεῖ]
1149 2498 1259 2531 δοκοῖ
1280 2497 1367 2530 Lob.
1392 2497 1472 2531 Vat.
1495 2497 1574 2530 ΒΜ.

995 2544 1042 2588 εἰ]
1070 2557 1135 2577 om.
1158 2543 1270 2576 iidem.

993 2589 1075 2634 τὴν]
1105 2601 1169 2623 om.
1197 2590 1279 2622 Ven.
1305 2589 1344 2622 B.
1368 2600 1390 2622 a
1413 2600 1458 2622 111.
1482 2600 1534 2633 pr.

993 2633 1087 2680 Δι’]
1115 2635 1178 2669 δία
1207 2635 1293 2669 Lob.

995 2679 1120 2725 Πάνυ]
1148 2680 1258 2724 Vulgo
1283 2680 1512 2725 praepositam
1536 2680 1615 2713 huic

950 2734 985 2763 et
1009 2741 1030 2763 a
1056 2727 1175 2763 Ficino
1199 2726 1368 2761 redditam
1402 2725 1614 2771 negationem

1639 2413 1671 2455 C
