1764 3176
464 163 794 208 CIVITAS
843 166 966 209 LIB.
1003 167 1138 210 VIIII.
1168 173 1234 209 539

1457 173 1540 214 179

155 272 210 318 τὰ
237 272 316 329 μὲν
343 273 456 319 καλοὶ
493 276 549 319 τὰ
585 275 674 321 ὑπὸ
706 281 767 336 τῷ
795 276 1044 337 ἀνθρώπῳ,
1075 282 1243 336 μᾶλλον
1273 280 1320 324 δὲ
1347 282 1452 333 ἴσως
1481 283 1536 326 τοὶ
1562 281 1602 323 D

155 341 242 386 ὑπὸ
281 345 346 398 τῷ
381 345 490 403 θείῳ
529 343 584 388 τὰ
620 344 821 402 θηριώδη
862 351 1081 391 ποιοῦντα
1114 352 1190 404 τῆς
1228 349 1423 405 φύσεως,
1464 353 1539 394 αι’-

156 409 267 465 σχρά
318 410 451 455 δὲτὰ
490 411 579 456 ὑπὸ
627 417 690 472 τῷ
740 411 878 472 ἀγρίῳ
928 413 978 458 τό
1028 413 1197 471 ἥμερον
1235 413 1536 473 δουλούμενα,-

153 478 381 535 ξνμφήσει,
411 478 441 537 ἢ
468 484 582 533 πῶς,·
609 479 712 524 Ἐἀν
740 498 840 537 μοι,

871 481 968 538 ἔφη,
999 484 1213 539 πείθηται.
1262 484 1413 529 ’Ἑστιν
1440 480 1537 538 οὖν,

154 544 293 599 εἶπον,
325 547 412 608 ὅτῳ
445 553 660 593 λυσιτελεῖ
685 550 732 594 ἐκ
762 549 925 594 τούτου
955 554 1036 594 τοῦ
1065 550 1202 607 λόγου
1233 555 1413 607 χρυσίον
1434 558 1538 609 λαμ-

152 613 306 672 βάνειν
335 615 519 670 ἀδίκως,
551 618 670 672 εἴπερ
701 617 874 663 τοιόνδε
902 635 943 662 τι
971 620 1162 674 γίγνεται
1175 629 1190 672 ,’
1217 619 1455 676 λαμβάνων
1483 620 1532 665 τὸ

152 686 339 740 χρυσίον
377 685 469 740 ἅμα
507 688 860 730 καταδουλοῦται
897 685 947 730 vd
988 686 1210 742 βέλτιστον
1257 686 1418 731 ἑαυτοῦ
1473 692 1535 746 τῷ

151 753 494 810 μοχθηροτάτῳ,·
522 754 552 811 ἦ
581 754 618 797 εἰ
644 755 722 808 μὲν
749 755 898 811 λαβών
925 756 1109 811 χρυσίον
1135 753 1237 797 υἷόν
1257 755 1287 812 ἦ
1313 757 1533 811 θυγατέρα
1562 753 1596 794 Ε

151 820 388 866 ἐδουλοῦτο
426 823 501 866 καὶ
535 822 660 866 ταῦτ’
691 824 751 875 εἷς
785 821 949 880 ἀγρίων
978 838 1024 866 τε
1059 822 1134 865 καὶ
1163 826 1312 866 κακῶν
1342 821 1534 880 ἀνδρῶν,

195 991 340 1039 πράως]
365 992 495 1042 πρᾴως
518 995 602 1030 editi
617 1000 696 1030 ante
718 996 812 1030 Bek-

148 1039 279 1127 Ιὲἓιιῖὶιιι.
335 1041 390 1088 Cf.
419 1042 517 1076 huius
550 1043 730 1077 voluminis
772 1054 806 1088 p.

150 1141 244 1224 Gov'
268 1143 352 1190 καὶ]
390 1156 435 1179 ου
463 1144 526 1180 καὶ
559 1146 657 1180 Stob.
692 1145 810 1180 Trinc.

187 1202 258 1225 esn.

195 1247 312 1294 καλὰ]
338 1246 456 1283 πολλόι
481 1227 581 1283 δὲοὶ),
606 1247 681 1285 cod.
710 1247 786 1282 BN.

195 1304 351 1351 αἰσχρὰ]
376 1304 423 1340 τὰ
449 1306 500 1340 αι’.
530 1306 616 1339 Lob.
643 1305 743 1339 Vind.
769 1306 809 1338 B.

148 1352 229 1386 vat.
261 1353 343 1387 ΒΜ.
390 1353 476 1387 Ven.
507 1352 550 1387 B.
585 1352 683 1386 Stob.
724 1351 811 1385 editi

147 1402 228 1433 ante
251 1399 456 1432 Bekkerum.

193 1453 257 1490 διὰ
281 1452 329 1489 τὰ
354 1451 508 1490 τοιαῦτ’
534 1450 596 1499 ὃὶν]
620 1454 654 1488 δ.
679 1467 709 1488 τ.
732 1466 810 1488 τοι·

146 1501 246 1535 αὕτα
270 1496 319 1534 ἂν
344 1502 443 1536 Vind.
460 1502 500 1536 F.
521 1500 585 1536 διὰ
609 1497 656 1534 τοὶ
681 1501 809 1535 τοιαῦ-

145 1559 193 1581 τα
233 1548 333 1583 Stob.
374 1549 484 1582 Gesn.
523 1545 719 1582 διατάττοι
760 1543 808 1581 ἂν

144 1594 264 1627 Trinc.

192 1651 355 1694 φαῖμεν]
392 1648 515 1706 φαμὲν
556 1651 655 1684 Stob.
689 1649 806 1684 Trinc.

146 1697 269 1742 φᾶμεν
294 1698 402 1731 Gesn.
429 1716 476 1722 —
499 1697 704 1730 Ιειιιὼῑίοἱιιιε
728 1697 751 1729 l.
777 1709 806 1730 c.

144 1755 191 1797 p.
200 1745 256 1778 86.
281 1743 331 1777 ita
355 1743 486 1799 pergit·
510 1741 573 1776 καὶ
599 1739 619 1777 ὁ
644 1739 711 1785 μὲν
729 1754 805 1776 τοι-

144 1789 257 1829 οῦτος
292 1787 388 1822 κατὰ
420 1786 547 1822 πάντα
589 1786 690 1822 ἔσται
725 1784 804 1845 ἄρι-

143 1845 248 1879 στος,
279 1831 299 1869 ὁ
325 1831 368 1869 δ’
394 1831 453 1879 (δὲ
475 1834 625 1889 Arcer.)
638 1831 805 1874 ἐναντίος

144 1880 391 1962 ἓέναντίοις
366 1881 439 1914 cod.
457 1880 553 1936 Ciz.)
579 1877 691 1914 ου’δὲν
705 1877 804 1925 ὑγιὲς

161 1939 216 1973 χει
259 1939 322 1961 και
351 1925 396 1962 τὸ
429 1938 496 1970 μεν
527 1925 644 1961 καλὸν
678 1923 717 1960 ἐν
750 1939 801 1982 τῳ

142 1970 304 2028 τοιούτῳ
335 1972 593 2030 διαφαίνεται·
624 1969 703 2007 υπὸ
732 1961 803 2016 γὰρ

140 2032 192 2066 τῳ
226 2008 321 2076 θείῳ
355 2017 404 2053 τὰ
435 2016 608 2062 θηριώδη
640 2018 708 2074 τῆς
732 2017 803 2063 φύ-

141 2075 233 2105 σεως
264 2063 536 2100 υποτοὶττεται·
577 2063 619 2099 τὸ
667 2062 708 2098 δ’
744 2065 802 2098 αἰ-

141 2110 253 2167 σχρὸν
276 2109 316 2145 ἐν
339 2112 400 2167 τῷ
418 2109 592 2166 ἐναντίῳ·
627 2107 702 2145 υπὸ
730 2109 800 2155 γὰρ

139 2158 191 2203 τῷ
221 2155 334 2214 ἀγρίῳ
357 2154 401 2192 vd
423 2153 562 2212 ἥμερον
587 2157 803 2200 δουλοῦται,

140 2192 204 2238 καὶ
235 2201 279 2238 τὸ
312 2193 505 2248 ’βέλτιστον
537 2199 612 2237 ὑπὸ
649 2204 700 2250 τῷ
735 2215 802 2247 μο-

139 2247 361 2295 χθηροτάτῳ
387 2249 482 2293 (τῶν
494 2238 801 2304 μοχθηροτάτων

141 2295 215 2329 cod.
243 2284 347 2339 Ciz.)
365 2294 429 2329 καὶ
459 2291 503 2328 vd
529 2292 665 2330 ἑαυτοῦ
696 2296 801 2338 (εαυ-

139 2341 192 2386 τῷ
226 2341 366 2396 Arcer.)
407 2337 609 2375 θειότατον
639 2338 717 2376 ’ὑπο
738 2343 799 2397 τῷ

139 2376 346 2432 ἀθεωτάτῳ
395 2398 436 2421 τε
476 2385 539 2421 καὶ
577 2378 798 2444 μιαρωτάτῳ

139 2433 359 2468 δουλοῦται
382 2431 445 2468 καὶ
486 2429 546 2467 ἐπὶ
589 2435 634 2479 τῇ
678 2431 798 2469 αυτοῦ

138 2476 289 2560 ἑαύτοῦ
331 2479 473 2523 Arcer.)
505 2480 607 2525 ψυχῇ
640 2481 799 2525 πλημμε-

159 2536 191 2560 ει

183 2582 325 2627 μᾶλλον
349 2579 404 2627 δὲ]
426 2593 464 2626 μ.
489 2578 528 2616 δ’
553 2583 650 2617 Stob.

135 2640 274 2722 ΒΝἰὲσως
297 2637 344 2674 τὰ
368 2636 469 2684 ὑπὸ]
504 2651 568 2674 om.
601 2641 688 2675 Lob.
718 2642 797 2676 Vat.

180 2740 351 2787 θηριώδη
391 2743 576 2777 ποιοῦντα
626 2744 693 2786 τῆς
726 2742 796 2787 φύ-

136 2799 238 2833 σεως,
264 2786 411 2834 αἰσχρὰ]
435 2790 527 2833 θηρι
546 2788 677 2834 αἰσχρὰ
696 2791 797 2825 Vind.

135 2836 180 2871 E.
211 2835 398 2871 ποιοῦντα
429 2835 463 2870 in
487 2836 573 2870 Lob.
605 2837 638 2870 in
664 2847 708 2869 ιιι.
734 2843 796 2870 est.

868 996 952 1030 Post
980 993 1126 1039 φύσεως
1158 995 1355 1040 Stephanus
1386 995 1532 1030 interro-

869 1042 973 1087 gandi
999 1042 1130 1086 signum
1154 1041 1245 1075 fecit.
1295 1080 1300 1084 ι

916 1096 956 1133 δὲ
980 1098 1051 1145 τὰ]
1088 1095 1126 1133 δ’
1151 1099 1248 1132 Stob.
1274 1099 1393 1134 Trinc.
1419 1097 1458 1134 δ’
1483 1097 1530 1133 τὰ

870 1147 977 1180 Gesn.

914 1200 957 1236 τὸ
992 1198 1131 1246 ἥμερον
1164 1198 1419 1256 δουλούμενα]
1465 1215 1529 1236 om.

869 1248 968 1304 Υἰιιᾱῖ
1003 1249 1046 1282 E.
1085 1245 1321 1301 δουλούμενα
1358 1249 1453 1283 Flor.
1490 1249 1531 1285 C.

868 1292 910 1329 τὸ
941 1290 978 1338 ἥ.
1014 1291 1264 1348 δουλούμενον
1289 1295 1531 1329 Stob.T1·inc.

867 1360 912 1365 —
945 1337 1165 1384 δουλόμενοι
1189 1340 1262 1374 cod.
1288 1341 1329 1375 B.
1378 1342 1447 1375 Pro
1478 1342 1532 1376 in-

866 1387 1063 1431 terrogandi
1100 1386 1195 1431 signo
1238 1386 1342 1420 Aldus
1390 1399 1531 1429 comma,

865 1433 1083 1467 Basileenses
1126 1438 1285 1476 punctum
1330 1438 1527 1478 posuerunt.

865 1476 909 1513 τὸ
928 1475 1083 1559 tv‘jptqug
1089 1478 1239 1559 dFgcinus
1272 1479 1397 1524 plurali
1430 1492 1531 1514 man-

865 1537 925 1559 sue
945 1538 966 1559 ιι
990 1537 1026 1558 re
1075 1536 1086 1557 1
1111 1536 1122 1557 1

911 1579 1093 1626 ξυμφήσει
1123 1601 1170 1606 -
1206 1581 1420 1627 πείθηται.]
1462 1594 1530 1618 om.

863 1628 936 1663 Pal.
954 1631 993 1662 A.
1019 1625 1202 1671 συμφήσει
1227 1633 1292 1662 etc.
1317 1629 1415 1662 Stob.
1441 1628 1529 1672 ξυμ-

864 1673 995 1719 φήσεις
1021 1680 1087 1708 etc.
1114 1675 1236 1719 steph.

908 1733 984 1777 μοι]
1013 1730 1094 1775 ἐμοὶ
1118 1731 1216 1764 Stob.

907 1789 1110 1833 πείθηται]
1144 1788 1306 1833 πίθηται
1337 1789 1436 1823 Stob.
1474 1790 1510 1823 τί

860 1836 972 1871 θεται
996 1835 1072 1870 cod.
1097 1836 1139 1869 B.

907 1889 1028 1938 εἶπον]
1055 1904 1120 1926 om.
1145 1892 1219 1927 Pal.
1244 1892 1288 1926 A.

905 1950 1103 1994 λυσιτελεῖ]
1139 1950 1334 1983 λυσιτελιεῖ
1354 1949 1457 1984 Vind.
1480 1949 1524 1982 E.

858 2007 1079 2088 Baffvazf'ov]
1105 2007 1258 2052 χρυσίου
1291 2007 1368 2041 Ald.
1399 2007 1527 2051 χρυσίε

904 2112 954 2156 τι]
980 2123 1050 2146 om.
1071 2111 1168 2145 Stob.
1195 2110 1313 2145 Trinc.

904 2167 1105 2215 λαμβάνων
1145 2166 1213 2213 τὸ]
1254 2164 1446 2223 λαμβάνον
1479 2164 1521 2201 τὸ

857 2216 943 2251 Lob.
969 2216 1067 2249 Vind.
1092 2215 1131 2249 F.
1159 2211 1412 2259 λαμβανοντό,
1437 2224 1458 2246 a
1479 2224 1523 2246 ιιι.

856 2274 883 2296 s.
909 2259 1159 2317 λαμβάνοντι,
1185 2261 1286 2294 Vind.
1312 2261 1352 2293 B.
1383 2256 1525 2304 λαμβά-

856 2320 961 2342 νοντι
984 2306 1027 2342 τὸ
1056 2307 1149 2342 Μοιι.
1174 2308 1215 2342 Β.
1243 2307 1325 2341 Par.
1349 2306 1427 2340 DK.
1453 2317 1523 2339 sec.

856 2355 967 2390 Bekk.
993 2353 1087 2387 Flor.
1112 2354 1158 2388 U.

904 2408 1066 2453 εαυτοῦ]
1110 2406 1230 2443 αυτοῦ
1267 2409 1367 2444 Stob.
1414 2410 1523 2444 Gesn.

857 2457 972 2492 Gaisf.
999 2453 1119 2490 αὐτοῦ
1146 2455 1265 2490 Trinc.

902 2511 1188 2558 μοχθηροτάτῳ]
1217 2513 1330 2556 μαχθ.
1354 2512 1431 2548 Ald.

902 2568 927 2616 ἢ
955 2571 1010 2615 εἰ]
1046 2567 1069 2614 ἢ
1109 2567 1130 2605 ὁ
1165 2571 1262 2604 Stob.
1287 2570 1405 2605 Trinc.
1441 2569 1477 2604 εἰ
1500 2565 1521 2604 ὁ

857 2619 931 2653 cod.
958 2618 1002 2652 N.
1029 2618 1169 2651 Etenim
1193 2617 1224 2650 si
1244 2616 1321 2650 Fic.

900 2674 1067 2719 χρυσίον]
1093 2671 1231 2719 χρυσὸν
1260 2673 1360 2708 Stob.

898 2731 962 2767 καὶ
986 2729 1123 2777 ταῦτ’]
1150 2743 1216 2766 om.
1240 2731 1318 2765 Fic.

900 2791 953 2834 τε]
979 2803 1043 2827 om.
1071 2790 1154 2824 Ven.
1180 2789 1222 2823 B.
1247 2787 1348 2821 Vind.
1370 2787 1412 2822 E.
1442 2787 1518 2822 Vat.

854 2836 938 2870 HM.

1179 2893 1224 2933 Μ
1255 2896 1280 2933 2

1550 2669 1583 2710 E
