1764 3176
246 119 345 146 xlm
687 86 1215 144 PRAEFATIO

246 227 347 262 pares
358 241 373 263 ,7
398 226 509 258 neque
527 215 665 250 omnino
685 218 814 260 malos,
842 228 954 261 neque
976 219 1111 262 penitus
1133 218 1242 252 bonos
1263 227 1340 252 esse
1358 218 1542 265 dicebant,
1572 219 1635 254 sed

245 275 370 319 partim
398 273 526 313 bonos,
558 273 684 316 partim
709 275 837 319 malos,
867 280 1035 318 quatenus
1063 286 1111 309 ex
1136 275 1259 316 Paris,
1288 279 1324 308 et
1346 276 1489 320 Imparis
1510 280 1634 315 natura

244 331 462 376 participant.
520 329 696 363 Hactenus
721 331 839 374 itaque
871 331 1089 366 manifestum
1111 332 1211 365 nobis
1236 336 1289 365 est
1307 333 1462 374 quisnam
1483 334 1636 368 Geome-

244 389 350 422 tricns
377 396 560 428 numeruS.,
588 397 744 430 quaeque
778 389 950 435 potiores,
992 400 1034 422 ac
1058 388 1246 422 deteriores
1271 390 1513 431 generationes
1544 391 1636 434 apud

244 445 428 478 Platonem
472 443 560 485 sint,
625 455 767 487 quarum
802 445 913 489 ipsum
956 446 1215 480 Geometricum
1261 455 1440 481 numerum
1480 451 1636 482 autorem

246 512 322 536 esse
349 499 470 533 dicit.“

359 556 460 590 Haec
480 556 658 597 Barocius,
680 557 804 599 partim
827 562 933 600 recte,
956 558 1080 601 partim
1101 568 1213 592 secus.
1270 557 1343 591 Nos
1363 567 1445 590 vero
1462 566 1517 601 ea,
1548 566 1639 599 quae

247 617 343 648 recte
363 613 536 656 explicuit,
554 612 654 654 infra,
671 614 727 646 ubi
740 619 893 647 nostram
910 616 1227 658 interpretationem
1248 623 1490 658 proponemuS‚
1508 614 1641 656 signifi-

248 671 421 711 cabimus;
460 671 494 702 in
523 670 717 712 praesentia
749 681 884 704 errores
915 672 958 704 ab
988 682 1028 705 eo
1062 672 1262 705 commissos
1297 671 1503 704 notabimus.
1561 670 1640 703 Pri—-

247 738 339 762 mum
357 727 461 770 igitur
481 726 606 758 erravit
626 737 690 770 eo,
722 727 812 769 quod
839 719 1012 770 αὐξήσεις
1041 725 1253 770 δυναμένας
1274 738 1311 762 τε
1333 725 1396 760 καὶ
1416 726 1642 760 δυναστευο-

247 781 363 827 μὲνας
381 785 708 828 augumentatz'ones
732 785 978 827 interpretatus
1003 789 1055 818 est
1080 790 1281 829 superantes
1303 789 1335 818 et
1353 787 1549 828 superatas,
1579 794 1639 817 seu

248 842 400 875 rationes
420 841 558 873 maioris
577 844 611 872 et
643 841 782 873 minoris
801 842 1075 883 inaequalitatis,
1105 847 1143 875 ut
1162 852 1265 884 quum
1281 841 1445 884 deinceps
1469 844 1641 884 ponantur

248 898 382 932 numeri
398 897 463 938 27,
496 896 538 928 18
551 921 561 937 ‚
593 895 656 940 12,
688 897 728 938 8,
759 897 893 931 ratione
912 894 1137 940 sesquialtera
1156 898 1279 940 singuli
1296 898 1448 940 singulos
1466 897 1640 940 proximos

248 958 475 998 superantes,
507 963 690 995 rursusque
715 955 848 987 inverso
875 955 994 988 ordine
1020 955 1122 997 positi
1144 956 1185 997 8,
1218 955 1282 996 12,
1316 954 1382 995 18,
1410 954 1479 995 27,
1504 954 1641 987 ratione

250 1011 390 1045 minoris
408 1010 682 1054 inaequalitatis,
714 1021 802 1053 quae
816 1011 1104 1053 subsesquialtera
1133 1011 1278 1052 dicitur,
1307 1010 1432 1052 singuli
1461 1021 1481 1043 a
1499 1010 1641 1052 singulis

250 1067 414 1112 proximis
433 1067 595 1109 superati.
654 1066 773 1110 Neque
795 1068 884 1101 enim
907 1078 1070 1109 numero,
1103 1068 1198 1101 cuius
1228 1067 1273 1100 ad
1299 1068 1444 1100 alterum
1469 1067 1557 1100 ratio
1575 1067 1641 1100 mi-

250 1135 314 1159 not
343 1128 413 1164 est,
446 1128 619 1166 tamquam
646 1125 706 1157 tali
741 1119 894 1167 αὔξησις
922 1125 1024 1158 tribui
1053 1129 1190 1169 potest3
1229 1134 1342 1167 neque
1369 1118 1560 1156 δύνασθαι
1587 1130 1641 1157 est

249 1191 435 1225 superare,
467 1185 526 1213 aut
547 1174 844 1214 δυναστεύεσθαι
863 1182 1031 1224 superari.

364 1236 545 1270 Secundus
583 1247 678 1271 error
722 1238 860 1271 Barocii
899 1238 1100 1271 commissus
1136 1241 1189 1271 est
1220 1237 1314 1270 circa
1347 1230 1413 1269 τὸν
1451 1231 1642 1280 ἐπίτριτον

248 1292 450 1337 πυθμένα,
481 1305 581 1336 quem
608 1305 786 1328 numerum
813 1295 1045 1337 septenarium
1073 1304 1150 1328 esse
1179 1298 1298 1337 putat,
1328 1293 1550 1336 quamobrem
1581 1304 1642 1327 eos

248 1352 396 1396 probat,
425 1351 483 1393 qui
503 1352 755 1394 sesquitertiam
784 1352 935 1386 radicem
957 1352 1009 1385 vel
1035 1351 1277 1395 propaginem,
1306 1351 1359 1383 vel
1386 1350 1489 1384 etiam
1509 1350 1644 1393 sesqui-

249 1410 390 1443 tertium
416 1407 557 1441 fundum
590 1413 783 1450 verterunt,
824 1410 879 1451 qui
909 1419 989 1442 vero
1027 1408 1280 1450 sesquitertium
1309 1407 1454 1448 cubum,
1485 1418 1545 1441 eos
1577 1407 1643 1440 im-

249 1470 391 1510 pugnat.
453 1465 523 1498 Sed
543 1462 700 1509 πυθμὴν
730 1477 750 1499 a
767 1466 938 1499 veteribus
957 1464 1180 1498 arithmeticis
1199 1464 1379 1497 dicebatur
1402 1464 1559 1498 minimus
1581 1473 1644 1497 cu·-

249 1524 370 1565 iusque
391 1523 526 1564 generis
543 1533 714 1564 numerus,
744 1524 779 1556 in
796 1533 863 1565 quo
884 1523 994 1565 primo
1012 1521 1270 1565 conspiceretur
1284 1521 1332 1565 id,
1363 1521 1454 1563 quod
1471 1521 1644 1564 proprium

251 1581 323 1614 eius
355 1579 491 1621 generis
523 1583 627 1612 esset.
686 1580 791 1612 Cuius
820 1579 1079 1621 significationis
1103 1587 1204 1621 quum
1234 1579 1342 1611 multa
1359 1588 1402 1610 ex
1421 1578 1645 1620 scriptoribus

251 1636 384 1680 graecis
406 1634 549 1678 proferri
573 1635 706 1678 possint
736 1637 961 1679 documenta,
992 1645 1096 1668 unum
1122 1635 1230 1668 instar
1257 1634 1406 1668 omnium
1438 1635 1515 1668 erit.
1572 1635 1646 1667 Ita-

253 1704 320 1736 que
346 1693 381 1726 in
413 1702 455 1725 eo
485 1692 592 1733 libro,
624 1703 724 1734 quem
754 1687 1038 1733 Θεολογούμενα
1068 1689 1135 1734 τῆς
1164 1685 1416 1733 ἀριθμητικῆς
1444 1691 1645 1733 inscriptum

253 1759 363 1793 nuper
407 1749 498 1794 typis
531 1750 643 1791 repeti
666 1749 763 1782 iussit
792 1749 927 1791 Astius‚
969 1760 1001 1790 p.
1025 1749 1084 1782 27.
1116 1748 1173 1780 ubi
1199 1758 1312 1781 sermo
1342 1752 1395 1781 est
1431 1747 1474 1781 de
1503 1757 1646 1781 numero

255 1806 436 1850 quinario,
468 1805 618 1838 iustitiae
637 1806 806 1848 imagine,
835 1805 939 1839 verba
960 1805 1119 1846 leguntur
1142 1803 1249 1845 haec,
1281 1813 1370 1846 quae
1389 1805 1504 1846 paullo
1527 1814 1647 1837 emen-

255 1864 410 1902 datiora,
441 1872 540 1904 quam
575 1862 703 1905 scripta
723 1866 804 1897 sunt
824 1855 1005 1901 ab'Astio,
1036 1871 1217 1903 apponam.
1275 1858 1330 1892 Εἴ
1341 1870 1398 1898 τις
1417 1859 1544 1893 τοίνυν
1566 1854 1647 1903 ἄρι-

257 1917 356 1962 θμὸς
387 1914 508 1956 ἰσάκις
530 1917 608 1956 ἴσος
629 1915 745 1960 ἐστὶν,
776 1913 896 1955 οὕτως
914 1911 1156 1959 δικαιοσύνης
1176 1912 1364 1955 εἰδοποιὸς
1383 1914 1446 1950 καὶ
1467 1912 1646 1950 ἐπιδεκτι·

257 1973 323 2014 κὸς
356 1969 404 2008 ἂν
432 1973 500 2017 εἴη.
532 1974 605 2013 πᾶς
631 1971 670 2008 δὲ
688 1971 917 2017 τετράγωνος
943 1970 1064 2012 ἰσάκις
1083 1971 1163 2010 ἴσος
1184 1967 1365 2015 ὑπάρχει,
1396 1967 1481 2005 ἀλλ’
1505 1968 1550 2007 οὗ
1571 1971 1647 2011 πᾶς

255 2028 455 2076 μεσότητος
479 2028 658 2074 δεκτικὸς,
691 2025 787 2064 ἄλλα
804 2028 920 2073 μόνος
944 2025 1120 2073 δηλονότι
1141 2024 1181 2068 ὃς
1202 2022 1248 2062 ἄν
1272 2024 1446 2072 περισσὸς
1468 2028 1548 2072 εἴη·
1579 2041 1647 2063 κα-

255 2085 378 2124 θόλου
421 2083 490 2131 γάρ
533 2083 665 2132 ἀρτίου
699 2083 865 2131 ἀριθμοῦ
897 2083 1056 2130 μεσότης
1082 2080 1127 2121 οὗ
1158 2085 1353 2129 φαίνεται·
1392 2086 1577 2129 περισσῶν
1606 2083 1646 2120 δὲ

255 2141 544 2189 προσεχέστατος
563 2144 625 2179 καὶ
649 2140 878 2183 οἰκειότατος
903 2139 950 2178 ἂν
972 2143 1028 2186 εἴη
1045 2138 1064 2177 ὁ
1088 2140 1266 2187 πυθμὴν,
1297 2142 1332 2177 εἰ
1348 2140 1411 2176 καὶ
1433 2143 1509 2177 ταῖν
1529 2137 1647 2177 αὗτοῦ

257 2199 377 2247 λόγων
406 2198 633 2241 ἐπιδεκτικὸς
656 2197 675 2236 ὁ
693 2197 778 2245 μετ’
804 2195 931 2236 αὐτόν.
987 2194 1286 2243 Ἐπιστημονικαὶ
1306 2196 1345 2234 δὲ
1363 2198 1426 2234 καὶ
1445 2195 1648 2244 φιλόσοφοι

258 2252 471 2301 ἀποδείξεις
509 2254 569 2293 άεὶ
613 2261 691 2299 τοῖς
725 2256 915 2302 πυθμέσιν
950 2253 1152 2301 ἐλαχίστοις
1192 2255 1244 2291 ἔτι
1274 2255 1336 2292 καὶ
1368 2251 1416 2291 ὃὶν
1437 2283 1469 2293 ..
1493 2252 1649 2296 πόστοις

257 2314 482 2360 ἐπιχρῶνται
510 2314 574 2350 καὶ
600 2313 779 2359 ἐνορῶσιν
811 2313 850 2350 ἐν
877 2310 1007 2355 αὐτοῖς
1037 2309 1086 2353 ὥς
1107 2311 1147 2347 ἐν
1176 2313 1454 2358 παραδείγμασί
1475 2323 1547 2348 τισι
1579 2310 1648 2353 τὰς

257 2369 485 2418 ὁμοιότητας
517 2373 591 2407 τῶν
614 2369 824 2416 ὁμογενῶν,
856 2369 939 2406 οἷον
955 2370 1162 2405 διπλασίων
1179 2368 1246 2413 μἐν
1269 2366 1437 2413 ἀπείρων
1457 2366 1566 2413 φύσει
1587 2365 1649 2405 ὅν-

255 2443 350 2473 των,
382 2427 420 2464 εἷν
447 2427 560 2464 δυάδι
586 2431 726 2473 μᾶλλον
755 2427 849 2472 πρὸς
869 2425 1039 2474 μονάδα,
1071 2423 1248 2473 ἡμιολίων
1280 2424 1319 2462 δὲ
1341 2424 1379 2461 ἐν
1406 2423 1534 2470 τριάδι
1552 2423 1648 2478 πρὸς

259 2484 404 2523 δυάδα·
450 2482 545 2520 ὥστε
572 2484 594 2532 ἡ
623 2488 689 2531 τῆς
716 2482 956 2529 δικαιοσύνης
981 2483 1105 2520 ἔννοια
1127 2483 1192 2519 καὶ
1221 2480 1332 2529 φύσις
1358 2480 1398 2518 ἓν
1429 2481 1550 2523 ἰσάκις
1577 2483 1645 2530 ἴσῳ

259 2540 478 2587 δεικνυμένη
505 2537 677 2590 άριθμῷ,
711 2541 878 2578 τουτέστι
905 2540 945 2577 ἔν
982 2554 1034 2589 τῳ
1072 2537 1336 2585 τετραγώνων,
1368 2532 1407 2575 ἕν
1438 2536 1551 2589 ἀρτίῳ
1579 2538 1647 2584 μὲν

261 2597 330 2637 οὐκ
359 2595 486 2644 ὀρθῶς
515 2601 681 2645 δειχθείη
706 2595 752 2634 ἂν
778 2598 980 2644 μεσότητος
1018 2594 1256 2642 ἄμοιροῦντι,
1297 2593 1383 2632 ἀλλ’
1417 2594 1458 2632 ἐν
1486 2598 1646 2646 περιττῷ

261 2654 435 2703 δηλονότι
456 2657 520 2692 καὶ
540 2658 614 2692 τῶν
638 2658 819 2701 περιττῶν
839 2654 879 2691 ἐν
907 2653 1227 2702 πυθμενικωτάτφ
1251 2654 1313 2689 καὶ
1333 2652 1449 2690 οἱονεὶ
1468 2653 1648 2699 σπέρματι

263 2731 338 2766 τῶν
369 2728 509 2774 ἄλλων,
540 2726 604 2766 διὰ
639 2727 682 2765 τὸ
701 2724 999 2774 ἐπιστημονικόν.
1031 2724 1070 2763 ἐν
1090 2722 1164 2772 ἄρα
1184 2726 1377 2775 πρωτίστῳ
1395 2726 1447 2777 τῷ
1465 2730 1505 2762 θ.
1537 2720 1647 2766 οὗτος
