1764 3176
499 178 1034 224 -EDITORIS.
1341 192 1508 221 xxvnn

111 310 232 336 narum
251 298 398 334 sensisse
418 302 523 343 puto,
555 310 644 342 quae
661 299 874 343 experientia
904 299 1064 332 diuturna
1086 300 1121 331 et
1142 296 1364 331 observandis
1385 298 1506 332 civita-

112 364 185 392 tum
205 357 482 391 conversionibus
503 367 579 389 cum
603 357 716 399 aliqua
735 356 986 400 probabilitatis
1009 355 1147 398 specie,
1174 359 1213 387 ut
1231 359 1377 388 naturae
1395 355 1505 397 magis

110 425 244 455 rerum,
274 424 375 456 quam
405 413 556 447 humano
587 414 729 446 arbitrio
763 414 959 454 subiectae,
990 412 1148 444 constitui
1177 416 1212 444 et
1240 411 1373 445 definiri
1406 422 1510 455 posse

110 470 318 505 viderentur.
373 470 496 513 Itaque
517 475 670 514 tempus,
697 480 765 512 quo
786 470 931 503 mutatio
954 469 1029 512 ipsa
1048 472 1213 502 eventura
1232 473 1346 510 esset,
1377 469 1508 512 signifi-

109 538 192 561 care
209 527 358 568 simulat,
381 537 419 560 re
436 537 515 560 vera
532 538 601 561 non
617 527 808 570 significat3
835 526 1053 570 periodorum
1069 525 1233 558 ambitum
1252 529 1348 558 certo
1366 535 1509 559 numero

109 585 195 626 finit,
223 584 284 617 sed
307 583 463 617 diffidens
485 585 667 626 sagacitati
692 583 862 617 humanae
891 593 967 617 eum
991 592 1168 616 numerum
1186 592 1254 615 non
1279 583 1381 624 plane
1399 593 1508 616 enun-

108 641 194 680 tiat,
224 641 284 674 sed
305 641 397 673 velut
424 641 613 674 vaticinans
632 641 782 674 tenebris
807 640 929 683 operit.
989 639 1058 672 Sed
1078 639 1216 672 uberius
1237 649 1312 671 eam
1334 650 1404 672 rem
1429 650 1508 683 per-

109 697 204 740 sequi
229 698 273 730 ab
301 701 421 730 nostro
451 698 594 730 consilio
623 697 769 730 alienum
798 702 869 738 est,
902 695 1043 730 ethaeo
1074 695 1147 738 ipsa
1168 695 1326 728 sufficere
1355 701 1438 738 puto
1462 696 1506 729 ad

107 754 269 787 iudicium
291 753 334 786 de
353 754 417 795 iis,
445 754 502 797 qui
529 755 641 787 locum
666 754 882 788 Platonicum
910 754 1001 786 seria
1023 753 1254 796 disputatione
1275 751 1415 794 dignum
1437 763 1505 786 non

108 821 185 844 esse
210 810 372 844 iudicant.
431 811 648 844 Admirabilis
675 810 810 853 quidem
829 811 1010 844 verborum
1031 810 1065 843 in
1090 819 1222 842 summa
1243 809 1410 842 brevitate
1431 819 1506 842 am-

107 867 239 910 plitudo
272 872 309 900 et
338 868 478 910 egregio
496 868 641 901 artificio
661 868 784 901 effecta
814 868 848 901 in
871 868 1082 901 obscuritate
1103 866 1331 909 perspicuitas
1348 866 1505 900 animad-

108 924 194 958 verti
213 925 256 957 ab
275 924 316 957 iis
335 935 403 957 non
422 928 571 968 poterat,
601 935 702 967 quum
720 925 822 958 verba
843 936 910 958 non
932 924 1175 966 intelligerent.

222 981 322 1014 Nunc
349 982 527 1024 explorata
552 982 712 1023 Barocii,
743 987 860 1015 nostra
887 982 1043 1025 exposita
1066 981 1236 1014 sententia
1257 980 1300 1014 de
1316 978 1503 1014 Aristotele

108 1038 252 1080 aliisque
272 1038 443 1071 veteribus
462 1043 619 1082 superest
636 1043 674 1072 ut
701 1039 854 1072 dicamus
867 1064 877 1080 ‚
907 1040 963 1081 qui
995 1037 1131 1081 quidem
1151 1038 1297 1070 eundem
1324 1048 1502 1071 numerum

107 1106 127 1128 a
148 1095 296 1128 Platone
314 1095 544 1137 significatum
565 1096 778 1129 existimasse
805 1096 1007 1136 videantur,
1035 1106 1102 1138 quo
1122 1105 1184 1128 nos
1208 1094 1368 1138 periodos
1387 1105 1500 1128 rerum

106 1151 330 1185 humanarum
350 1152 392 1184 ab
421 1162 462 1185 eo
494 1152 651 1185 definitas
683 1164 758 1186 esse
788 1154 980 1186 statuimus.
1037 1151 1151 1194 Atque
1178 1150 1267 1184 hunc
1286 1151 1501 1195 periodicum

104 1218 282 1242 numerum
301 1208 405 1242 iidem
427 1210 597 1247 et¹nescio
622 1220 665 1242 an
686 1221 803 1243 omnes
827 1210 971 1243 eundem
992 1209 1131 1242 fatalem
1153 1219 1264 1241 rerum
1287 1208 1502 1251 publicarum

105 1264 317 1307 habuerunt,
347 1266 418 1299 sive
438 1254 529 1308 quod
549 1267 692 1299 alterum
714 1267 785 1299 erui
816 1278 884 1300 non
909 1277 1011 1309 posse
1040 1265 1289 1308 intelligerent,
1320 1275 1410 1307 quae
1436 1276 1502 1299 no-

107 1326 179 1356 stra
195 1322 309 1366 opinio
329 1326 405 1362 est,
433 1323 505 1355 sive
525 1323 614 1366 quod
638 1334 734 1366 eum,
768 1324 824 1366 qui
853 1324 951 1356 initio
973 1323 1098 1356 dicitur
1118 1317 1157 1354 ἐν
1179 1313 1210 1366 ᾧ
1229 1316 1365 1367 πρώτῳ
1389 1316 1502 1364 αὐξή-

107 1387 200 1420 σεις,
231 1389 299 1412 non
330 1379 500 1413 diversum
535 1386 698 1423 putarent
727 1381 769 1413 ab
792 1391 855 1421 eo,
886 1381 941 1423 qui
967 1380 1002 1413 in
1032 1381 1100 1413 fine
1132 1384 1184 1412 est
1212 1374 1357 1419 ξύμπας
1390 1371 1502 1417 οὗτος

108 1428 274 1478 ἀριθμὸς
292 1433 547 1478 γεωμετρικός.
604 1436 808 1471 Aristoteles
827 1442 942 1471 autem
965 1438 997 1470 in
1020 1442 1095 1469 utra
1115 1436 1286 1469 sententia
1303 1435 1417 1479 suerit,
1437 1446 1501 1469 an-

107 1502 189 1536 ceps
209 1492 370 1526 iudicium
415 1499 467 1526 est
497 1498 638 1537 propter
671 1495 874 1535 verborum,
907 1495 1027 1537 quibus
1052 1494 1180 1534 utitur,
1211 1493 1436 1533 brevitatem,
1466 1493 1500 1526 in

105 1559 172 1592 qua
191 1553 306 1583 tamen
328 1551 474 1593 perspici
492 1555 618 1594 potest,
639 1552 718 1594 quid
738 1552 781 1585 de
809 1551 983 1595 periodico
1006 1550 1163 1591 senserit,
1199 1560 1298 1593 quem
1321 1549 1502 1584 deficiente

105 1606 215 1639 altero
233 1606 369 1639 fatalem
390 1607 544 1640 Platonis
566 1618 742 1642 numerum
761 1609 876 1642 dicere
897 1609 1010 1642 liceat.
1069 1608 1184 1641 Verba
1204 1606 1399 1640 Aristotelis
1420 1611 1502 1640 sunt

104 1663 139 1696 in
162 1663 383 1697 Politicorum
403 1665 489 1697 libro
517 1666 635 1707 quinto
646 1676 734 1709 -cap.
754 1665 800 1700 X.
825 1677 858 1708 p.
875 1665 955 1700 236.
977 1665 1030 1698 ed.
1052 1664 1254 1698 Schneider.
1315 1657 1375 1695 Ἐν
1397 1658 1436 1696 δὲ
1456 1661 1501 1707 τῇ

103 1716 172 1751 τοῦ
193 1715 397 1758 Πλάτωνος
417 1720 586 1767 πολιτείᾳ
613 1719 753 1763 λέγεται
782 1718 850 1764 μὲν
879 1720 961 1764 περὶ
984 1719 1060 1754 τῶν
1086 1718 1304 1764 μεταβολῶν
1337 1712 1411 1753 ’ὑπὸ
1430 1718 1500 1753 τοῦ

104 1771 354 1818 Σωκράτους,
386 1769 431 1808 οὖ
460 1772 587 1817 μέντοι
613 1774 755 1820 λέγεται
785 1777 917 1815 καλῶς.
957 1776 1025 1820 τῆς
1051 1788 1089 1811 τε
1119 1773 1189 1819 ’νοὶρ
1221 1771 1374 1819 ἀρίστης
1395 1777 1501 1809 πολι-

103 1829 208 1870 τείας
230 1830 293 1866 καὶ
323 1828 473 1875 πρώτης
504 1827 617 1875 οὔσης
645 1828 690 1867 οὗ
720 1831 815 1875 λέγει
839 1830 907 1877 τὴν
927 1829 1143 1879 μεταβολήν
1165 1833 1280 1872 ἰδίως,
1315 1831 1406 1876 φησὶ
1429 1828 1500 1876 γάρ

104 1886 228 1922 αἴτιον
248 1885 344 1923 εἶναι
363 1885 405 1922 τὸ
426 1885 476 1933 μὴ
500 1886 624 1931 μένειν
642 1889 777 1932 μηθὲν,
799 1885 883 1923 ἀλλ’
904 1887 942 1923 ἕν
962 1902 1033 1924 τινι
1057 1886 1220 1937 περιόδῳ
1238 1885 1499 1935 μεταβάλλειν·

105 1939 223 1989 ἀρχὴν
254 1939 293 1980 δ’
313 1941 411 1979 εἶναι
443 1942 606 1990 τούτων,
637 1941 690 1981 ὧν
719 1944 904 1989 ἐπίτριτος
940 1944 1098 1991 πυθμὴν
1131 1943 1298 1990 πεμπάδι
1332 1944 1498 1990 συζυγεὶς

104 1998 173 2036 δύο
194 1996 376 2046 ἁρμονίας
398 1999 617 2047 παρέχεται,
647 2001 761 2047 λέγων
792 1999 885 2038 ὅταν
907 1997 926 2037 ὁ
949 2003 1015 2038 τοῦ
1034 2000 1312 2048 διαγράμματος
1332 1997 1497 2047 α’ριθμός

103 2055 241 2093 τούτου
263 2056 414 2103 γένηται
442 2056 614 2103 στερεός·
645 2056 695 2100 ὥς
723 2060 789 2104 τῆς
818 2056 970 2104 φύσεώς
1005 2072 1097 2095 ποτε
1126 2057 1296 2104 φυούσης
1324 2055 1496 2103 φαύλους

102 2113 166 2149 καὶ
184 2115 374 2159 κρείττους
404 2115 472 2161 τῆς
498 2116 694 2156 παιδείας·
725 2117 838 2151 τοῦτο
867 2113 934 2160 μὲν
969 2110 1038 2152 οὖν
1069 2113 1161 2151 αὐτὸ
1187 2115 1302 2161 λέγων
1329 2116 1418 2156 ἴσως
1450 2112 1497 2152 οὖ

102 2171 246 2212 κακῶς·
278 2169 461 2216 ἐνδέχεται
485 2170 555 2218 γὰρ
585 2170 683 2208 εἶναι’
708 2186 835 2216 τινας,
876 2167 942 2213 οὓς
968 2173 1030 2208 καὶ
1059 2173 1235 2218 γενέσθαι
1264 2173 1497 2213 σπουδαίους

103 2222 244 2272 ἄνδρας
275 2223 475 2265 ἀδύνατον.
507 2225 591 2264 ἀλλ’
622 2226 718 2275 αὕτη
744 2232 781 2265 τί
798 2225 851 2267 ,ἂν
883 2230 980 2270 ἴδιος
1011 2230 1068 2275 εἴη
1104 2229 1288 2277 μεταβολὴ
1320 2230 1387 2276 τῆς
1420 2224 1494 2264 ’ὑπ’

103 2280 247 2320 ἐκείνου
269 2284 465 2330 λεγομένης
492 2282 643 2332 ἀρίστης
675 2288 864 2328 πολιτείας
882 2288 1041 2335 μᾶλλον,
1069 2281 1093 2333 ἢ
1126 2288 1200 2322 τῶν
1220 2284 1341 2321 ἄλλων
1364 2287 1498 2322 πασῶν

103 2340 168 2376 καὶ
191 2341 266 2376 τῶν
292 2340 517 2386 γιγνομένων
544 2341 718 2386 πάντωνς
760 2346 815 2380 Ex
832 2347 951 2389 quibus
971 2357 1060 2390 quae
1079 2347 1121 2380 ad
1139 2357 1317 2381 numerum
1340 2346 1496 2380 Platonis

102 2399 214 2444 ipsum
232 2405 391 2444 spectant
409 2412 583 2445 perpauca
603 2414 715 2446 neque
734 2414 776 2437 ea
794 2405 877 2437 satis
896 2403 1071 2437 intellecta
1091 2408 1180 2437 sunt.
1239 2403 1327 2437 Nam
1348 2403 1496 2446 primum

102 2452 246 2489 τούτων
265 2462 346 2491 ante
369 2449 443 2500 ὧν,
475 2459 566 2501 quod
603 2460 769 2493 Barocius
803 2461 846 2493 ad
872 2470 927 2493 res
950 2461 1210 2494 commutandas
1242 2471 1326 2502 seu,
1355 2464 1393 2493 ut
1422 2460 1496 2493 eius

102 2513 214 2547 verbis
232 2517 323 2556 utar,
350 2516 564 2557 generabiles
584 2521 620 2550 et
642 2517 880 2560 corruptibiles
902 2516 1020 2559 refert,
1051 2511 1168 2561 ἀρχὴν
1196 2518 1399 2560 principium
1419 2527 1495 2550 mu-

102 2570 244 2604 tationis
263 2571 514 2614 interpretans,
545 2574 601 2606 alii
624 2574 667 2607 ad
695 2574 788 2616 ipsas
812 2570 1017 2618 μεταβολάς
1051 2575 1242 2608 retulerunt
1260 2575 1363 2608 verbo
1384 2583 1495 2616 μετα-

104 2621 254 2671 βάλλειν
273 2628 493 2670 signifimtas,
523 2634 558 2663 et
583 2630 627 2663 ad
649 2622 702 2662 ὧν
720 2630 926 2673 αᾱάὶάειζυιιῐ
941 2629 1070 2665 ταῦτα.
1130 2630 1252 2664 Neutri
1270 2636 1376 2666 recte.
1407 2625 1496 2663 τού-

104 2693 180 2716 των
201 2683 245 2717 ad
265 2675 316 2716 ὧν
331 2685 501 2727 pertinet,
531 2690 567 2719 et
586 2697 706 2720 sensus
735 2688 914 2721 verborum
943 2688 1020 2720 talis
1049 2692 1122 2721 est:
1152 2687 1363 2731 Principium
1380 2691 1494 2721 muta-

104 2739 206 2773 tionis
231 2741 379 2784 positum
413 2752 488 2776 esse
514 2745 549 2776 in
568 2744 719 2777 numeris
736 2744 857 2786 (Plato
879 2735 1052 2786 αὐξήσεις
1069 2744 1222 2788 dixerat)
1253 2755 1396 2788 quorum
1419 2754 1494 2778 ses-

105 2796 267 2839 quitertia
283 2798 382 2831 radix
403 2803 471 2833 etc.
529 2800 661 2834 Deinde
677 2801 780 2834 verba
801 2795 915 2842 λέγων
936 2793 1026 2834 ὅταν
1049 2800 1230 2835 declarant
1249 2807 1395 2844 tempus,
1425 2811 1493 2844 quo

103 2851 205 2888 Plato
227 2853 360 2889 initium
375 2856 571 2891 mutationis
596 2857 769 2901 posuerit,
799 2857 936 2891 minime
955 2868 1048 2901 vero,
1077 2858 1169 2902 quod
1188 2858 1356 2893 Barocius
1375 2857 1491 2899 voluit,
