1764 3176
418 122 748 204 ciVITAs
797 161 919 203 LIB.
958 160 1068 203 VIII.
1100 166 1168 201 558

1423 164 1479 202 59

100 273 397 326 δικασθέντων
437 273 492 316 οὐ
529 271 679 329 κομψή
691 290 703 323 3
742 271 770 328 ἢ
807 271 931 316 οὔπω
963 271 1072 324 εἶδες
1108 272 1157 315 ἐν
1185 268 1369 328 τοιαύτῃ
1399 286 1480 315 πο-

97 343 252 399 λιτείᾳ,
292 339 545 396 ἀνθρώπων
574 340 1002 398 καταψηφισθέντων
1034 339 1237 384 θανάτου
1264 338 1291 396 ἢ
1321 342 1480 395 φυγῆς,

97 407 229 452 οὐδὲν
265 404 398 465 ἧττον
442 409 588 453 αὐτῶν
624 409 846 464 μενόντων
885 426 929 453 τε
967 409 1042 452 καὶ
1083 407 1481 463 ἀναστρεφομένων

97 476 144 519 ἐν
172 477 300 535 μέσῳ,
332 478 406 521 καὶ
445 477 503 529 ὥς
542 478 643 522 οὔτε
679 479 992 534 φροντίζοντος
1037 474 1141 520 οὔτε
1171 475 1366 530 ὁρῶντος
1401 473 1480 518 ου’-

94 545 219 598 δενὸς
256 551 506 600 περινοστεῖ
536 544 681 600 ὥσπερ
725 545 864 602 ἥρως;
912 546 1001 589 Καὶ
1050 543 1243 594 πολλούς
1281 540 1342 598 γ’,
1385 542 1481 598 ἔφη.

92 714 288 760 πραότητα
309 721 350 751 ut
367 716 478 774 paullo
495 721 575 762 post
594 716 754 762 ξυγγνώ-

90 773 164 806 μην
196 761 261 796 καὶ
301 759 390 796 οὐδ’
425 760 636 798 ὁπωστιοῦν
677 774 755 807 σμι-

90 808 286 853 κρολογίαν
349 809 551 854 praedicare
606 810 755 852 videtur,

91 855 368 899 quemadmodum
404 856 601 901 Stephanus
635 857 754 890 voluit.

91 900 200 934 Simili
234 900 480 945 significatione
512 903 638 960 πρᾶον
666 902 754 957 legi—

91 950 148 980 tur
169 947 322 1003 Euthyd.
346 959 379 992 p.
403 949 483 983 303.
501 948 553 982 D:
578 947 643 983 καὶ
666 947 754 982 τόδε

90 1004 140 1026 αν
192 990 317 1035 ἕτερον
358 991 559 1049 δημοτικόν
610 1007 647 1028 τι
690 993 754 1028 καὶ

88 1038 212 1082 πρᾶον
245 1036 283 1073 ἐν
314 1042 394 1079 τοῖς
419 1037 561 1084 λόγοις,
597 1037 657 1075 ὅτι
688 1044 754 1075 etc.

90 1085 272 1119 Genitixrus
305 1090 438 1128 autem,
470 1098 573 1131 quum
616 1087 749 1120 codices

88 1131 375 1175 praepositionem
423 1132 546 1166 nullam
592 1133 752 1174 habeant,

87 1187 151 1222 per
172 1188 211 1210 se
235 1177 422 1211 censendus
445 1183 500 1212 est
521 1178 575 1220 id,
599 1191 665 1224 quo
690 1191 752 1212 ne-

89 1223 239 1257 cessario
261 1228 396 1276 spectat
416 1223 560 1266 lenitas,
584 1236 645 1258 sen
677 1225 751 1258 eius

87 1268 278 1311 obiectum,
303 1270 385 1303 sine
418 1281 484 1314 qao
514 1250 660 1314 co’gitari
684 1282 749 1304 non

86 1314 206 1359 magis,
228 1326 330 1360 quam
357 1315 431 1349 sine
452 1316 606 1349 subiecto
625 1320 750 1361 potest,

85 1360 256 1403 indicare3
280 1373 380 1407 quem
403 1372 500 1395 usum
524 1362 643 1407 attigit
658 1363 750 1396 Mat-

85 1406 178 1440 thiae
217 1418 359 1451 gramm.
407 1419 440 1452 Ρ.
481 1410 561 1444 681.
619 1409 751 1442 Eodem

84 1453 183 1486 modo
205 1453 464 1498 interpretanda
490 1460 568 1488 sunt
585 1454 645 1488 illa
663 1454 749 1510 Leg.

85 1498 127 1531 L.
149 1499 229 1533 IIII.
266 1511 300 1545 Ρ.
326 1501 405 1535 717.
437 1500 487 1533 A:
493 1499 661 1556 ἴσκοπὸς
683 1498 749 1543 μὲν

87 1537 156 1578 οὖν
176 1541 266 1588 ἡμῖν
290 1545 425 1588 οὗτος,
459 1558 504 1580 ου
532 1547 591 1580 δεῖ
622 1544 750 1590 στοχά-

87 1590 236 1631 ζεσθαι·
280 1589 367 1637 βέλη
403 1589 442 1625 δε
483 1589 637 1626 αὐτοῦ
686 1592 751 1626 καὶ

88 1633 171 1670 οἷον
195 1634 218 1680 ’ἡ
243 1640 324 1676 τοῖς
356 1635 497 1694 βέλεσιν
522 1637 667 1682 ἔφεσις,
701 1637 749 1672 τὰ

85 1679 173 1716 ποῖ’
195 1681 243 1716 ἂν
267 1679 445 1728 λεγόμενα
470 1681 666 1728 ὀρθότατα
685 1682 751 1728 φέ-

86 1724 191 1772 ροιτ’
216 1725 288 1771 ἅν;
320 1730 355 1763 in
385 1730 508 1775 quibus
542 1731 751 1775 explicandis

85 1774 246 1817 Astim,
261 1787 375 1821 quem
399 1776 505 1810 nostri
546 1777 610 1810 loci
661 1777 750 1810 ratio

86 1831 153 1854 non
195 1822 389 1864 fefellerat,
436 1823 566 1857 frustra
614 1823 750 1856 labora-

84 1866 149 1900 vit.

133 1909 180 1946 ου’
202 1924 245 1947 κο
246 1911 350 1957 μψή;
375 1908 398 1958 ἢ
421 1910 528 1948 οὔπω
548 1911 657 1959 εἰδες]
683 1927 746 1948 om.

86 1957 184 1992 Vind.
209 1959 249 1993 F.
280 1962 366 2004 Ang.
395 1960 434 1993 B.

129 2002 309 2051 τοιαύτῃ]
334 2006 380 2050 τῆ
408 2004 564 2051 τοιαύτη
589 2007 690 2043 Vind.
703 2007 747 2040 E.

128 2052 187 2106 τε]
211 2064 281 2085 om.
298 2052 385 2086 Lob.
410 2053 490 2086 Vat.
514 2053 563 2108 M.

130 2094 265 2144 μέσῳ,]
294 2095 391 2144 μέσῳ
408 2099 482 2132 Ald.
494 2097 612 2145 μέσῳ,-
627 2099 747 2144 Steph.

76 2132 286 2185 Bekkerus,
310 2145 450 2178 Astius
441 2156 475 2178 ιιι
493 2150 574 2179 tert.
594 2151 630 2179 et
641 2146 748 2179 Stall-

85 2189 251 2223 baumius.
291 2190 338 2223 Hi
369 2202 500 2224 omnes
497 2195 542 2224 et
567 2192 681 2225 Astius
712 2192 747 2225 in

87 2245 138 2280 pr.
158 2247 295 2280 quoque
309 2240 345 2269 et
360 2248 427 2270 sec.
446 2242 526 2292 post
541 2233 643 2281 ἥρως
662 2249 747 2284 Ριιιι-

86 2285 189 2314 ctum
197 2282 370 2324 fecerunt,
404 2287 457 2316 cui
481 2285 660 2329 sequentia
684 2296 747 2330 pa-

86 2338 161 2360 rum
184 2338 333 2371 congrua
355 2328 524 2363 videntur.

131 2375 359 2430 περινοστεῖ]
400 2387 438 2408 π.
475 2372 495 2410 ὁ
530 2381 744 2419 καταψηφι-

88 2417 192 2458 σθεὶς
217 2419 304 2464 Ang.
330 2421 369 2454 Β.
406 2423 442 2455 et
475 2433 496 2454 a
527 2433 570 2456 m.
595 2434 622 2455 s.
654 2423 742 2456 ven.

86 2465 128 2498 B.
162 2465 237 2499 Ald.
273 2467 352 2499 Bas.
379 2468 433 2501 ab.
465 2467 580 2511 (duae
611 2468 745 2512 priores

88 2506 109 2544 ὁ
138 2512 296 2555 κακαψ.)
310 2513 439 2558 ..Stepb
459 2515 530 2549 Ast.
555 2514 670 2554 Quum
688 2526 746 2548 co-

87 2556 181 2590 dices
216 2558 323 2591 solum
363 2562 574 2603 περινοστεῖ
605 2572 626 2593 a
659 2560 748 2593 scri-

87 2606 187 2647 ptore
202 2605 391 2659 profectum
414 2617 490 2640 esse
508 2606 747 2650 persuadeant,

86 2649 201 2693 potius
226 2646 246 2684 ὁ
271 2651 444 2691 τοιοῦτος
462 2652 670 2700 cogitatione
686 2653 748 2686 ad-

34 2725 36 2727 ,
86 2694 209 2738 datur,
243 2707 344 2741 quam
383 2694 403 2731 ὁ
433 2697 747 2742 καταψηφισθείς.

87 2741 279 2785 Singularis
312 2747 426 2776 autem
461 2745 538 2777 dum
581 2745 614 2778 in
645 2756 746 2789 unum

88 2788 255 2831 quendam
287 2800 329 2822 ex
359 2789 501 2823 illorum
523 2802 662 2824 numero
693 2791 746 2824 in-

87 2834 175 2868 tueri
199 2835 315 2877 iubet,
348 2847 419 2869 rem
452 2836 560 2882 magis
583 2836 745 2881 insignem

813 721 850 751 et
873 717 1055 761 imaginem
1079 715 1328 750 evidentiorem
1354 714 1480 748 reddit.

811 764 970 809 Denique
1004 763 1049 796 ad
1090 766 1284 796 structurae
1316 760 1480 794 mutatio-

810 822 905 851 nem,
941 821 1030 854 quae
1065 812 1144 853 post
1175 807 1346 852 genitivos
1378 807 1480 839 abso-

809 855 901 889 lutos
948 855 1016 889 alio
1061 865 1243 888 conversos
1283 851 1479 886 necessario

808 901 1022 935 instituenda
1063 900 1150 941 fuit,
1201 910 1377 955 compares
1417 898 1478 932 illa

810 948 852 982 L.
890 949 917 981 I.
949 959 984 1002 Ρ.
1011 947 1091 982 337.
1117 926 1168 980 E’:
1206 946 1288 985 πῶς
1322 943 1393 989 γὰρ
1429 938 1477 978 οὶν

809 1013 857 1019 -
880 993 936 1032 τὶς
960 990 1203 1035 ἀποκρίναιτο
1236 992 1385 1035 πρῶτον
1408 1002 1476 1034 μεν

809 1037 859 1095 μὴ
887 1037 996 1079 εἰδὼς
1019 1036 1111 1082 μηδὲ
1138 1036 1292 1082 φάσκων
1322 1035 1474 1079 εἰδέναι,

810 1083 953 1140 ἔπειτα,
1002 1085 1110 1118 εἴτι
1143 1083 1206 1118 καὶ
1242 1084 1360 1118 οἴεται
1389 1083 1475 1127 περὶ

807 1128 973 1185 τούτων,
1001 1128 1251 1187 ἀπειρημένον
1274 1127 1377 1185 αὐτῷ
1403 1129 1474 1173 εἴη,

809 1174 911 1217 ὅπως
946 1175 1060 1221 μηδεν
1103 1174 1180 1232 ἐρεῖ
1220 1188 1274 1209 ων
1314 1173 1379 1229 ἦγε
1365 1178 1473 1218 ῖται,

807 1221 879 1257 υπ’
907 1221 1046 1266 ἀνδρὸς
1071 1220 1117 1257 οὗ
1144 1220 1314 1266 φαύλου,·
1342 1222 1377 1255 in
1396 1221 1473 1266 qui-

806 1270 870 1303 bus
912 1270 1064 1302 similiter
1104 1268 1289 1314 participio
1332 1269 1474 1302 verbum

807 1315 940 1348 finitum
963 1315 1127 1349 succedit.

854 1360 930 1395 Καὶ
961 1359 1123 1400 πολλούς
1152 1358 1188 1417 γ’
1193 1387 1203 1404 ,
1250 1358 1356 1404 ε’φη.]
1409 1372 1473 1393 om.

807 1408 910 1442 Vind.
944 1408 988 1441 Ε.
1050 1408 1117 1441 Ριο
1150 1404 1186 1451 γ’
1228 1407 1263 1440 in
1298 1406 1395 1439 Vind.
1432 1407 1473 1440 B.

806 1465 864 1497 γε,
916 1465 979 1499 Ριο
1015 1452 1177 1493 πολλούς
1216 1453 1254 1486 in
1294 1453 1389 1486 Mon.
1432 1452 1473 1485 B.

807 1500 938 1540 πολοί,
990 1500 1102 1534 deleto
1135 1500 1237 1553 'quod
1280 1499 1341 1534 int.
1383 1509 1474 1532 vers.

806 1548 922 1579 fuerat
944 1546 1054 1590 priori
1079 1548 1109 1587 λ,
1134 1546 1169 1578 in
1194 1548 1273 1580 V.at
1295 1546 1336 1579 Β.
1363 1542 1474 1586 πολύ,

807 1593 842 1625 in
873 1592 958 1626 Lob.
993 1594 1078 1627 V.en
1115 1592 1154 1625 C.
1199 1592 1276 1624 Vat.
1311 1591 1359 1624 M.
1393 1591 1474 1624 Par.

807 1638 884 1671 DK.
928 1650 996 1671 see.
1037 1638 1147 1672 Bekk.
1184 1634 1302 1675 πολύς
1334 1637 1471 1681 legitur.

807 1685 896 1717 Tam
937 1684 1133 1729 multiplicis
1179 1682 1358 1716 varietatis
1394 1683 1475 1716 sim-

808 1730 887 1775 plex
920 1741 1042 1763 caussa
1076 1736 1130 1763 est
1163 1730 1363 1774 discrepans
1387 1740 1473 1762 non-

806 1776 889 1809 nihil
930 1777 973 1809 ab
1008 1775 1277 1820 interrogatione
1316 1775 1473 1820 responsi

806 1824 930 1864 forma,
951 1834 1154 1867 quamquam
1179 1821 1252 1855 eius
1273 1821 1472 1866 discrepan-

805 1868 875 1901 tiae
899 1868 1055 1912 exempla
1077 1880 1144 1902 non
1169 1868 1254 1901 adeo
1278 1879 1358 1901 rara
1381 1872 1469 1901 sunt.

809 1914 863 1947 Cf.
898 1914 973 1948 Vol.
997 1914 1043 1947 II.
1078 1926 1113 1958 p.
1148 1915 1237 1955 333,
1274 1925 1304 1947 a.
1339 1919 1472 1956 notata,

805 1971 948 2005 quorum
978 1972 1151 1993 numerum
1183 1971 1310 2004 augere
1350 1971 1471 2005 super—

804 2007 920 2041 sedeo.
967 2007 1137 2040 Docemur
1173 2013 1287 2040 autem
1324 2006 1389 2039 hoc
1411 2018 1470 2040 re·

805 2064 949 2097 sponso,
971 2053 1249 2098 quemadmodum
1269 2052 1469 2086 Adimantus

804 2098 1108 2143 interrogationem
1141 2099 1298 2133 Socratis
1324 2098 1467 2143 ceperit,

804 2150 841 2178 et
895 2146 1000 2178 multo
1056 2145 1185 2179 rectius
1240 2145 1470 2179 Matthiaeum

804 2202 944 2235 gramm.
970 2193 1000 2233 ἓ.
1027 2193 1105 2227 327.
1131 2204 1163 2225 ιι.
1189 2193 1222 2225 2.
1251 2191 1303 2224 ed.
1329 2203 1379 2236 pr.
1404 2203 1467 2235 ge-

803 2237 929 2271 nitivos
965 2234 1092 2271 αὐτῶν
1118 2235 1307 2281 μενόντων
1337 2248 1376 2270 τε
1404 2236 1467 2271 καὶ

804 2281 1139 2339 ἀναστρεφομένων
1179 2285 1221 2316 ob
1246 2295 1467 2337 praegressos

803 2326 849 2363 οἷν
851 2328 1017 2373 θρωπων
1030 2327 1396 2374 καταψηφισθέντων
1407 2342 1469 2374 per

803 2377 1013 2410 anacolutho·
1007 2389 1026 2409 ι
1042 2376 1153 2410 illatos
1167 2381 1372 2409 statuentem
1393 2388 1465 2410 eam

799 2421 1061 2467 interpretatum
1094 2434 1190 2463 esse,
1221 2434 1322 2467 quam
1354 2422 1468 2456 Reisi-

801 2468 893 2513 gium
927 2469 961 2502 in
997 2468 1212 2502 enarratione
1243 2469 1347 2513 Soph.
1377 2469 1465 2503 Oed.

803 2515 876 2547 Col.
902 2527 936 2559 p.
949 2515 1024 2570 LX3
1051 2526 1101 2559 sq.
1128 2515 1171 2547 ad
1198 2511 1291 2553 εἶδες
1315 2515 1468 2570 suppleri

802 2560 975 2594 iubentem
1004 2557 1146 2604 ἐκείνην
1178 2557 1247 2604 τήν
1271 2560 1468 2605 πραότητα

806 2607 900 2652 (ipse
923 2606 1041 2640 scribit
1063 2604 1279 2653 πρᾳότητα)
1292 2632 1302 2650 ,
1326 2619 1393 2652 quo
1413 2609 1481 2645 fa—<

805 2659 860 2686 cto
886 2653 985 2697 plane
1006 2653 1157 2698 ineptum
1187 2653 1264 2686 fieri
1293 2653 1465 2687 Adimanti
1495 2654 1507 2657 ¹

803 2710 1000 2743 responsum
1040 2710 1181 2733 necesse
1222 2703 1287 2733 est.
1333 2700 1465 2733 Tamen

803 2745 1013 2779 Matthiaeus
1050 2745 1086 2779 in
1117 2746 1227 2780 altera
1267 2746 1464 2789 grammati—

804 2803 866 2825 cae
897 2791 1048 2825 editione
1079 2803 1112 2837 p.
1137 2793 1216 2827 660.
1241 2792 1384 2836 Reisigii
1406 2803 1464 2825 ra-

802 2841 926 2871 tionem
950 2849 990 2883 Ρι
993 2849 1057 2872 10r1
1079 2850 1162 2873 suae
1185 2838 1359 2884 praetulit.
1386 2838 1462 2884 Ego
