1764 3176
440 191 471 234 C
490 191 510 233 Ι
529 192 665 234 ῖΤΙΤ
685 191 777 235 AS
817 193 939 236 LIB.
964 193 1080 237 VIII.
1111 196 1179 235 547

34 300 211 371 4932&sp
246 295 302 356 ἦν
331 299 374 346 δ’
406 301 514 358 ἐγώ,
555 301 748 359 ἀνάγκη,
786 303 976 356 Μούσας
1002 320 1058 362 ,γε
1096 304 1242 357 οὔσας.

1439 202 1492 241 19

1305 305 1359 348 Τί
1387 299 1485 359 οὖν,

100 370 128 425 ἡ
159 366 206 413 δ’
235 367 306 420 ὂς,
335 368 387 413 τὸ
418 370 524 426 μετὰ
553 375 684 415 τοῦτο
714 370 918 426 λέγουσιν
957 374 1004 416 αῖ
1037 377 1241 423 Μοῦσαι;
1270 370 1490 426 Στάσεως,
1514 372 1548 412 Β

100 431 158 493 ἦν
199 435 242 480 δ’
274 436 382 493 ἐγώ,
417 437 653 495 γενομένης
691 439 888 497 εἱλκέτην
927 438 1015 496 ἄρα
1056 439 1244 496 ἑκατέρω
1283 438 1342 482 vm*
1371 439 1491 496 γένη,

99 503 150 549 τὸ
178 504 260 560 μὲν
288 508 504 562 σιδηροῦν
541 507 615 550 καὶ
643 511 838 563 χαλκοῦν
875 507 946 551 ἐπὶ
974 507 1280 563 χρηματισμόν
1309 508 1383 551 καὶ
1411 511 1492 563 γῆς

99 575 253 628 κτῆσιν
291 574 364 617 καὶ
405 575 547 626 οἰκίας
588 576 772 631 χρυσίου
802 591 847 619 τε
884 574 960 618 καὶ
990 572 1214 629 ἀργύρου,
1257 574 1306 618 τὸ
1340 573 1383 619 δ’
1416 573 1488 627 αὖ,

99 639 150 684 τὸ
192 645 388 697 χρυσοῦν
425 658 470 686 τε
504 643 579 687 καὶ
619 642 871 699 ἀργυροῦν,
909 642 984 687 ἅτε
1014 641 1070 686 οὐ
1100 642 1347 698 πενομένω,
1379 641 1489 687 ἄλλα

100 707 233 765 φύσει
262 708 363 754 ὄντε
390 713 608 765 πλουσίω,
637 712 716 763 τὰς
744 710 886 768 ψυχὰς
917 710 986 755 ἐπὶ
1014 709 1095 766 τὴν
1120 708 1279 767 οὲρετήν
1308 711 1381 754 καὶ
1410 712 1490 767 τὴν

99 774 288 832 ἀρχαίαν
326 777 591 823 κατάστασιν
630 778 802 836 ἠγέτην.

862 777 1134 836 βιαζομένων
1175 778 1221 821 δὲ
1261 778 1334 821 καὶ
1369 776 1489 821 ἀντι-

98 844 333 889 τεινόντων
365 845 569 904 ἆλλήλοις
603 849 664 900 εἰς
694 848 832 904 μέσον
862 844 1155 903 ὡμολόγησαν
1192 849 1276 901 γῆν
1305 845 1386 901 μὲν
1414 846 1489 890 καὶ

101 914 242 965 οἰκίας
267 915 669 972 κατανειμαμένους
698 916 985 966 ἰδιώσασθαι,
1024 913 1131 964 τοῦς
1172 913 1219 957 δὲ
1257 914 1362 969 πρὶν
1391 930 1484 970 φυ-
1518 915 1549 956 C

100 981 393 1039 λαττομένους
432 981 512 1028 ὑπ’
553 982 702 1028 αὐτῶν
733 982 794 1036 ὥς
823 982 1104 1037 ἐλευθέρους,
1143 983 1304 1038 φίλους
1341 997 1385 1024 τε
1414 981 1490 1026 καὶ

147 1104 452 1152 ἀποκρίνεσθαι]
505 1108 561 1142 Ita
602 1108 680 1142 Par.
724 1109 765 1142 A.

100 1152 201 1187 Vind.
236 1154 343 1190 BEF.
376 1155 468 1189 Mon.
508 1155 550 1187 B.
593 1155 679 1189 Ven.
724 1154 765 1188 Β.

99 1199 181 1234 vat.
223 1199 269 1234 H.
311 1204 347 1233 et
379 1211 466 1234 am.
484 1211 518 1236 s.
544 1200 584 1233 B.
610 1200 697 1244 Ang.
722 1201 763 1234 B.

102 1244 197 1278 Flor.
223 1245 430 1282 ACRTUV.
456 1250 491 1279 et
508 1245 765 1280 Stallbaumius.

100 1291 280 1324 Bekkerus
332 1303 406 1326 cum
462 1291 599 1336 reliquis
652 1291 766 1334 tenuit

102 1333 403 1380 ἀποκρίνασθαι,
435 1342 473 1371 ut
497 1348 661 1382 responsa
685 1337 765 1371 Mu-

101 1394 213 1417 sarum
238 1384 280 1417 ab
306 1383 378 1426 eis,
412 1395 500 1428 quae
527 1383 688 1428 deinceps
713 1383 765 1416 di-

101 1432 220 1464 cturae
245 1434 378 1472 essent,
413 1430 623 1474 distinguere
649 1432 684 1462 et
707 1440 765 1463 as—

100 1485 235 1508 sensum
288 1475 355 1508 illis
409 1478 539 1509 tantum
593 1475 762 1529 praebere

103 1521 237 1556 Glauco
277 1521 445 1555 videatur.
510 1520 582 1555 Sed
630 1520 764 1554 codices

99 1566 225 1600 docent
255 1579 330 1601 eum
358 1567 474 1601 Musas
510 1570 655 1601 nondum
682 1579 764 1611 per·
780 1604 782 1607 v

99 1614 237 1647 functas
261 1613 488 1658 respondendi
510 1624 648 1647 munere
669 1612 763 1656 cogi-

99 1663 176 1695 tare
209 1663 245 1692 et
274 1659 463 1702 rationem,
510 1671 578 1704 qua
609 1670 650 1693 eo
682 1660 764 1693 fun-

101 1708 245 1759 gantur,
281 1705 415 1739 omniuo
425 1706 598 1760 probare.

147 1748 336 1795 φήσομεν]
380 1749 556 1795 φήσωμεν
602 1751 682 1786 Par.
721 1752 761 1784 A.

100 1807 189 1841 quae
213 1797 404 1830 adhortatio
428 1799 519 1831 foret
551 1808 614 1830 nec
638 1808 701 1843 per
726 1808 762 1830 sc

100 1854 164 1876 nec
188 1843 356 1877 Glauconi
379 1854 444 1877 nec
467 1843 621 1876 Socratis
645 1843 762 1877 verbis

101 1889 321 1934 sequentibus
344 1889 429 1922 satis
454 1889 668 1923 conveniens.

147 1935 209 1990 γε]
237 1947 302 1968 om.
327 1936 407 1968 Vat.
444 1936 493 1969 Μ.

147 1977 191 2014 τὸ
213 1991 307 2024 μετα
326 1981 456 2025 τοῦτο]
482 1991 619 2024 τοιιετα
644 1980 759 2014 τοῦτο

100 2026 186 2061 Lob.
221 2027 318 2060 Vind.
352 2027 536 2062 ΒΕ.Α1(1.
569 2024 612 2061 τὸ
652 2037 761 2069 μετα-

100 2072 214 2107 τοῦτο
257 2073 350 2106 Μοη.
375 2073 415 2106 Β.
445 2073 527 2107 Bas.
556 2073 612 2107 ab.

33 2117 70 2159 B
146 2116 334 2164 λέγουσιν]
370 2116 518 2163 λέγουσι
558 2118 635 2153 Ald.
681 2118 760 2153 Bas.

101 2166 156 2199 ab.
184 2167 300 2199 dicent
331 2165 404 2198 Fic.

148 2209 336 2255 ειλκέτην]
373 2207 468 2244 εἷλκε
499 2208 570 2254 τὴν
594 2210 693 2244 Vind.
718 2210 762 2245 F.

101 2260 182 2291 ante
206 2268 294 2291 cort.
320 2256 475 2290 εἷ’λκεται
494 2257 579 2290 Ven.
598 2256 639 2290 C.
667 2253 762 2290 ἕλκε-

101 2315 164 2336 ται
187 2303 274 2336 Lob.
301 2303 393 2336 Mon.
413 2304 453 2336 Β.
477 2303 555 2337 Par.
577 2302 654 2337 DK.
679 2304 760 2337 Vat.

102 2349 151 2383 M.
187 2349 284 2383 Flor.
325 2349 402 2382 TU.
445 2349 526 2384 Bas.
572 2349 607 2384 b.
652 2344 761 2383 ἕλκετ’

102 2396 181 2431 Vat.
206 2396 246 2428 B
263 2398 426 2451 ferentur
448 2395 522 2429 Fic.

151 2437 338 2496 ἑκατέρω]
365 2438 524 2488 ἑκατέρῳ
556 2441 637 2476 Bas.
662 2442 716 2475 ab.

149 2484 257 2531 γένη]
293 2484 392 2531 γένεε
422 2488 502 2522 Par.
533 2488 572 2521 A.
611 2489 696 2522 Ven.
720 2486 761 2520 C.

103 2533 165 2567 sed
197 2540 342 2577 uterque
374 2545 393 2566 e
425 2545 513 2568 corr.
546 2531 627 2577 γένε
662 2533 762 2568 Vind.

103 2580 145 2612 B.
180 2581 260 2614 Vat.
292 2579 336 2613 H.
369 2576 467 2622 γένει
501 2580 602 2616 Vind.
627 2579 669 2613 F.
705 2580 761 2614 Cf.

103 2625 178 2660 Vol.
203 2625 232 2658 I.
257 2636 290 2669 p.
316 2627 396 2660 303.

104 2718 135 2753 V
146 2670 321 2751 χρνὲίοτξῖ]
334 2720 359 2751 t
364 2671 501 2752 χῗ-Ινσοῦ
547 2670 648 2706 Vind.
691 2671 764 2705 BE.

137 2729 178 2751 en
313 2729 332 2750 a

152 2760 337 2806 ἀργύρου]
376 2760 541 2807 οἷργυροῦ
583 2762 685 2798 Vind.
720 2763 764 2797 Ε.

103 2806 284 2890 “Figil-’Q'qu-l’
292 2809 719 2900 cgassllzmvssttffliffnfficssffs·
720 2808 766 2843 K·

868 1104 912 1141 τὸ
940 1103 981 1139 δ’
1007 1117 1078 1148 αν,
1104 1103 1148 1140 τὸ
1174 1105 1357 1159 χρυσοῦν]
1385 1105 1487 1145 Quod

823 1153 927 1197 vulgo
952 1152 1083 1193 deerat,
1107 1149 1151 1185 τὸ
1175 1155 1256 1196 post
1280 1150 1343 1192 αὐ,
1367 1163 1489 1184 secun-

821 1198 900 1232 dum
932 1198 1012 1232 Par
1037 1198 1078 1232 A.
1111 1197 1211 1231 Vind.
1236 1197 1310 1230 BE.
1344 1200 1379 1231 et
1402 1208 1422 1230 a
1446 1208 1488 1231 m.

822 1255 874 1289 pr.
907 1244 950 1277 F.
988 1245 1072 1278 Ven.
1116 1243 1157 1277 C.
1193 1244 1273 1278 Vat.
1310 1243 1355 1275 H.
1390 1243 1485 1276 Flor.

822 1289 928 1323 ACV.
958 1289 992 1323 in
1016 1290 1140 1334 quibus
1171 1287 1214 1323 τὸ
1245 1285 1284 1322 δ’
1311 1286 1406 1322 αὐτὸ
1433 1300 1487 1332 χρ.

821 1336 989 1380 seniptum
1024 1339 1098 1377 est,
1120 1334 1335 1369 inserendum
1358 1336 1488 1379 putavi.

822 1381 938 1415 Etiam
971 1382 1057 1418 Ven.
1088 1361 1133 1415 Β.
1163 1381 1339 1425 vulgatam
1370 1380 1487 1414 lectio-

821 1439 898 1461 nem
923 1427 970 1460 αὐ
999 1439 1074 1460 cum
1103 1428 1317 1460 conectione
1340 1426 1487 1460 exhibet.

822 1473 935 1514 Quam
968 1474 1130 1518 frequens
1162 1473 1403 1506 vocabulorum
1437 1483 1486 1506 αυ

820 1517 863 1553 τὸ
892 1525 927 1552 et
950 1519 1158 1564 reliquorum
1190 1530 1328 1552 casuum
1362 1519 1394 1551 in
1420 1515 1487 1551 αὖ·

820 1562 863 1599 τὸ
890 1570 957 1599 etc.
992 1567 1083 1599 facta
1116 1577 1137 1598 a
1168 1564 1318 1598 librariis
1353 1567 1489 1597 eontra-

822 1610 892 1644 ctio
917 1610 987 1652 sit,
1022 1611 1187 1644 neminem
1211 1610 1310 1655 fugit.
1359 1610 1411 1644 De
1435 1621 1490 1643 re—

821 1656 989 1701 petitione
1028 1656 1164 1690 articuli
1205 1656 1487 1711 cf.Bernha1dy

820 1707 911 1746 synt.
937 1714 969 1746 p.
993 1703 1073 1737 305.
1121 1701 1192 1736 Sed
1217 1713 1278 1746 pro
1302 1702 1418 1746 priore
1442 1699 1486 1736 τὸ

820 1749 997 1781 Platonem
1029 1745 1080 1781 τώ
1118 1748 1297 1802 scripsisse
1321 1747 1489 1793 suspicor,

820 1793 930 1839 quod,
964 1799 1144 1838 postquam
1180 1791 1275 1828 αὐτὸ
1314 1798 1488 1839 receptum

820 1843 917 1881 erat,
940 1839 1107 1874 incolume
1140 1839 1272 1873 servari
1299 1851 1365 1874 non
1389 1846 1488 1885 pote-

819 1889 886 1919 rat.
933 1886 1009 1919 Hoc
1042 1885 1089 1920 ita
1132 1885 1296 1927 coniicio,
1339 1889 1378 1918 ut
1418 1886 1486 1921 sin--

819 1932 971 1975 gularem
1009 1935 1123 1966 tamen
1173 1931 1390 1966 tolerabilem
1423 1943 1487 1977 pu-

817 1983 898 2011 tem.

867 2020 1081 2067 ἀργυροῦν]
1108 2019 1291 2078 ἀργύρεον
1325 2023 1419 2057 Mon.
1442 2023 1483 2058 Β.

817 2069 914 2104 Flor.
939 2070 984 2104 U.
1004 2070 1091 2113 Ang
1118 2069 1158 2103 B.
1188 2066 1256 2114 οἷργ
1237 2081 1368 2113 γυριον
1399 2069 1483 2105 Ven.

820 2116 861 2149 C.
895 2112 1091 2159 ἄργυρειον
1140 2115 1224 2148 Lob.
1278 2117 1357 2151 Vat.
1405 2115 1485 2150 ΒΜ.

818 2162 898 2195 Par.
932 2162 1008 2194 DK.
1043 2172 1110 2195 sec.
1146 2162 1257 2194 Bekk.
1294 2157 1486 2205 ἄργύρεων

819 2208 923 2243 Vind.
946 2208 987 2242 F.
1019 2205 1208 2251 ἀργυροῦν
1237 2204 1281 2241 ὃν
1300 2207 1400 2243 Vind.
1411 2208 1487 2243 BE.

819 2255 899 2289 Vat.
926 2254 970 2287 H.

865 2297 1082 2344 πενομένω]
1106 2297 1297 2345 πενομένῳ
1316 2299 1392 2334 Ald.
1405 2299 1484 2334 Bas.

819 2347 875 2381 ab.

867 2386 976 2436 ὅντε]
1005 2386 1093 2425 οὔτε
1117 2390 1192 2423 Ald.
1219 2384 1281 2425 ἔτε
1309 2391 1390 2425 Bas.
1420 2402 1452 2425 a.

864 2437 1054 2481 πλουσίω]
1087 2436 1252 2483 πλουσίῳ
1293 2437 1369 2470 Ald.
1404 2439 1485 2471 Bas.

820 2485 874 2518 ab.
908 2504 955 2509 —
986 2484 1076 2528 quod
1108 2495 1186 2516 vcro
1220 2486 1308 2517 inest
1342 2495 1486 2518 aureum

821 2536 853 2565 et
881 2536 1110 2575 argenteum,
1145 2531 1246 2574 quasi
1278 2542 1347 2563 non
1380 2531 1485 2576 inopi,

820 2577 880 2611 sed
907 2578 1085 2630 opulenta
1094 2582 1224 2610 natura
1248 2576 1326 2610 Fic.

832 2619 1025 2678 ἠγέτην]
1063 2618 1121 2665 ἠγ.
1160 2622 1246 2656 Lob.
1282 2622 1380 2658 Vind.
1409 2622 1483 2656 ΒΕ.

820 2680 897 2749 ἶγε
910 2667 979 2712 τὴν
1003 2668 1104 2704 Vind.
1130 2668 1174 2702 F.
1201 2672 1280 2702 ante
1305 2680 1394 2703 corr.
1420 2680 1483 2702 om.

855 2727 886 2748 xc

868 2759 934 2804 δὲ]
959 2759 1018 2793 δεῖ
1040 2759 1141 2793 Vind.
1165 2759 1206 2793 F.

866 2805 1227 2850 κατανειμαμένους]
1268 2817 1483 2850 κατωνομα-

824 2851 981 2897 σμένονς
1009 2852 1108 2886 Vind.
1134 2852 1177 2886 E.

1197 2910 1282 2952 B2
