1764 3176
613 164 646 205 E
676 164 716 207 D
746 133 832 207 1T
862 165 902 207 o
931 164 970 207 R
1000 166 1020 207 l
1053 164 1096 207 S.
1360 179 1557 206 xxxva„

169 283 296 318 Verum
316 282 396 325 quid
416 281 497 316 inde
517 281 640 316 deduci
663 284 770 326 possit
791 284 920 316 clarum
949 293 1017 316 uon
1038 286 1111 324 est3
1144 282 1222 316 boni
1243 280 1400 325 equidem
1420 282 1558 316 Platoni

165 344 269 383 sunt,
301 339 359 382 qui
386 339 508 373 eodem
539 340 801 382 sempermodo
831 351 870 374 se
899 339 1048 380 habent,
1082 345 1118 372 et
1144 340 1385 382 aequalitatem
1406 343 1558 380 servant,

168 397 285 440 quales
310 400 390 429 sunt
418 396 577 439 quadrati
603 397 735 429 numeri
768 398 824 439 qui
855 397 897 429 ab
927 396 1112 439 imparibus
1135 396 1362 438 gnomonibus
1384 405 1557 438 generan—

169 459 236 499 tur,
265 458 302 486 et
317 453 350 486 in
369 454 534 486 bonorum
551 454 640 486 serie
662 453 682 486 a
698 453 942 498 Pythagoricis
959 454 1184 486 collocantur.
1243 452 1328 485 Mali
1346 457 1425 486 sunt
1449 454 1559 485 altera

166 515 267 554 parte
284 510 456 552 longiores
480 514 515 543 et
531 510 681 552 oblongi.
738 510 792 543 Ex
814 511 910 543 bonis
929 519 1013 552 ergo
1036 513 1223 542 nascuntur
1244 510 1337 549 boni,
1366 514 1404 542 ut
1424 520 1466 542 ex
1487 514 1559 543 ter-

166 567 265 601 nario
280 577 319 600 se
337 567 584 610 multiplicante
606 568 644 599 fit
672 566 706 600 9.
726 567 912 609 quadratus
932 576 1119 608 numerus;
1149 566 1198 598 sic
1220 576 1261 599 ex
1285 565 1504 608 quaternario
1523 567 1559 599 fit

166 623 353 667 quadratus
385 622 440 657 16.
473 634 515 656 ex
543 623 700 665 quinario
721 622 777 657 25.
812 624 868 666 qui
892 633 1100 666 gnomonum
1123 623 1423 665 circumpositione
1448 623 1560 666 impa-

166 682 254 715 rium
270 684 489 722 generantur.
521 691 563 713 ex
591 681 874 723 multiplicatione
902 680 1043 713 ternarii
1073 684 1108 713 et
1141 679 1349 722 quaternarii
1382 680 1417 712 id
1444 685 1498 712 est
1517 690 1559 713 ex

166 738 407 772 coniunctione
435 737 515 770 boni
543 741 578 770 et
595 737 694 778 mali,
725 738 762 770 fit
785 737 836 770 12.
857 738 966 770 altera
988 741 1086 779 parte
1118 737 1253 779 longior
1279 740 1313 769 et
1331 736 1408 770 ideo
1430 737 1559 778 malus;

166 806 210 829 ex
234 794 302 827 alia
324 798 424 837 parte
440 794 540 826 etiam
555 795 663 826 oritur
677 793 734 826 20.
756 804 798 827 ex
822 794 1053 836 multiplicatis
1073 794 1163 826 inter
1181 804 1220 827 se
1234 789 1267 826 4.
1289 797 1324 825 et
1348 793 1383 828 6.
1422 792 1562 826 Pariter

167 863 210 886 ex
221 850 398 894 quadratis
419 861 456 883 se
476 851 777 894 multiplicantibus
793 849 827 885 4.
845 856 880 883 et
895 850 927 883 9.
946 852 984 883 fit
1004 851 1192 893 quadratus
1205 850 1260 883 36.
1274 850 1396 883 deinde
1408 860 1451 882 ex
1468 845 1505 884 4.
1526 854 1562 883 et

169 909 225 943 16.
247 909 285 941 fit
306 903 362 941 64.
381 918 423 940 ex
447 903 481 940 4.
503 911 538 940 et
556 908 612 942 25.
640 907 718 942 100.
750 908 806 950 qui
838 918 956 940 omnes
985 907 1064 940 boni
1093 912 1186 941 sunt.
1247 907 1447 939 Deteriores
1480 917 1561 940 vero

165 962 226 998 48.
247 968 282 998 et
299 965 355 998 80.
377 975 458 998 nam
478 974 522 997 ex
542 966 650 997 altera
670 969 768 1007 parte
792 965 1001 1006 longioribus
1015 969 1138 1006 quater
1159 964 1391 1006 multiplicatis
1413 974 1561 997 nascun-

168 1026 241 1062 tur,
273 1025 308 1054 et
337 1025 416 1054 sunt
447 1021 610 1063 oblongi,
650 1026 685 1054 et
715 1021 757 1054 ab
792 1022 1002 1063 aequalitate
1033 1021 1166 1063 longius
1204 1026 1434 1054 recesserunt.
1474 1021 1561 1054 tales

165 1079 270 1112 etiam
297 1077 451 1123 sunt27.
468 1082 502 1111 et
525 1078 603 1112 1⁶25.
633 1079 690 1120 qui
719 1078 796 1110 cubi
825 1083 905 1111 sunt
937 1078 1116 1120 equidem,
1144 1087 1260 1110 verum
1286 1082 1400 1110 tamen
1429 1073 1497 1121 (si)
1523 1082 1561 1110 ut

166 1135 258 1178 plani
275 1134 536 1168 considerantur
563 1135 700 1176 oblongi
734 1138 825 1167 sunt.
882 1135 1134 1167 lucrementum
1161 1134 1305 1166 rationis
1335 1134 1496 1176 perduxit
1517 1134 1560 1168 ad

167 1192 313 1233 cubum,
342 1192 421 1234 quia
438 1192 551 1233 agitur
569 1191 612 1224 de
638 1202 819 1234 corporum
839 1191 1085 1234 productione,
1117 1201 1206 1234 quae
1235 1191 1386 1224 ternario
1413 1192 1560 1233 analoga

167 1251 233 1292 est,
262 1252 296 1281 et
319 1249 425 1281 cubus
444 1249 567 1281 tertius
590 1248 832 1290 magnitudinis
850 1248 978 1290 gradus
998 1253 1062 1282 est.

278 1305 455 1338 Diversam
484 1316 503 1337 a
540 1305 710 1338 Bullialdo
743 1305 911 1338 rationem
950 1305 1023 1338 iniit
1052 1305 1285 1347 Hieronymus
1309 1304 1489 1338 Cardanus
1518 1304 1560 1338 τῖε

134 1362 464 1407 ·.proportionibus,
491 1362 728 1405 propositione
759 1361 993 1395 ducentesima
1022 1362 1162 1404 quinta,
1192 1373 1225 1404 p.
1249 1357 1328 1397 234.
1357 1360 1559 1402 (ed.Basil.

166 1429 209 1453 ex
224 1418 362 1452 officina
384 1418 650 1462 Henricpetriua
668 1429 701 1453 a.
724 1418 930 1462 MDLXX.)
953 1420 1064 1452 locum
1089 1418 1245 1452 Platonis
1264 1419 1393 1464 desine
1412 1419 1559 1462 Reipub.

163 1476 214 1509 ita
230 1475 482 1518 interpretans:
516 1475 578 1508 Est
607 1480 722 1509 autem
744 1476 783 1512 tei
799 1476 890 1518 quod
922 1475 1080 1508 divinitus
1100 1475 1335 1517 generandum
1360 1480 1413 1508 est
1435 1476 1560 1509 circui-

164 1536 242 1573 tus,
272 1542 373 1575 quem
397 1543 557 1565 numerus
579 1533 732 1566 continet
763 1532 949 1575 perfectus.
1009 1532 1190 1565 Humanae
1224 1533 1323 1573 verb,
1349 1532 1382 1565 in
1403 1543 1468 1575 quo
1489 1532 1560 1575 pri-

164 1599 256 1622 mum
285 1589 605 1631 augumentationes
629 1587 735 1633 (liber
758 1588 863 1622 habet
891 1589 1232 1634 argumentationes3
1263 1600 1375 1631 neque
1405 1589 1560 1632 proxime

164 1647 344 1688 sequentia
370 1646 451 1679 vitio
480 1651 622 1688 carent;
655 1646 717 1679 sed
747 1657 788 1678 ea
807 1651 941 1679 mutare
973 1646 1046 1679 ausi
1078 1657 1146 1679 non
1173 1643 1320 1689 sumus.)
1346 1651 1561 1688 superantes,

165 1707 205 1735 ut
223 1707 409 1745 superatae
430 1706 501 1735 tres
519 1703 722 1736 distantiae:
753 1708 900 1745 quatuor
933 1707 1048 1735 autem
1067 1703 1233 1736 terminos
1253 1703 1482 1745 accipienteS,
1512 1703 1560 1735 si-

164 1759 294 1792 milium
314 1763 349 1792 et
367 1758 598 1799 dissimilium,
627 1759 872 1792 abundantium
893 1763 926 1791 et
946 1759 1176 1792 deficientium
1203 1764 1327 1792 cuncta
1355 1770 1560 1802 correspon-

166 1816 295 1857 dentia‚
325 1819 360 1848 et
379 1816 547 1849 rationem
577 1815 736 1848 habentia
758 1816 899 1848 invicem
927 1816 1129 1848 effecerunt.
1188 1815 1343 1858 Quorum
1365 1817 1559 1858 sexquiter-

165 1872 249 1906 tium
266 1872 521 1905 fundamentum
552 1873 706 1914 quinario
735 1872 886 1905 iunctum
918 1872 1004 1905 duas
1031 1872 1135 1906 efficit
1158 1871 1354 1906 harmonias
1384 1877 1437 1906 ter
1457 1877 1560 1906 aucta

157 1928 323 1972 quidem:
353 1929 530 1971 aequalem
554 1930 745 1971 aequaliter
781 1934 915 1962 centum
938 1930 1062 1969 toties,
1095 1930 1264 1971 quandam
1290 1933 1404 1962 autem
1430 1941 1560 1973 aequa-

164 1987 232 2019 lem
251 1985 407 2028 quidem,
436 1986 648 2028 longitudine
667 1990 780 2018 autem
798 1986 967 2028 singulum
993 1986 1130 2028 quidem
1152 1985 1307 2028 (secutus
1327 1991 1381 2019 est
1401 1987 1558 2019 vitiosam

164 2042 413 2076 Basileensium
440 2043 643 2086 scripturam
673 2038 842 2085 ἕκαστον)
884 2052 1101 2075 numerorum
1131 2043 1150 2075 a
1179 2043 1355 2076 diametris
1389 2044 1558 2077 rationem

164 2098 367 2132 habentibus
387 2100 534 2142 quinarii
551 2100 780 2142 indigentibus
802 2110 870 2132 uno
887 2099 1047 2140 singulis:
1078 2111 1145 2132 non
1167 2099 1370 2132 habentibus
1388 2101 1559 2133 rationem

163 2158 281 2189 autem
306 2156 456 2197 duobus,
503 2161 638 2189 centum
668 2161 783 2189 autem
810 2156 973 2189 cuborum
1000 2157 1152 2189 ternarii.
1219 2156 1330 2189 Totus
1363 2162 1478 2190 autem
1506 2157 1560 2190 hic

163 2223 325 2246 numerus
357 2213 586 2255 geometricus
613 2214 717 2246 talem
749 2212 992 2246 authoritatem
1026 2212 1130 2246 habet
1154 2212 1197 2246 ad
1216 2214 1384 2256 potiorem
1407 2214 1560 2248 deterio—

163 2279 305 2312 remque
329 2270 597 2312 generationem.
657 2271 768 2305 Quem
794 2270 905 2302 locum
924 2268 1127 2302 Aristoteles
1150 2270 1199 2302 ita
1229 2270 1396 2303 declarat.
1459 2272 1558 2306 Quo-

163 2335 240 2359 rum
275 2326 536 2369 sexquitertium
571 2326 830 2359 fundamentum
868 2326 1024 2368 quinario
1058 2327 1276 2359 coniunctum
1310 2327 1396 2360 duas
1421 2326 1559 2360 exhibet

163 2381 381 2425 harmonias,
409 2384 585 2426 inquiens,
620 2383 756 2426 quando
780 2393 941 2416 numerus
979 2382 1236 2425 diagrammatis
1263 2382 1361 2417 huius
1388 2384 1558 2417 efficiatur

164 2439 303 2474 solidus.
364 2436 537 2482 Πυθμὴν’
567 2440 824 2473 fundamentum
852 2440 1097 2482 interpretatus
1123 2450 1219 2480 sum,
1251 2441 1341 2482 quod
1374 2441 1472 2474 radix
1493 2452 1556 2484 pro

163 2496 274 2529 latere
301 2497 336 2529 in
356 2495 421 2530 hac
438 2498 581 2530 materia
601 2497 710 2539 accipi
733 2500 859 2539 posset.
917 2496 989 2529 Par
1015 2501 1067 2529 est
1088 2500 1126 2529 ut
1146 2497 1180 2530 in
1202 2496 1312 2530 divina
1332 2499 1556 2540 generatione

164 2562 325 2586 numerus
351 2554 569 2597 acciperetur
594 2554 782 2597 perfectus:
825 2557 865 2586 ut
897 2553 1065 2595 intelligat
1088 2554 1346 2595 generationem
1377 2554 1555 2588 confestim

163 2609 262 2651 sequi
285 2612 558 2654 corruptionem:
590 2622 668 2644 nam
691 2621 804 2644 sermo
824 2614 877 2643 est
909 2609 952 2643 de
974 2610 1212 2653 corruptione,
1243 2613 1471 2655 corrumpitur
1494 2621 1557 2645 au·

165 2668 235 2698 tem
256 2667 520 2710 unumquodque
537 2673 575 2701 ut
596 2667 684 2701 aliud
708 2672 903 2709 generetur,
925 2667 1050 2700 malum
1071 2667 1160 2700 enim
1182 2670 1233 2700 est
1254 2669 1297 2701 ob
1318 2669 1456 2709 bonum,
1487 2679 1555 2701 non

165 2722 297 2756 contra.
354 2723 481 2766 Liquet
513 2730 627 2758 autem
656 2735 698 2757 ex
729 2724 872 2757 Euclide
898 2724 1001 2756 talem
1032 2734 1212 2757 numerum
1236 2735 1311 2758 esse
1339 2726 1448 2758 octies
1466 2725 1557 2759 mille

165 2782 301 2812 centum
321 2779 440 2822 viginti
460 2786 552 2816 octo.
581 2781 773 2824 (tribuebat
791 2780 950 2814 videlicet
968 2779 1146 2815 Cardanus
1173 2782 1391 2825 appellationi
1407 2782 1557 2827 perfecti

165 2846 240 2869 eam
260 2836 344 2878 vim,
374 2847 441 2880 qua
459 2838 665 2874 arithmetici
688 2837 876 2882 perfectum
900 2847 1078 2872 numerum
1098 2838 1217 2873 dicunt
1243 2849 1344 2882 eum,
1374 2839 1430 2883 qui
1448 2839 1555 2883 parti-
