1764 3176
247 127 331 168 154

244 251 292 290 γε
325 234 579 291 φρονήσεως
609 233 745 291 μόνος
784 234 985 291 ἔμπειρος
1013 234 1207 290 γεγονώς
1236 237 1361 278 ἔσται.

689 123 1162 166 PLATONIS

1427 236 1479 278 Τί
1507 234 1618 292 μήν,·

236 301 366 346 Ἀλλὰ
394 302 481 358 μὴν
506 303 580 346 καὶ
608 301 668 346 δι’
701 297 754 347 οὗ
783 311 831 358 γε
861 306 929 347 δεῖ
956 302 1152 358 ὀργάνου
1181 305 1423 358 κρίνεσθαι,
1455 301 1509 347 οὐ
1534 307 1617 346 τοῦ

242 372 536 426 φιλοκερδοῦς
575 374 705 414 τοῦτο
744 370 938 427 ὄργανον
978 369 1082 415 οὐδὲ
1111 375 1190 414 τοῦ
1222 372 1478 427 φιλοτίμου,
1510 370 1619 414 ἀλλά

239 442 321 482 τοῦ
359 438 629 494 φιλοσόφου.

239 509 331 550 δεῖν
361 508 603 561 κρίνεσθαι.

239 587 319 619 στα
349 574 553 631 ὄργανον.

678 507 839 563 γάρ,·

674 438 760 521 ³Td
798 446 952 491 ποῖονς

882 510 986 552 Ναί.

614 579 718 627 Πῶς
750 575 796 619 δ’
831 576 910 631 οὔ,-
948 573 1126 630 Οὐκοῦν
1156 576 1193 617 εἰ
1228 574 1308 629 μὲν
1337 572 1515 629 πλούτῳ
1545 575 1620 617 καὶ,

993 438 1080 482 Διά
1127 438 1272 494 λόγων
1318 455 1406 482 που
1453 440 1620 495 ἔφαμεν

1046 506 1186 562 Λόγοι
1225 507 1270 550 δὲ
1309 505 1472 550 τούτου
1500 507 1621 562 μάλι-

175 643 208 683 Ε
240 643 384 699 κέρδει
423 643 577 699 ἄριστα
620 644 809 697 ἐκρίνετο
847 644 900 687 τὰ
940 643 1198 698 κρινόμενα,
1239 641 1267 684 οἳ
1299 641 1455 699 ’ἐπῄνει
1493 641 1517 685 ὁ
1549 660 1621 697 φι-

236 711 448 768 λοκερδής
478 712 551 755 καὶ
591 711 766 768 ἔψεγεν,
808 711 976 768 ἀνάγκη
1010 712 1064 754 ἂν
1092 708 1149 767 ἦν
1178 714 1315 753 ταῦτα
1346 709 1620 766 ἀληθέστατα

237 779 361 825 εἶναι.

237 926 507 1009 γιφροὲιήιίεωςς]
521 927 796 1008 ῐξῑΙωςορονήσῒεως
813 929 900 982 Lob.

237 982 530 1076 m‘an‘sy'llabafftR:
544 982 655 1062 e-rziestaz
679 981 811 1075 ἓέπῗῒῧ.
830 987 901 1064 Ξξῇἓ

237 1078 450 1111 φρονησε-ως
475 1079 550 1100 cum
575 1075 710 1112 punctis
734 1078 825 1101 elrca
843 1078 900 1101 ar-

236 1113 374 1147 ticulum
397 1114 495 1147 Vind.
521 1114 560 1147 Β.

283 1167 486 1215 δι’]ἰηω.
513 1183 599 1205 am.
625 1182 651 1204 s.
676 1170 769 1208 Mon.
793 1170 833 1204 B.

281 1218 334 1272 γε]
361 1215 400 1250 δὲ
425 1220 510 1273 Ang.
536 1219 577 1252 B.
601 1218 696 1250 Flor.
722 1218 764 1250 R.

283 1274 328 1296 ov
349 1264 433 1307 τοῦ]
455 1261 524 1297 ον’-κ.
545 1261 662 1297 αυτοῦ
684 1263 778 1296 Flor.
794 1263 838 1295 T.

231 1304 470 1411 ΒΕξῗῗᾹζηνίῖἲέ.
495 1310 575 1390 {a}
586 1310 751 1388 IgalFloi.
760 1307 897 1389 Αὲίῖξιῖἐ

231 1398 274 1435 τὸ
313 1398 379 1446 ὅργ
374 1368 475 1435 ἕνον
507 1401 631 1446 reliqui
664 1401 798 1434 codices
824 1412 899 1433 cum

231 1447 309 1481 Ald.
336 1449 415 1482 Bas.
442 1449 497 1482 ab.
523 1448 645 1493 Steph.
663 1448 738 1481 Ast.
758 1458 810 1492 pr.
828 1457 897 1480 sec.

231 1494 427 1582 δῖἲτιδξοιξῖ]
453 1542 564 1573 ποῖον
590 1538 636 1583 δὴ
664 1539 764 1572 Vind.
789 1538 828 1571 Β.

278 1585 353 1620 Διὰ
379 1585 510 1630 λόγων]
540 1586 634 1619 διαλ.
660 1585 761 1620 Vind.
788 1585 828 1617 E.

278 1633 365 1677 που]
394 1633 471 1666 ποῦ
497 1633 597 1667 Vind.
620 1632 665 1665 F.

279 1685 323 1734 ἦ]
353 1686 375 1734 ἢ
398 1690 548 1725 Vi11d.F.
574 1690 656 1724 Bas.
681 1688 734 1722 ab.
754 1681 805 1721 ῗΗ
820 1687 895 1721 Ald.

231 1737 270 1770 In
306 1737 408 1770 Vind.
443 1737 483 1770 B.
516 1738 579 1780 γλ.·
600 1748 622 1769 a
655 1747 699 1768 m.
734 1746 762 1769 5.
795 1746 899 1779 prae-

232 1782 408 1827 scriptum.

278 1826 408 1872 Λόγοι]
435 1827 525 1861 Huic
551 1827 650 1860 Vind.
674 1827 716 1860 B.
737 1836 799 1860 σω.
818 1824 898 1858 item

236 1886 258 1909 a
279 1886 323 1907 m.
349 1887 376 1909 s.
407 1873 653 1919 praescriptum
678 1873 791 1905 habet.

283 1928 457 1976 ἐκρίνετο]
485 1928 666 1973 ἐκκρίνετο
690 1929 793 1965 Vind.
818 1929 860 1962 E.

171 1987 206 2027 E
283 1986 409 2033 Ho77ny'
438 2009 480 2014 —
509 1985 746 2031 ἀληθέστατα
773 1983 896 2041 εἶναι]

237 2048 302 2069 om.
336 2036 421 2069 Lob.
455 2036 534 2069 vat.
569 2033 618 2068 M.
670 2034 736 2066 Pro
770 2034 895 2076 ΠοΡλη

236 2082 337 2118 Vind.
364 2083 402 2115 Β.
427 2078 546 2123 πολύ,
573 2091 646 2123 sup.
673 2081 757 2123 mn,
782 2080 897 2113 habet.

283 2137 322 2173 δὲ
347 2139 433 2193 τιμῇ
454 2152 489 2172 τ
480 2139 506 2182 ]
533 2106 611 2172 δέτι
629 2134 720 2180 μήτε
744 2137 843 2170 Vind.
857 2137 896 2169 F.

237 2182 276 2219 δε
295 2183 380 2229 τιμή
405 2195 444 2218 τε
462 2185 540 2219 vat.
565 2184 608 2217 H.
634 2184 710 2217 Α.Ιά
734 2184 816 2218 Bas.
842 2183 897 2217 ab.

236 2233 356 2277 steph.
380 2231 570 2264 tacentibus
594 2230 669 2274 Bffip

281 2289 364 2334 νίκῃ
390 2301 454 2322 και
481 2285 647 2334 ἀνδρεία]
674 2288 728 2320 Ita
752 2287 832 2321 Par.
854 2287 894 2319 A.

236 2335 352 2378 (νίκηι
369 2334 432 2368 καὶ
452 2332 606 2390 ανδρεία
609 2338 638 2377 ι)
659 2333 820 2378 Reliquos
840 2344 896 2366 co-

234 2382 328 2415 dices
352 2381 433 2424 νίκη
453 2380 517 2415 καὶ
542 2378 696 2422 ἀνδρεία
718 2391 792 2412 cum
815 2379 895 2412 Ste-

233 2428 344 2473 phano
369 2428 528 2461 exhibere
546 2427 724 2460 Bekkerus
739 2429 896 2466 testatur,

233 2486 343 2518 neque
376 2485 388 2506 ι
419 2486 481 2517 ego
509 2474 543 2506 in
576 2473 660 2507 meis
685 2471 895 2524 adscriptum

232 2519 366 2560 inveni,
397 2524 431 2552 et
462 2519 551 2563 quod
583 2517 823 2552 Stallbaumius
860 2516 894 2549 in

233 2578 287 2612 pr.
313 2566 360 2599 ait
383 2565 603 2598 nominativos
630 2576 649 2598 a
673 2576 710 2598 se
734 2575 776 2597 ex
798 2563 890 2596 Flor.

232 2612 437 2647 ACRTUV.
464 2615 635 2644 correctos
663 2622 751 2651 esse,
773 2609 808 2642 id
827 2619 892 2642 non

232 2659 297 2693 nisi
329 2658 373 2691 ad
406 2657 550 2702 primum
583 2668 625 2690 ex
658 2660 801 2691 accentu
834 2666 892 2688 no-

233 2705 390 2739 scendum
420 2707 577 2748 spectare
601 2701 828 2736 testimonium
852 2701 894 2733 de

232 2751 357 2785 omisso
390 2749 425 2783 in
457 2749 522 2783 illis
553 2749 725 2782 codicibus
751 2761 764 2781 ι
787 2745 894 2781 dativi

233 2799 274 2832 ab
299 2797 373 2843 ipso
397 2797 433 2830 in
457 2806 524 2829 sec.
549 2794 592 2829 ad
617 2794 759 2829 L.V111.
771 2806 804 2839 p.
815 2794 894 2828 551

546 779 575 797 -Ι
764 782 774 797 ²
834 780 843 793 ἱ
966 783 983 791 *⁹
1145 779 1154 793 ἱ
1223 781 1231 794 Ι
1378 778 1387 793 ἱ
1438 777 1447 791 ⁵
1566 781 1575 795 1

423 784 573 838 Πολλη
603 797 664 836 γε.
716 785 774 824 Ει
804 783 850 824 δε
880 797 982 837 τιμῃ
1013 796 1056 823 τε
1085 795 1159 822 και
1188 795 1288 835 νικῃ
1319 794 1393 821 και
1423 781 1619 837 ανδρειᾳ,

957 928 999 962 D.
1032 927 1155 960 dictum
1188 926 1404 959 demonstrat.
1463 926 1519 960 Cf.
1543 927 1619 961 501.

955 974 1003 1006 Π.
1038 985 1070 1017 p.
1103 972 1235 1006 XXXV
1238 972 1285 1004 II.
1353 971 1424 1006 Sed
1458 984 1519 1016 pro
1556 985 1619 1006 αν-

957 1019 1063 1062 δρεία
1095 1018 1130 1051 in
1161 1018 1261 1050 Vind.
1287 1018 1360 1051 ΒΕ.
1388 1015 1527 1063 ανδρία
1556 1024 1620 1061 est,

956 1065 1046 1110 quod
1081 1065 1171 1098 idem
1213 1064 1455 1098 Stallbaunlius
1493 1065 1530 1098 in
1566 1076 1618 1109 pr.

955 1111 1133 1145 veteribus
1177 1110 1381 1144 editionibus
1427 1111 1514 1144 falso
1555 1111 1619 1143 tri-

955 1158 1062 1191 buens
1088 1156 1181 1200 (Ald.
1206 1156 1286 1190 Bas.
1322 1158 1376 1189 ab.
1409 1157 1529 1201 Steph.
1556 1153 1618 1190 ἄν·

957 1203 1061 1247 δρεία
1081 1203 1227 1245 habent)
1248 1208 1283 1236 et
1303 1202 1486 1236 secundum
1504 1213 1620 1236 omnes

955 1249 1174 1282 Florentinos
1217 1254 1360 1293 excepto
1396 1248 1441 1281 U.
1479 1248 1515 1282 in
1554 1245 1619 1281 ἀν-

954 1295 1082 1341 δρείᾳ,
1116 1295 1395 1339 quemadmodum
1434 1294 1510 1339 ipse
1544 1306 1620 1328 cum

953 1331 1050 1374 Astio
1073 1341 1107 1373 in
1131 1344 1211 1374 tert.
1237 1340 1377 1382 scribit,
1402 1352 1422 1373 a
1447 1352 1484 1373 se
1508 1344 1620 1373 muta-

953 1392 1026 1420 tum
1060 1387 1176 1420 dicens
1212 1386 1247 1419 in
1278 1386 1374 1419 Flor.
1400 1385 1444 1419 U.
1481 1382 1620 1429 α’νδρία

952 1438 1126 1477 repertum
1150 1432 1346 1476 significare
1370 1432 1518 1465 videtur.
1545 1433 1620 1466 Ta-

952 1491 1030 1512 men
1065 1478 1179 1533 potius
1214 1478 1250 1511 in
1282 1479 1346 1511 hoc
1381 1475 1558 1521 ανδρείιι,
1584 1479 1620 1512 in

953 1525 1094 1569 reliquis
1133 1522 1270 1568 ἀνδρία
1304 1524 1356 1556 leo
1338 1524 1373 1568 gi
1408 1524 1620 1580 crediderim,

954 1572 1045 1615 quod
1077 1570 1187 1615 ipsum
1213 1583 1233 1604 a
1257 1570 1438 1611 Bekkero‚
1463 1570 1521 1614 qui
1555 1567 1618 1604 οἷν-

956 1617 1042 1662 δρίᾳ
1077 1628 1151 1650 cum
1185 1616 1280 1650 Astio
1323 1616 1357 1649 in
1391 1627 1445 1660 pr.
1484 1621 1520 1650 et
1550 1628 1619 1651 sec.

955 1653 1083 1704 edidit,
1106 1674 1289 1707 perperam
1313 1660 1347 1695 in
1370 1663 1460 1695 nuilo
1484 1674 1619 1696 suorum

955 1714 1092 1743 exstare
1128 1709 1329 1742 ostenditur.
1378 1709 1506 1742 Exstat
1533 1708 1620 1742 enim

954 1756 990 1789 in
1015 1755 1115 1788 Vind.
1139 1755 1181 1788 Β.
1228 1754 1299 1787 Sed
1319 1754 1373 1788 de
1407 1766 1448 1788 ea
1472 1766 1508 1788 re
1533 1755 1619 1788 satis

955 1801 1084 1834 dictum
1118 1805 1173 1833 est
1205 1800 1282 1835 Vol.
1314 1801 1341 1834 Ι.
1389 1812 1422 1845 p.
1464 1801 1549 1842 115,
1585 1801 1619 1834 b.

956 1847 1058 1887 Quod
1083 1847 1127 1880 ad
1152 1857 1265 1879 casum
1295 1847 1442 1887 attinet,
1466 1846 1619 1880 dativum

954 1905 1031 1926 esse
1054 1893 1181 1926 debere
1206 1893 1274 1925 iam
1298 1893 1494 1936 Stephanus
1518 1892 1554 1925 in
1574 1904 1618 1926 m.

954 1939 1081 1978 docuit,
1106 1950 1170 1972 nec
1194 1950 1259 1971 non
1283 1938 1455 1971 intellexit
1471 1938 1617 1971 Ficinus.

1001 1993 1211 2039 φιλότιμός]
1238 1992 1448 2037 φιλόνεικός
1472 1995 1553 2029 Par.
1573 1996 1617 2029 K.

955 2040 1146 2086 φιλόνικός
1171 2042 1265 2074 Mon.
1289 2041 1328 2074 B.
1353 2041 1446 2074 Flor.
1470 2041 1518 2074 U.

1003 2095 1022 2133 ὁ
1052 2096 1286 2143 φιλόνεικος]
1322 2098 1515 2140 Articulus,
1550 2111 1618 2144 quo

956 2145 1037 2178 editi
1070 2149 1150 2178 ante
1182 2146 1378 2178 Bekkerum
1411 2150 1549 2184 carent,
1575 2157 1618 2178 ex

953 2192 1031 2225 Par.
1055 2190 1164 2224 ADK.
1190 2191 1288 2225 Vind.
1303 2191 1340 2223 Β.
1365 2190 1510 2224 Μοη.Β.
1530 2192 1616 2225 Ven.

955 2238 995 2271 C.
1019 2238 1115 2270 Flor.
1141 2238 1185 2271 U.
1214 2237 1370 2271 accessit.
1419 2237 1464 2270 Pr
1467 2249 1485 2270 o
1511 2235 1617 2280 φιλό-

952 2295 1072 2322 νεικος
1096 2283 1132 2316 iu
1157 2284 1237 2318 Par.
1260 2283 1304 2316 K.
1340 2283 1434 2316 Mon.
1458 2284 1498 2316 B.
1525 2284 1615 2316 Flor.

951 2330 996 2363 U.
1024 2326 1235 2373 φιλότιμος,
1271 2329 1616 2362 i11Ven.B.Vind.

951 2377 995 2410 F.
1028 2381 1115 2420 Aug.
1150 2376 1192 2409 Β.
1227 2372 1422 2418 φιλόνικος
1452 2375 1617 2419 scriptum

952 2426 1014 2457 est.

997 2488 1145 2547 ΞΕπειδὴ
1167 2486 1206 2523 δ’
1217 2490 1229 2534 ]
1256 2486 1382 2532 ἐπειδή
1406 2501 1427 2533 γ
1439 2486 1562 2522 'Mon.
1575 2489 1617 2523 Β.

950 2533 1007 2581 (,’
1044 2549 1064 2570 a
1094 2549 1138 2570 m.
1177 2547 1204 2569 5
1219 2562 1228 2579 ,
1275 2535 1335 2569 sed
1376 2541 1512 2569 acutum
1544 2534 1616 2568 sine

952 2583 1164 2617 correctione
1189 2582 1355 2626 exhibet.)

1000 2649 1117 2706 λόγῳς
1142 2647 1314 2705 Ἀνάγκη]
1342 2649 1402 2682 Sic
1425 2649 1615 2681 Bekkerus.

953 2696 1058 2744 λόγῳ.
1092 2694 1246 2751 ἀνάγκη
1267 2695 1342 2730 Aid.
1347 2692 1475 2751 λόγῳ.
1498 2691 1615 2735 Ἀπί,-

953 2757 997 2788 κη
1022 2746 1103 2778 Bas.
1125 2745 1178 2778 ab.
1205 2740 1313 2788 λόγῳ,
1333 2738 1476 2784 ἀνάγκη
1495 2740 1613 2783 steph.

954 2790 1045 2837 quod
1079 2790 1198 2825 vitium
1222 2788 1339 2822 Astius
1369 2787 1404 2821 in
1431 2797 1482 2830 pr.
1516 2796 1617 2829 repe-
