1764 3176
256 105 315 145 94

259 229 346 269 κη,
406 211 501 269 ἔφη·

259 297 331 323 ται
390 279 500 333 πρὸς
557 277 662 329 τούς
715 278 890 335 ἔχοντας
942 277 1020 328 τὰς
1077 273 1242 325 οὐσίας.

722 93 1187 141 PLATONIS

593 203 738 261 Οὗτος
790 208 846 266 δὴ
865 240 877 263 ,
933 208 1068 265 ἔφψ,
1125 206 1149 249 ὁ
1208 202 1454 258 στασιάζων
1500 203 1643 273 γίῖνε-

1317 267 1472 324 Οὗτος.
1550 267 1641 325 Ἆρ’

263 343 347 392 οὖν
375 345 573 390 ἐκπεσών
604 347 683 402 μὲν
720 347 794 391 καὶ
833 345 1057 391 κατελθών
1096 346 1170 401 βίᾳ
1218 345 1308 386 τῶν
1347 341 1520 395 ἐχθρῶν
1567 336 1644 381 τύ-

264 431 430 470 ραννος
463 412 810 470 ἀπειργασμένος
837 416 1107 470 κατέρχεται;
1139 413 1300 468 Δῆλον.
1329 406 1430 451 Ἐὰν
1460 407 1507 450 δὲ
1538 403 1646 450 ἀδύ-

197 480 232 521 Β
263 499 392 526 νατοι
430 481 655 537 ἐκβάλλειν
692 482 829 526 αὐτόν
868 478 976 527 ὦσιν
1003 481 1034 538 ἦ
1062 479 1316 524 ἀποκτεῖναι
1345 474 1650 532 διαβάλλοντες

262 555 316 609 τῇ
346 549 494 602 πόλει,
526 553 655 609 βιαίῳ
686 552 740 608 δή
769 550 953 608 θανάτῳ
982 546 1349 605 ἐπιβουλεύουσιν
1381 540 1649 587 ἀποκτιννύ-

262 636 337 663 ναι
361 617 519 673 λάθρα.

583 624 710 662 Φιλεῖ
744 623 876 674 γοῦν,
905 613 935 675 ἦ
963 615 1004 661 δ’
1037 616 1099 668 ὃς,
1132 616 1248 659 οὕτω
1285 615 1523 669 γίγνεσθαι.

1589 607 1649 652 Τὸ

265 687 319 744 δὴ
350 686 621 741 τυραννικὸν
650 688 809 743 αἴτημα
837 685 887 730 τό
920 683 1263 740 πολυθρύλητον
1292 681 1360 725 ἐπὶ
1387 680 1530 737 τούτῳ
1547 677 1652 722 πάν-

264 773 334 809 τες
364 757 408 800 οἱ
438 757 499 806 εἰς
529 759 662 799 τοῦτο
691 753 1010 812 προβεβηκότες
1038 753 1380 808 ἐξευρίσκουσιν,
1412 750 1546 792 αἰτεῖν
1574 745 1652 790 τὸν

268 922 336 953 rat.
401 917 442 951 In
473 927 543 949 sec.
576 919 693 958 recte,
714 915 768 949 ‘si
798 915 935 949 codices

271 964 423 999 Bekkeri
446 962 619 1007 respexit,
651 961 712 995 sed
735 962 857 995 iterum
880 966 938 995 ta·-

270 1011 336 1045 cito
365 1009 516 1044 additum
539 1008 658 1042 tenuit.

319 1079 500 1124 γίγνεται]
527 1090 591 1111 om.
607 1077 684 1110 Fic.
696 1076 790 1110 Idem
812 1079 852 1109 ut
875 1074 941 1109 sibi

272 1127 412 1167 liceret,
461 1128 496 1157 et
529 1129 567 1156 ut
605 1126 737 1157 remota
768 1121 942 1156 Adimanti

273 1183 422 1219 persona
443 1171 529 1204 haec
553 1169 710 1203 Socratis
735 1169 842 1202 verba
867 1179 941 1202 cum

275 1218 430 1264 proxime
449 1215 667 1261 sequentibus
687 1214 843 1259 coniungi
862 1224 943 1258 pos-

276 1270 353 1299 sent
378 1265 509 1307 (dieser
534 1274 630 1302 nun,
656 1262 716 1295 der
740 1261 796 1294 die
827 1260 942 1293 Fchde

276 1311 422 1354 ansiihrt
439 1320 556 1355 gegen
583 1308 639 1341 die
669 1307 943 1351 Vermiigenden,

275 1369 378 1392 wenn
405 1367 441 1390 er
470 1355 564 1398 etc.)
611 1353 944 1387 Schleiermacherus

277 1404 421 1448 optabat
462 1404 668 1446 propterea,
712 1399 801 1444 quod
840 1397 943 1431 semel

277 1450 407 1484 iniuste
436 1450 575 1493 patrata
607 1458 689 1479 nece
722 1444 844 1479 seditio
876 1445 945 1478 iam

279 1499 400 1530 exorta
437 1493 548 1527 videri
580 1503 815 1536 armorumque
848 1501 943 1532 usus,

278 1542 339 1588 qui
372 1540 440 1574 iam
475 1538 629 1572 obtinere
663 1537 837 1582 coeperit,
880 1546 947 1569 non

279 1588 336 1622 hic
371 1587 503 1619 demum
537 1585 636 1629 quasi
675 1594 782 1618 novus
815 1582 859 1616 ad
891 1585 948 1625 ty-

279 1633 457 1669 rannidem
512 1631 639 1674 gradus
696 1627 950 1663 commemorari

283 1681 418 1714 debeat.
452 1677 522 1711 Sed
544 1677 633 1710 istae
657 1686 780 1716 neces,
805 1675 848 1707 de
873 1673 949 1719 qui-

282 1728 347 1761 bus
369 1725 403 1758 in
429 1723 707 1757 antecedentibus
738 1732 846 1754 sermo
873 1719 951 1760 fuit,

284 1770 440 1818 quamvis
464 1770 608 1802 iniustae
639 1780 706 1802 non
737 1778 800 1812 per
823 1765 892 1797 vim
916 1769 952 1798 et

285 1829 381 1853 arma
405 1815 536 1856 civilia,
568 1814 628 1847 sed
663 1825 726 1858 per
759 1813 891 1857 plebem
917 1813 953 1844 et

286 1864 413 1898 iudicia
444 1861 698 1895 inferebantur:
732 1858 775 1893 ad
809 1857 951 1891 seditio-

283 1921 362 1944 nem
396 1912 432 1942 et
469 1907 596 1941 bellum
634 1905 830 1940 intestinum
872 1906 952 1948 post

284 1967 345 1991 eas
370 1953 514 1989 venitur.

336 2032 480 2073 οὐσίας.
533 2024 668 2077 Οὗτος.
723 2022 824 2074 Ἆρ’]
891 2025 955 2061 οὐ·

290 2082 373 2122 σίας
406 2076 538 2134 οὕτξος.
583 2075 648 2121 ἀρ’
694 2076 780 2109 Lob.
825 2071 955 2113 οὐσίας

291 2125 431 2167 aflues.-
466 2122 531 2169 αρ’
556 2126 638 2160 Vat.
661 2123 740 2157 ΒΜ.
769 2125 804 2155 et
837 2116 957 2159 οὕτως

291 2172 536 2209 Stallbaumius
567 2170 603 2204 in
635 2182 701 2204 sec.
737 2181 756 2201 e
790 2168 883 2201 Flor.
915 2167 955 2200 A.

289 2222 419 2261 refert,
443 2229 543 2264 quein
566 2216 600 2250 in
624 2228 676 2261 pr.
702 2226 777 2248 cum
799 2214 957 2247 Bekkero

289 2269 406 2301 facere
440 2263 599 2298 ostendit.
647 2258 777 2300 οὐσίας
826 2253 955 2297 orites.-

294 2307 360 2355 ἆρ’
386 2310 485 2344 vind.
511 2310 554 2344 E.
573 2304 723 2354 oiio‘iag:
748 2301 860 2345 οὗτος
885 2300 954 2348 ἄρ’

291 2357 395 2392 Vind.
409 2357 452 2389 F.
477 2352 619 2394 οὐσίας.
646 2354 758 2392 οὐτος
784 2349 842 2394 ἄρ’
861 2351 956 2384 Fior.

293 2405 337 2439 R.
362 2403 435 2437 Ald.
468 2403 547 2435 Bas.
580 2403 636 2435 ab.
667 2400 785 2444 Steph:
813 2396 958 2431 tacenti-

293 2451 358 2484 bus
405 2448 480 2492 Bip.
530 2444 678 2486 οὐσίας·
731 2444 843 2483 οὗτος
888 2438 956 2485 ἄρ’

294 2496 409 2530 Astius
434 2495 469 2527 in
493 2505 544 2538 pr.
570 2498 604 2526 et
628 2504 696 2526 sec.
722 2492 781 2525 sed
805 2491 838 2523 in
855 2501 958 2522 anno-

294 2542 424 2576 tatione
447 2551 564 2573 veram
597 2549 815 2584 personarum
840 2535 960 2569 distin-

296 2589 442 2623 ctionem
476 2597 497 2619 a
532 2585 659 2618 Geerio
691 2584 790 2618 diatr.
821 2594 854 2627 p.
883 2582 960 2616 155.

296 2633 408 2668 Ficini
453 2630 556 2676 ductu
591 2631 760 2664 inventam
795 2638 962 2662 commen-

299 2681 394 2714 davit
426 2682 461 2711 et
501 2674 577 2720 Ἆρ’
610 2678 645 2710 in
683 2676 790 2709 locum
823 2673 963 2716 vulgati,

299 2726 390 2771 qnod
413 2724 470 2758 ille
494 2724 657 2757 intactiun
675 2722 872 2766 reliquerat,
882 2720 961 2752 sub-

298 2770 507 2807 stituendum
531 2768 786 2803 demonstravit.
821 2767 963 2801 Utrum-

991 925 1058 959 que
1092 923 1182 946 nunc
1215 921 1279 956 per
1309 909 1444 944 codices
1477 907 1655 942 confirma-

991 964 1066 993 tum
1102 959 1266 1001 habemps
1303 955 1482 1000 magimam
1523 957 1656 998 partem

996 1002 1149 1042 οὐσίαςε
1185 1003 1316 1041 azizos.-
1353 998 1419 1045 ἄρ’
1445 1000 1656 1034 exhibentes.

995 1050 1138 1084 Ficinus
1168 1053 1302 1089 autem,
1334 1048 1428 1081 cuius
1451 1047 1658 1090 interpreta-

996 1097 1044 1131 tio
1068 1097 1155 1130 haec
1178 1099 1250 1129 est:
1282 1096 1337 1128 So.
1363 1095 1432 1128 Iste
1464 1093 1551 1137 (Hic
1571 1091 1656 1124 Ven.

998 1155 1030 1177 a.
1058 1142 1177 1185 1517.)
1212 1141 1350 1186 quidem
1383 1140 1548 1172 adversus
1574 1149 1659 1182 opu-

999 1191 1109 1223 lentos
1155 1189 1307 1221 homines
1341 1187 1531 1219 seditiosus.
1579 1184 1658 1216 Adi.

1002 1236 1110 1268 Certe.
1141 1237 1197 1267 So.
1231 1234 1355 1268 Nonne
1379 1233 1422 1265 ab
1446 1232 1660 1265 inimicorum

998 1282 1034 1315 vi
1061 1281 1139 1314 huic
1171 1280 1360 1324 pericnlum
1383 1279 1557 1318 imminet,
1591 1277 1661 1321 qui,

1000 1329 1029 1361 si
1061 1328 1238 1371 expulsus,
1271 1326 1389 1359 invitis
1418 1325 1563 1358 redierit
1595 1323 1663 1356 im'-

1001 1374 1119 1414 micis,
1149 1378 1316 1416 tyrannus·
1351 1373 1489 1415 effectus
1517 1369 1661 1414 reverti-

1001 1419 1085 1455 tur?
1127 1420 1205 1452 Adi.
1241 1420 1392 1452 Constat.
1439 1416 1511 1450 sive
1551 1415 1663 1453 οὗτος

1003 1466 1075 1500 sive
1113 1461 1233 1504 οὕτως
1268 1463 1411 1507 legerit,
1455 1466 1548 1496 certe
1579 1462 1663 1495 Adi-

1004 1516 1116 1546 manto
1149 1511 1312 1544 tributum
1342 1510 1446 1553 legit,
1475 1509 1666 1552 periculum

1004 1569 1085 1592 vero
1119 1559 1162 1590 ab
1187 1557 1400 1591 inimicorum
1434 1556 1470 1588 vi
1496 1556 1574 1590 huic
1600 1555 1666 1587 im-

1005 1605 1138 1637 minens
1168 1602 1257 1636 haud
1291 1602 1392 1636 dubie
1427 1613 1448 1635 a
1471 1613 1508 1635 se
1532 1599 1667 1634 adiecit.

1005 1651 1056 1684 Ut
1079 1661 1167 1683 nunc
1191 1649 1296 1682 verba
1320 1649 1489 1692 leguntur,
1512 1646 1668 1692 equidem

1006 1695 1109 1736 nihil,
1141 1695 1230 1740 quod
1254 1694 1442 1729 desiderari
1466 1696 1526 1727 aut
1548 1703 1668 1737 repre-

1006 1741 1110 1776 hendi
1143 1740 1269 1785 possit,
1302 1739 1456 1780 invenio,
1495 1739 1594 1773 modo
1626 1750 1669 1772 ne

1009 1788 1101 1834 prior
1132 1787 1287 1821 Socratis
1312 1786 1415 1819 dictio
1438 1797 1499 1829 pro
1524 1788 1669 1818 interro-

1008 1834 1144 1878 gatione
1188 1832 1398 1877 accipiatur,
1438 1831 1532 1864 cuius
1571 1831 1668 1874 signo

1008 1880 1186 1914 Bekkerus
1228 1882 1263 1911 et
1301 1876 1548 1911 Stallbauinius
1591 1880 1670 1921 post

1008 1923 1138 1965 οὐσίας
1162 1924 1273 1969 posito
1298 1923 1506 1964 effecerunt,
1535 1927 1574 1955 ut
1604 1923 1672 1955 So-

1010 1977 1124 2006 crates
1146 1970 1364 2004 mirabundus
1387 1981 1427 2003 ac
1451 1980 1538 2012 pene
1558 1967 1671 2002 incre-

1011 2017 1108 2052 dulus
1149 2017 1212 2050 hoc
1244 2016 1357 2049 dicere
1397 2016 1575 2049 videatun
1617 2015 1671 2048 hic

1011 2065 1145 2109 igitur,
1176 2074 1244 2096 non
1264 2063 1377 2103 alius,
1400 2061 1580 2095 seditionis
1608 2073 1672 2094 αιι-

1011 2116 1083 2145 ctor
1105 2108 1263 2143 exsistit?

1058 2175 1241 2221 ἐκπεσών]
1285 2173 1455 2211 ἐκπασών
1494 2176 1595 2212 Vind.
1629 2176 1672 2210 E.

1013 2225 1113 2266 Quod
1138 2224 1292 2268 sequitur
1314 2221 1402 2266 μὲν,
1427 2235 1467 2257 eo
1484 2222 1673 2267 significari

1012 2271 1197 2305 orationem
1239 2270 1384 2303 nondum
1432 2281 1509 2303 esse
1539 2269 1674 2303 absolu-

1011 2323 1105 2359 tam,
1150 2316 1209 2350 sed
1250 2316 1410 2360 deinceps
1445 2314 1676 2349 continuatum

1014 2363 1079 2404 iri,
1111 2367 1205 2396 recte
1229 2361 1357 2395 tirones
1381 2363 1480 2395 docet
1503 2362 1676 2394 Stallbau-

1016 2409 1122 2450 mins,
1156 2409 1214 2442 sed
1248 2409 1337 2453 quod
1371 2408 1442 2441 eius
1477 2408 1528 2440 rei
1560 2408 1675 2451 negle-

1016 2455 1163 2489 ctionem
1187 2454 1345 2488 effecisse
1369 2454 1584 2499 suspicatur,
1606 2457 1677 2494 „ut

1016 2513 1122 2546 nuper
1145 2500 1197 2534 vir
1221 2501 1379 2545 egregius
1415 2501 1457 2534 de
1482 2500 1586 2534 totius
1611 2499 1675 2532 loci

1016 2546 1214 2591 integritate
1254 2547 1425 2580 dubitaret
1437 2548 1474 2587 ,“
1506 2545 1678 2579 Schleier-

1017 2594 1174 2627 machero
1207 2593 1364 2637 quidem,
1405 2592 1433 2625 si
1466 2592 1509 2625 de
1534 2592 1597 2625 hoc
1620 2603 1678 2624 co-

1016 2639 1151 2684 gitavit,
1175 2640 1370 2684 scrupulum
1394 2650 1459 2671 non
1481 2637 1655 2671 eremerit.

1065 2716 1276 2763 κατέρχεται
1286 2719 1321 2762 ,·]
1354 2715 1578 2762 κατέρχεται.
1601 2715 1678 2750 Ald.

1020 2765 1138 2810 Steph.
1164 2767 1239 2799 Ast.
1263 2776 1315 2810 pr.
1345 2776 1413 2798 sec.
