1764 3176
279 145 306 183 4
706 133 1179 178 PLATONIS

283 249 342 302 ὥς
373 247 546 305 ἀγαθὴν
568 247 646 303 μὲν
675 245 755 303 τὴν
783 245 1014 302 τοιαύτην,
1042 246 1141 288 οἵαν
1161 243 1256 287 τότε
1287 245 1478 300 διῆλθες,
1499 244 1662 299 τιθείης

283 318 412 362 πόλιν
442 317 516 360 καὶ
545 314 685 370 ἄνδρα
713 315 790 358 τὸν
818 315 960 372 ἐκείνῃ
990 314 1170 370 ὅμοιον,
1197 312 1272 355 καὶ
1303 314 1463 363 ταῦτα,
1487 309 1546 361 ὠς
1568 311 1663 353 ἔοι-

283 402 382 436 κας,
410 385 568 428 καλλίω
602 384 663 426 ἔτι
693 384 802 439 ἔχων
840 386 975 427 εἰπεῖν
1012 382 1141 425 πόλιν
1180 396 1224 423 τε
1252 379 1325 422 καὶ
1354 378 1508 431 ἄνδρα.

196 455 262 490 544
288 450 371 495 οὖν
401 451 454 507 δὴ
483 450 560 502 τοὶς
591 449 724 502 ἄλλοις
762 450 1068 508 ἡμαρτημένας
1111 450 1274 505 ἔλεγες,
1316 449 1351 490 εἰ
1393 444 1500 500 αὕτη
1539 444 1665 500 ὀρθή.

1568 375 1663 420 ἀλλ’
1689 378 1691 382 ’

285 523 374 562 τῶν
405 518 449 562 δὲ
477 522 643 561 λοιπῶν
672 522 904 563 πολιτειῶν
935 518 1132 573 ἔφησθα,
1168 515 1225 566 ὡς
1253 512 1540 571 μνημονεύω,
1571 512 1665 556 τέτ-

286 603 397 641 ταρα
427 588 518 642 εἴδη
550 584 684 637 εἶναι,
719 581 782 629 ὧν
812 587 885 629 καὶ
914 587 1010 640 πέρι
1038 585 1171 640 λόγον
1202 582 1325 636 ἄξιον
1355 583 1419 636 εἴη
1450 580 1561 636 ἔχειν
1595 580 1668 624 καὶ

287 658 396 705 ἰδεῖν
447 654 594 698 αὐτῶν
644 653 697 697 τὰ
751 651 1038 709 ἁμαρτήματα
1088 653 1160 696 καὶ
1213 651 1316 702 τούς
1367 649 1553 700 ἐκείναις
1609 643 1669 691 αὖ

289 722 470 779 ὁμοίους
483 755 492 769 ,

533 724 607 765 ἴνα
647 720 814 773 πάντας
845 720 1007 772 αὐτοὺς
1046 719 1212 769 ἰδόντες
1242 718 1315 761 καὶ
1345 715 1669 773 ὁμολογησάμε-

287 807 360 834 νοι
390 790 466 834 τὸν
496 788 682 843 ἄριστον
713 791 787 833 καὶ
827 790 906 833 τόν
952 788 1160 832 κάκιστον
1190 786 1332 839 ἄνδρα
1367 785 1668 839 ἐπισκεψαίμε-

288 863 372 910 θα,
399 859 435 901 εί
456 855 478 900 ὁ
510 857 689 912 ἄριστος
717 856 1108 913 εὐδαιμονέστατος
1132 854 1204 898 καὶ
1226 852 1249 897 ὁ
1274 851 1476 904 κάκιστος
1508 852 1671 897 ἀθλιώ-

336 1004 409 1050 ως]
453 1018 519 1040 orn.
557 1006 870 1042 Vind.F.F101.
909 1006 953 1039 R.

291 1049 350 1087 ὅτι
373 1053 418 1096 ὃῆ
444 1055 531 1096 Ang.
556 1054 595 1087 B.
629 1054 660 1086 h.
686 1066 715 1086 e.
752 1048 810 1086 ὅτι
845 1052 952 1094 ‹³517ss0-

289 1097 396 1140 νότι,
429 1099 519 1143 quod
550 1100 662 1152 ipsum
691 1099 788 1132 Ρίο.·.
816 1099 856 1130 R.
893 1098 953 1130 int.

291 1157 381 1178 vers.
408 1146 674 1190 superscriptum
700 1145 734 1176 h.
759 1145 778 1177 Ι.
806 1144 917 1176 habet.

337 1187 445 1232 τότε]
481 1194 558 1235 post
603 1190 756 1233 διῆλθες
793 1190 878 1222 Ven.
914 1189 953 1222 Β.

294 1236 394 1270 Vind.
419 1237 463 1269 E.
488 1249 552 1270 om.
579 1236 651 1269 Fic.

296 1282 505 1361 1Ττιθείης]
541 1295 605 1316 om.
635 1283 713 1316 Vat.
740 1280 785 1314 M.
811 1291 953 1314 vocares

327 1340 358 1360 ιο

340 1369 499 1416 ὅμοιον]
525 1373 722 1427 persimilis
741 1372 816 1405 Fir.

339 1417 403 1452 καὶ
451 1418 571 1452 ταῦτα
614 1438 657 1442 —
700 1414 844 1462 ἄνδρα]
891 1430 956 1451 om.

292 1466 386 1500 Mon.
402 1465 441 1497 B.
465 1465 544 1497 Par.
565 1464 644 1497 DK.
673 1464 767 1497 Flor.
774 1430 833 1497 U.
860 1464 957 1497 Stob.

293 1511 369 1545 cod.
395 1512 434 1543 A.
461 1509 600 1543 Scilicet
626 1516 704 1565 post
728 1510 811 1542 illud
837 1505 959 1552 α’νδρα

292 1558 326 1590 in
353 1557 438 1590 Lob.
466 1557 546 1590 Vat.
575 1555 624 1588 M.
655 1552 810 1598 ὅμοιον,
834 1556 959 1589 inVat.

294 1604 335 1636 Β.
361 1600 430 1636 τὸν
459 1599 599 1655 ἐκείνη,
635 1602 670 1634 in
697 1602 780 1634 Ven.
813 1601 853 1635 C.
879 1612 960 1634 vero

295 1646 361 1683 τὸν
402 1644 520 1691 ἐκείνη
567 1643 698 1699 ὅμοιον
738 1659 757 1680 e
800 1647 961 1691 proximis

298 1705 479 1739 perperam
504 1693 654 1737 repetita
688 1693 866 1737 leguntur,
893 1704 962 1737 qua

298 1740 506 1774 abundantia
530 1742 642 1772 ortmn
669 1739 961 1772 homoeoteieuton

298 1786 470 1819 defectum
496 1785 645 1829 peperit.

347 1843 397 1870 ως
437 1828 581 1873 ἔοικας]
633 1842 683 1869 ως
724 1826 817 1862 εὀιιιε
848 1830 959 1882 *Stob.

299 1877 373 1911 Ald.
390 1877 470 1909 Bas.
497 1877 550 1910 ab.
577 1877 649 1909 Ast.
668 1880 748 1909 tert.
773 1887 824 1914 ως
845 1872 961 1908 ἔοικεν

301 1922 402 1958 vind.
438 1922 481 1955 E.
517 1921 582 1955 nisi
615 1922 736 1963 fallor,
772 1922 891 1965 steph.
927 1924 962 1953 et

301 1970 374 2002 Ast.
414 1979 466 2012 pr.
500 1979 568 2001 sec.
611 1973 651 2001 ut
689 1968 851 2012 apparuit
888 1967 960 1999 Fic.

301 2016 478 2049 Socratem
507 2013 573 2047 iam
601 2018 692 2054 tum,
728 2024 828 2058 quum
862 2013 962 2045 finem

301 2059 525 2111 disputationi
557 2058 599 2091 de
623 2039 750 2113 optimo
776 2059 849 2092 xiro
874 2058 964 2102 opti—

302 2117 423 2151 maque
468 2104 609 2138 civitate
651 2105 746 2149 quasi
789 2106 965 2156 perfectae

304 2153 505 2203 imponeret,
532 2150 634 2184 etiam
652 2150 854 2195 pulchrioris
878 2149 964 2183 utri-

304 2210 416 2242 usque
449 2197 631 2240 imaginem
667 2196 775 2230 animo
813 2207 963 2240 compre

305 2245 446 2277 hensam
471 2242 631 2278 habuisse
666 2243 749 2276 satis
782 2241 965 2286 probabili-

307 2293 361 2322 ter
387 2289 518 2322 Glauco
547 2300 589 2322 ex
617 2289 697 2322 libri
726 2288 783 2322 VI.
819 2293 853 2321 et
891 2287 967 2322 Vll.

306 2335 516 2369 sermonibus
551 2334 694 2378 colligit,
727 2345 811 2379 quos
842 2334 966 2366 habere

306 2381 364 2414 ille
397 2391 461 2413 non
499 2380 686 2425 potuisset,
725 2380 790 2413 nisi
824 2379 858 2412 in
892 2390 967 2412 eam

307 2426 510 2459 intueretur.
578 2426 711 2459 Tamen
744 2425 967 2459 Schleierlna-

308 2472 430 2505 cherus
461 2471 497 2504 in
529 2471 811 2516 interpretatione
843 2472 906 2504 wie
933 2482 968 2504 es

307 2518 423 2551 schien
457 2518 571 2561 posuit
615 2526 651 2551 et
682 2519 716 2551 in
753 2517 968 2551 adnotatione

308 2563 428 2597 mirari
451 2563 606 2605 videtur,
638 2564 727 2609 quod
758 2564 854 2597 initio
889 2562 967 2595 libri

309 2609 351 2642 V.
377 2609 539 2641 Socrates
572 2610 696 2643 nullam
733 2608 898 2642 eiusmodi
921 2608 968 2641 si-

308 2654 563 2710 gnificationem
587 2655 733 2689 dederit.

358 2698 468 2745 έχων]
493 2697 560 2743 ε’χω
582 2701 681 2736 Vind.
708 2701 746 2734 F.
768 2697 858 2743 ε’χεις
884 2699 968 2743 Ang.

359 2788 442 2825 ἀλλ’
470 2784 563 2835 οὖν]
595 2788 733 2826 ἄλλοῦν
759 2791 858 2825 Vind.
876 2791 920 2824 F.

1059 1002 1112 1047 εἰ]
1142 999 1163 1046 ἦ
1188 1002 1277 1036 idem
1301 1007 1337 1035 et
1360 1003 1457 1036 Stob.
1482 1003 1555 1036 cod.
1582 1003 1620 1035 A.

1058 1049 1231 1092 ἔφησθα]
1260 1046 1412 1092 ἐφῆσθα
1438 1049 1535 1083 Vind.
1562 1049 1601 1083 F.

1058 1094 1174 1140 εἶναι]
1203 1093 1298 1149 ε’χειν
1327 1096 1423 1127 Stob.
1450 1096 1555 1128 Gesn.

1057 1141 1110 1175 τόν
1137 1140 1257 1174 καὶ-
1278 1137 1455 1185 ὁμοίους]
1482 1153 1546 1174 om.
1573 1141 1670 1174 Stob.

1013 1188 1127 1221 Gaisf.

1058 1231 1164 1276 πέρι]
1199 1230 1283 1274 περι
1317 1231 1416 1266 Vind.
1443 1232 1483 1265 Ε.
1512 1236 1588 1277 post
1612 1231 1671 1266 λό-

1011 1291 1078 1323 γον
1098 1279 1196 1312 Vind.
1222 1278 1265 1311 F.
1292 1280 1376 1321 Ang.
1402 1279 1439 1311 B.

1060 1324 1143 1368 εἴη]
1206 1323 1276 1356 οἴει
1320 1325 1404 1357 ven.
1440 1324 1478 1357 B.
1517 1324 1593 1356 vat.
1627 1324 1670 1357 H.

1012 1371 1108 1404 Flor.
1133 1370 1241 1404 ACT.
1277 1372 1311 1402 et
1336 1369 1436 1403 Vind.
1465 1370 1505 1402 Ε.
1539 1369 1573 1402 in
1607 1381 1673 1414 quo

1014 1418 1153 1450 vexbuin
1199 1413 1294 1458 ἔχειν
1337 1421 1416 1449 ante
1460 1411 1566 1456 ἄξιον
1604 1416 1676 1449 οἴει

1016 1462 1161 1507 positum
1201 1467 1263 1494 est
1311 1461 1388 1494 Ρι·ο
1398 1459 1518 1506 ἔχειν
1548 1461 1611 1496 καὶ
1640 1462 1674 1494 in

1017 1508 1109 1542 Mon.
1152 1509 1191 1541 B.
1245 1505 1337 1549 ἔχειν
1381 1519 1435 1540 ων
1480 1506 1543 1541 καὶ
1596 1508 1674 1541 δεῖν

1018 1552 1292 1597 ἐπιμνησθῆναί
1320 1563 1358 1586 τε
1383 1553 1447 1586 και
1481 1565 1554 1587 cum
1590 1565 1675 1598 pun—

1019 1601 1080 1634 ctis
1109 1611 1128 1633 a
1155 1611 1198 1632 m.
1224 1610 1250 1634 s.
1275 1598 1389 1632 verbis
1421 1598 1474 1632 τόν
1506 1599 1568 1633 καὶ
1596 1600 1674 1633 δεῖν

1018 1645 1217 1689 subscriptis
1242 1645 1378 1688 legitur.
1426 1646 1554 1679 Eadem
1580 1646 1674 1679 Flor.

1019 1692 1063 1724 U.
1085 1691 1141 1724 sed
1157 1691 1306 1736 quinque
1323 1692 1516 1734 posteriora
1534 1692 1568 1725 in
1586 1703 1676 1724 niar—

1019 1738 1098 1780 gine
1133 1738 1245 1770 habet.
1304 1737 1418 1770 Petita
1450 1741 1529 1770 sunt
1561 1749 1603 1770 ex
1634 1737 1674 1770 L.

1020 1783 1102 1816 1111.
1127 1795 1167 1830 p.
1186 1782 1264 1816 445.
1291 1784 1338 1815 C:
1364 1783 1552 1838 φαίνεται
1564 1803 1608 1808 -
1633 1780 1676 1816 ἓν

1018 1840 1084 1884 μεν
1133 1831 1228 1861 εἰναι
1280 1825 1379 1867 εἴὸος
1418 1829 1485 1872 τῆς
1528 1825 1675 1872 ἀρετῆς,

1020 1871 1157 1915 ἄπειρα
1185 1871 1234 1927 δε,
1249 1873 1316 1916 τῆς
1340 1875 1493 1929 κακίας,
1518 1873 1677 1932 τέτταρα

1020 1918 1062 1954 δ’
1102 1917 1141 1952 ἐν
1186 1916 1316 1958 αυτοῖς
1363 1916 1478 1963 ἅττα,
1525 1933 1579 1954 ων
1614 1919 1677 1954 καὶ

1020 1962 1127 2010 ἄξιον
1150 1963 1434 2019 ἐπιμνησθῆναι.

1067 2011 1115 2045 αὐ
1162 2008 1341 2055 ὁμοίους]
1393 2013 1447 2045 Ita
1481 2012 1558 2045 Par.
1602 2011 1676 2044 ΑΚ.

1022 2058 1120 2091 Vind.
1145 2057 1218 2089 BE.
1244 2057 1336 2090 Mon.
1361 2059 1401 2092 B.
1427 2059 1511 2091 Ven.
1535 2059 1574 2092 Β.
1586 2058 1677 2091 Flor.

1018 2103 1192 2137 AC'IUV.
1218 2104 1296 2137 vat.
1322 2103 1366 2137 H
1393 2108 1536 2137 etam.
1560 2115 1612 2148 pr.
1638 2104 1677 2137 B.

1020 2146 1334 2237 ίῗὲίοὲἶομῐῖῗὲῗέ
1364 2150 1463 2229 ¹2²5..
1476 2150 1678 2230 Dv·.⁸.{1'{²²¹1}f

1535 2209 1542 2228 l

1021 2243 1069 2283 (V
1073 2253 1126 2274 en.
1153 2241 1192 2273 C.
1232 2242 1310 2274 Par.
1344 2241 1384 2275 D.
1418 2243 1505 2286 Ang.
1531 2243 1572 2275 Β.
1600 2243 1678 2277 Vat.

1024 2287 1071 2321 M.
1096 2286 1193 2319 Flor.
1220 2288 1259 2320 R
1289 2292 1434 2320 etam.
1462 2300 1488 2321 5.
1515 2289 1594 2322 Vat.
1618 2288 1678 2330 Β)

1022 2334 1118 2366 Stob.
1144 2333 1249 2365 Gesn.
1275 2333 1350 2365 Ald.
1374 2334 1455 2368 Bas.
1480 2335 1534 2368 ab.
1559 2334 1678 2378 steph.
1708 2354 1714 2356 -

1023 2378 1113 2421 „Ita
1152 2379 1286 2422 quidem
1320 2385 1355 2411 et
1386 2379 1421 2412 in
1446 2392 1560 2436 praec.
1597 2379 1679 2414 edit.

1022 2424 1148 2467 legitur
1176 2423 1238 2457 καὶ
1275 2423 1366 2463 τοὺς
1403 2423 1558 2465 ἐκείναις
1592 2422 1678 2458 ἄνο-

1023 2470 1174 2514 μοίουςε
1200 2470 1258 2502 sed
1284 2482 1348 2503 non
1372 2471 1509 2505 dubium
1527 2475 1580 2505 est
1599 2471 1679 2516 quin

1025 2516 1261 2549 substituenda
1287 2516 1333 2549 sit
1361 2517 1460 2550 lectio
1486 2529 1528 2550 ex
1546 2522 1613 2550 vet.
1638 2517 1679 2549 li-

1023 2563 1084 2595 bro
1120 2562 1247 2616 petita,
1298 2574 1361 2595 και
1396 2575 1486 2603 τους
1525 2561 1679 2601 ἐκείναις

1026 2603 1166 2662 ἄνδρας
1185 2603 1377 2663 ὁμοίους-,ιζ
1425 2610 1544 2655 Steph.
1566 2621 1600 2653 p.
1621 2609 1677 2643 25

1026 2650 1167 2695 ἄνδρας
1208 2649 1362 2696 ὁμοίους
1392 2655 1575 2689 Cornarius
1617 2653 1678 2688 ecl.

1027 2698 1371 2744 p.101.1egendum
1398 2700 1562 2735 docuerat
1589 2700 1680 2733 nulla

1025 2750 1094 2778 vet.
1141 2745 1218 2777 libri
1269 2746 1436 2780 mentione
1482 2749 1584 2780 facta.
1629 2745 1677 2778 αὐ

1027 2788 1179 2834 ὁμοίους
1198 2792 1382 2826 secundum
1406 2792 1572 2826 Kleukeri
1599 2803 1682 2826 con-

1670 1004 1738 1040 544
