1764 3176
624 163 657 204 E
687 163 725 205 D
756 163 776 206 1
805 163 841 205 T
872 165 912 206 O
943 164 980 206 R
1008 164 1028 207 I
1060 164 1102 206 S.
1362 180 1551 209 Lxxxvu

166 283 348 325 obscuris
374 283 441 322 lux
460 281 603 323 clarior
625 284 774 324 affundi
798 289 951 337 posset.
1024 284 1280 325 Harmoniam
1309 285 1414 326 enim
1438 287 1548 338 prio-

163 389 249 416 rem
283 371 389 434 ἴσην
421 366 595 424 ἰσάκις,
631 367 803 419 ἑκατόν
838 368 1127 424 τοσαυτάκις
1164 390 1186 416 a
1211 376 1381 416 Platone
1407 376 1552 417 dictam

162 479 328 507 numero
352 466 485 518 aliquo
523 467 714 518 quadrato
742 468 895 508 centies
927 468 1189 520 multiplicato
1227 472 1434 516 constare,
1469 482 1550 522 po—

160 559 342 599 sterioris
362 571 458 599 vero
479 558 794 611 descriptionem
814 564 973 600 centum
989 560 1163 600 numeris
1187 573 1209 599 a
1228 559 1429 599 diametris
1450 574 1552 613 pro-

157 650 280 691 fectis
303 653 465 691 centum
490 651 653 689 ternarii
687 651 813 691 cubos
837 651 985 691 addere
1009 652 1168 700 statuit,
1205 651 1314 703 quod
1338 655 1551 704 utrumque

159 754 295 782 verum
316 746 431 795 puto.
490 740 634 794 Neque
652 755 750 795 ego,
789 744 823 782 si
845 734 1062 802 αὐξήσεις
1075 743 1229 782 numeri
1258 743 1295 791 1,
1323 741 1363 791 2,
1390 742 1431 792 3,
1455 743 1496 791 4,
1523 744 1552 782 6

159 838 319 883 essent,
355 837 397 874 et
423 833 714 874 duodenarium
732 835 907 887 scriptor
936 835 978 874 iu
999 834 1327 874 antecedentibus
1350 838 1549 886 tamquam

158 912 322 979 planum
355 926 631 978 rectangulum
668 926 984 979 designavisset,
1020 939 1246 979 pronomen
1281 919 1345 968 οἷν
1376 926 1427 965 ad
1457 926 1548 966 illos

157 1019 335 1070 quinque
352 1031 543 1058 numeros
571 1017 820 1058 referentem
861 1024 902 1059 et
934 1019 1226 1071 quaternarium
1254 1031 1343 1057 cum
1375 1020 1548 1058 ternario

155 1104 409 1169 ἐπίτριτον
435 1106 665 1165 πυθμένα
685 1111 906 1163 rectanguli
922 1111 1026 1150 illius
1050 1111 1198 1150 dictum
1217 1113 1449 1150 censentem
1472 1112 1547 1151 im-

153 1202 381 1254 probarem.
453 1201 538 1241 Sed
569 1202 621 1242 de
652 1203 828 1242 numeris
855 1202 934 1243 illis
962 1206 1002 1242 et
1038 1201 1091 1242 de
1108 1202 1355 1242 duodenario
1385 1204 1548 1244 omnino

152 1293 409 1347 cogitandum
444 1306 527 1333 non
562 1306 655 1334 esse
691 1294 875 1334 vidimus,
943 1295 1077 1345 Atque
1109 1294 1200 1347 ipse
1238 1294 1312 1334 sibi
1351 1301 1548 1348 repugnat

152 1389 306 1439 aperte,
340 1385 434 1424 dum
461 1379 715 1444 ἐπιτρίτου
740 1381 990 1442 πυθμένος
1016 1385 1327 1426 declarationem
1349 1399 1462 1426 suam
1482 1401 1545 1436 eo,

148 1477 260 1530 quod
283 1477 552 1517 duodenarius
592 1477 735 1536 planus
761 1480 802 1518 et
831 1477 1086 1530 rectangulus
1113 1478 1189 1527 sit,
1224 1479 1386 1519 firmans
1419 1480 1545 1520 nihilo

144 1570 278 1610 miuus
302 1569 591 1610 duodenarium
608 1570 676 1610 hic
698 1582 782 1609 uon
816 1573 862 1609 ut
884 1569 1071 1622 planum,
1109 1570 1181 1609 sed
1208 1573 1253 1609 ut
1276 1570 1422 1611 lineam
1444 1585 1542 1611 con-

147 1661 316 1702 siderari
343 1665 384 1701 et
403 1663 579 1702 numeris
601 1663 643 1713 3,
670 1662 699 1701 4
719 1664 761 1701 et
784 1659 813 1700 5
837 1665 974 1713 partes
993 1661 1123 1702 lineae
1149 1661 1419 1703 duodenariae
1440 1668 1540 1703 tam-

147 1766 267 1806 quam
285 1754 371 1793 eius
402 1754 559 1793 numeri
590 1754 881 1806 proprietatem
910 1753 1106 1804 quandam
1136 1754 1319 1794 denotari
1341 1756 1540 1807 perhibet.

145 1843 325 1886 Verbum
347 1846 454 1884 enim
477 1840 682 1900 συζυγεὶς
700 1857 776 1884 nec
797 1845 1169 1897 multiplicationem
1189 1860 1266 1886 nec
1284 1846 1540 1895 additionem,

145 1937 221 1977 sed
244 1936 288 1976 id
311 1936 587 1976 tantummodo
608 1936 834 1989 significare
858 1937 924 1985 ait,
961 1950 1150 1978 numeros
1172 1939 1200 1978 3
1226 1943 1266 1979 et
1285 1939 1313 1978 4
1336 1953 1427 1979 cum
1453 1943 1539 1992 qui-

142 2029 255 2069 nario
281 2041 361 2068 una
388 2028 496 2068 serie
518 2028 824 2080 componendos
855 2041 972 2076 esse,
1009 2043 1179 2081 eamque
1203 2033 1540 2083 compositionem

140 2121 202 2160 sic
226 2120 347 2168 facit,
382 2124 427 2160 ut
450 2120 555 2160 linea
586 2119 829 2159 duodenaria
855 2120 1052 2172 prodeat,
1091 2123 1203 2161 cuius
1242 2127 1373 2163 tamen
1402 2128 1537 2176 partes

141 2211 241 2252 duas
265 2211 400 2264 paullo
423 2216 516 2252 ante
542 2216 588 2251 ut
606 2212 731 2252 latera
758 2212 865 2263 plani
885 2214 1126 2266 rectanguli,
1163 2227 1255 2253 mox
1288 2228 1429 2255 omnes
1453 2221 1536 2256 tres

140 2307 186 2342 ut
209 2303 335 2342 latera
354 2303 473 2344 solidi
506 2304 752 2345 considerari
775 2304 899 2344 iubet.
971 2303 1130 2358 Nempe
1156 2306 1286 2345 verbis
1320 2302 1419 2365 τρὶς
1452 2303 1533 2351 αὐ-

140 2388 297 2454 ξηθεὶς
318 2407 400 2435 non
421 2397 614 2445 cubicam,
640 2410 758 2448 quam
781 2396 941 2449 linguae
958 2409 1055 2435 usus
1073 2397 1253 2448 requirit,
1273 2398 1347 2438 sed
1372 2401 1532 2440 omnino

141 2485 315 2526 solidam
346 2487 718 2541 multiplicationem
745 2490 872 2529 tribus
917 2489 1121 2542 quibusvis
1157 2489 1378 2530 factoribus
1404 2492 1530 2530 confi-

139 2577 322 2617 ciendam
350 2579 516 2620 indicari
550 2583 708 2630 statuit,
754 2583 866 2622 cuius
905 2581 1105 2633 opinionis
1140 2581 1358 2622 firmandae
1391 2596 1532 2624 caussa

137 2669 274 2709 locum
299 2669 347 2708 L.
381 2670 501 2712 V1111.
536 2686 576 2725 p.
610 2672 707 2714 587.
742 2673 792 2715 D.
819 2685 1140 2713 commemorans
1175 2667 1345 2733 τρίτην
1386 2669 1530 2731 αὔξην

137 2761 192 2800 ibi
210 2761 371 2810 nullam,
408 2764 485 2803 nisi
505 2765 685 2804 cubicam
711 2779 805 2805 esse
827 2779 954 2818 posse
978 2777 1060 2804 non
1084 2764 1367 2804 animadvertit„
1417 2766 1528 2816 Quae

135 2852 255 2905 igitur
279 2853 331 2893 de
351 2855 483 2895 verbis
507 2847 571 2898 ὦν
590 2851 834 2915 ἐπίτριτος
857 2847 1061 2914 πυθμήν
1079 2847 1296 2912 πεμπάδι
1320 2854 1528 2914 συζυγεὶς
