1764 3176
594 157 1071 201 EDITORIS.
1421 176 1543 203 rxvn

150 273 306 309 Platonis
325 273 421 310 recte
441 274 569 318 legenti
589 276 804 319 perspicuum
834 285 910 309 esse
929 276 1068 319 poterit.
1099 285 1166 318 quo
1192 274 1295 313 modo
1316 279 1431 309 autem
1456 275 1543 310 haec

147 330 305 374 Platonis
332 332 436 366 verba
462 333 532 366 sint
558 332 780 376 intelligenda
804 343 867 368 nos
885 333 922 366 in
941 332 1170 375 superioribus
1198 333 1356 366 diximus.
1416 334 1542 370 Quoad

148 387 388 431 undecimum,
403 410 404 415 ,
418 394 453 423 et
471 389 708 423 duodecimum
727 390 853 433 capita,
883 389 940 423 ubi
959 389 1075 423 Faber
1097 390 1249 432 exponit,
1281 400 1369 432 quae
1387 390 1431 425 sit
1451 391 1542 433 apud

147 444 330 478 Platonem
352 446 486 488 potior,
515 447 734 490 deteriorque
749 447 946 489 generatio:
977 457 1041 480 nec
1068 456 1136 479 non
1156 457 1215 479 cur
1233 446 1335 480 Plato
1358 447 1451 480 dicat
1476 458 1541 480 nu-

147 510 280 535 merum
306 512 404 536 suum
446 503 702 538 Geometricum
734 513 894 547 magnam
926 501 1053 537 habere
1077 502 1142 536 vim
1168 503 1212 536 ad
1241 504 1370 546 prolem
1401 504 1540 548 bonam,

146 561 183 591 et
206 568 276 594 non
307 559 455 601 bonam,
485 564 552 595 etc.
609 560 698 599 Dico
724 561 815 603 quod
845 559 933 594 haec
963 559 1030 594 duo
1062 559 1176 602 capita
1203 560 1297 593 recte
1328 560 1539 602 declaravit3

146 615 308 657 quoniam
327 626 387 657 ea,
418 626 506 659 quae
535 616 619 653 dicit
644 618 717 661 ipse
744 617 878 658 Faber,
909 616 929 649 a
954 616 1079 651 nostris
1102 616 1205 649 etiam
1224 617 1454 659 superioribus
1479 628 1540 651 ex-

145 671 372 713 positionibus
391 683 461 710 non,
485 673 700 711 dissentiunt.
758 673 883 713 Quoad
901 673 1210 709 tertiumdecimum
1237 677 1362 716 caput,
1392 675 1448 707 ubi
1468 675 1538 707 Fa—

146 727 208 761 ber
239 727 387 763 affirmat
413 739 574 772 magnum
606 741 784 769 numerum
817 731 957 764 fatalem
998 730 1154 764 Platonis
1186 730 1282 763 iuxta
1323 740 1537 764 communem

143 785 296 819 omnium
317 788 522 821 sententiam
556 798 632 822 esse
658 789 769 832 ipsum
794 788 893 822 1728.
912 788 1091 830 ipsumque
1111 786 1252 829 produci
1272 796 1315 820 ex
1334 787 1442 820 tribus
1462 787 1536 820 Ra-

143 840 276 874 dicibus
292 841 444 886 Cubicis‚
473 848 540 878 etc.
572 849 609 878 ut
627 845 672 878 ibi
693 844 958 880 declaravimusz
989 844 1065 878 dico
1090 843 1179 886 quod
1203 843 1329 883 omnia,
1351 854 1439 886 quae
1455 844 1538 878 dicit

142 897 269 934 ibidem
285 899 402 934 Faber
420 911 500 934 vera
518 905 607 936 sunt.
666 902 736 938 Sed
756 901 899 944 primum
917 900 1051 944 quidem
1071 900 1133 932 sibi
1160 900 1378 941 contradicit,
1399 901 1536 943 quando

143 954 280 997 quidem
306 957 461 1000 superius
491 958 625 994 dixerat
644 958 802 995 Fatalem
837 968 1014 992 numerum
1037 959 1056 991 a
1082 957 1231 990 Platone
1252 955 1368 990 vocari
1397 962 1535 991 centum

142 1012 292 1053 centies,
320 1013 356 1046 id
387 1018 441 1047 est
468 1015 579 1058 ipsum
611 1015 730 1049 decem
755 1015 878 1055 millia3
920 1025 1011 1048 nunc
1039 1018 1155 1047 autem
1187 1014 1357 1052 communi
1384 1016 1534 1052 omnium

141 1069 303 1111 opinione
320 1069 455 1105 videtur
474 1072 644 1106 affirmare
661 1072 752 1115 quod
773 1082 934 1107 numerus
952 1071 1066 1105 fatalis
1089 1070 1246 1104 Platonis
1265 1075 1317 1103 est
1336 1071 1411 1113 ipse
1432 1070 1534 1105 1723.

140 1125 234 1158 unde
262 1130 360 1169 patet
387 1128 478 1170 quod
506 1129 620 1163 Faber
640 1130 704 1163 sibi
736 1129 800 1172 ipsi
819 1139 888 1163 non
920 1132 1065 1162 constat.
1123 1127 1286 1160 Secundo
1310 1127 1389 1160 vero
1409 1114 1534 1162 cuncta

141 1190 204 1223 ea,
235 1193 323 1225 quae
342 1182 426 1216 dicit
450 1184 528 1224 dum
548 1186 659 1228 ipsum
684 1185 771 1219 17⁹2ss
792 1195 967 1218 numerum
986 1184 1142 1218 Platonis
1165 1184 1443 1226 Geometricum‚
1473 1195 1534 1221 seu

139 1237 278 1272 fatalem
298 1250 340 1272 ex
368 1242 539 1283 ternario,
569 1242 822 1284 novenarioque
848 1241 1024 1285 producit:
1056 1252 1123 1275 non
1151 1246 1230 1274 sunt
1261 1241 1303 1273 ad
1322 1242 1533 1284 propositum

139 1294 296 1329 Platonis
313 1296 348 1330 in
364 1295 431 1330 hoc
450 1299 540 1339 loco,
559 1300 719 1342 quoniam
738 1309 780 1332 ex
796 1298 1008 1335 duodenario
1029 1299 1103 1331 solo
1121 1308 1218 1330 suum
1239 1308 1416 1331 numerum
1439 1299 1534 1331 Geo-

139 1352 318 1387 metricum
339 1354 374 1389 in
393 1356 590 1398 praesentia
613 1356 716 1390 Plato
746 1355 915 1398 producit.
947 1365 1015 1397 quo
1047 1354 1149 1388 modo
1176 1358 1290 1387 autem
1313 1365 1355 1388 ex
1382 1365 1534 1389 novena-

137 1408 189 1442 rio
219 1419 356 1452 quoque
384 1411 554 1454 producat
587 1423 663 1447 eum
691 1413 814 1454 Plato,
844 1413 878 1446 in
898 1411 999 1446 Nono
1029 1412 1071 1445 de
1088 1411 1177 1454 Rep.
1197 1411 1413 1445 manifestum
1434 1412 1533 1446 nobis

138 1465 225 1508 erit,
257 1467 334 1500 cum
361 1468 475 1501 locum
505 1469 598 1503 illum
631 1469 915 1504 dillucidablmus.
973 1467 1020 1501 At
1051 1479 1093 1502 ex
1125 1469 1297 1509 ternario,
1328 1479 1440 1511 neque
1463 1468 1534 1511 liic,

135 1532 249 1564 neque
278 1523 348 1557 illic
374 1525 519 1559 eundem
540 1537 716 1560 numerum
747 1526 1005 1562 Geometricum
1038 1525 1142 1558 Plato
1175 1525 1346 1567 produxit.
1407 1526 1533 1562 Quoad

135 1584 294 1621 quartum
314 1580 502 1624 decimum,
532 1584 590 1616 ubi
621 1584 736 1617 Faber
758 1583 865 1617 tradit
893 1583 1030 1624 regulas
1063 1581 1257 1615 inveniendi
1279 1592 1438 1615 numeros
1460 1582 1533 1615 La—

135 1637 283 1678 terales,
314 1642 349 1671 et
372 1639 601 1673 Diametrales
624 1640 882 1676 Quadratorum
902 1643 972 1673 tum
1002 1639 1188 1680 Effabiles,
1219 1643 1291 1671 tum
1315 1639 1530 1675 Ineffabiles:

137 1691 214 1726 dico
235 1694 325 1736 quod
349 1697 463 1730 omnia
484 1697 579 1730 recte
596 1697 862 1739 doctissimeque
882 1696 1046 1729 declarat.
1105 1697 1184 1732 Quo
1204 1695 1339 1728 demum
1362 1695 1405 1728 ad
1431 1696 1530 1738 quin-

136 1752 210 1783 tum
233 1750 422 1794 decimum,
451 1758 487 1786 et
506 1754 659 1787 ultimum
681 1758 806 1797 caput,
835 1753 870 1787 in
891 1764 958 1795 quo
976 1752 1090 1785 Faber
1115 1752 1242 1784 adiecit
1266 1762 1426 1795 magnum
1447 1752 1531 1785 Pla-

135 1806 227 1839 tonis
246 1807 490 1850 Diagramma:
521 1810 600 1843 dico
621 1810 712 1853 quod
732 1809 846 1844 omnia
873 1810 969 1843 recte
991 1809 1180 1851 disposuit,
1210 1808 1342 1843 duobus
1365 1809 1531 1852 exceptis,

133 1862 253 1899 Primo
275 1864 354 1906 quia
374 1876 443 1901 non
465 1866 647 1910 descripsit
662 1867 696 1900 in
715 1867 789 1909 ipso
812 1866 1085 1908 magr-ammata,
1116 1875 1296 1899 numerum
1322 1863 1410 1898 1728
1432 1866 1530 1900 Geo-

134 1920 336 1963 metricum‚
366 1923 423 1965 qui
441 1924 653 1967 potissimum
674 1923 920 1958 describendus
947 1927 1039 1956 erat:
1071 1922 1132 1955 sed
1161 1923 1234 1956 eius
1252 1923 1330 1956 loco
1350 1933 1528 1964 numerum

133 1976 272 2011 millena
302 1978 406 2015 millia
433 1981 566 2023 posuit,
598 1991 698 2024 quem
725 1980 908 2024 appellavit
936 1979 1260 2015 Planicentesimum
1278 1979 1433 2021 Cubum,
1462 1979 1528 2018 hoc

134 2036 189 2069 est
209 2034 230 2067 a
248 2045 309 2068 sex
337 2037 449 2078 planis
470 2037 647 2080 quadratis
668 2038 868 2080 aequalibus
894 2047 937 2070 ex
967 2036 1165 2073 centenario
1186 2036 1361 2079 productis
1384 2042 1529 2076 conten-

134 2093 218 2124 tum.
275 2091 463 2137 Secundo,
501 2095 661 2138 quoniam
701 2095 737 2128 in
765 2093 998 2128 describendis
1024 2094 1143 2127 decem
1176 2093 1328 2127 numeris
1355 2092 1528 2132 Perfectis

133 2148 251 2190 posuit
269 2147 355 2182 duos
375 2160 555 2193 numeros,
587 2152 642 2194 qui
677 2162 744 2186 non
768 2155 849 2184 sunt
877 2150 1049 2192 Perfecti,
1081 2150 1141 2183 sed
1162 2148 1407 2192 Abundantes‚
1439 2151 1526 2184 alte-2

133 2213 208 2237 rum
227 2205 363 2247 quidem
384 2207 419 2241 in
439 2209 556 2250 quinto
580 2209 681 2249 loco,
706 2209 816 2251 ipsum
843 2208 975 2241 scilicet
994 2206 1148 2241 130816=
1179 2208 1323 2240 alterum
1349 2206 1382 2240 in
1402 2212 1526 2245 octava

134 2259 239 2302 sede,
270 2262 378 2306 ipsum
402 2264 561 2298 videlicet
589 2263 808 2299 536854528.
868 2266 987 2300 Quare
1012 2263 1098 2298 falsa
1125 2269 1178 2297 est
1198 2263 1382 2307 descriptio
1404 2264 1524 2298 decem

132 2327 348 2354 numerorum
372 2320 631 2364 Perfectorum,
675 2332 776 2364 quam
804 2321 917 2355 Faber
952 2322 1076 2355 attulit.
1136 2320 1271 2354 Causae
1311 2320 1411 2363 vero,
1443 2332 1525 2363 pro-

133 2378 210 2416 pter
231 2376 369 2426 quasin
400 2376 491 2412 hunc
520 2378 707 2412 secundum
742 2389 894 2413 errorem
927 2378 1106 2418 inciderit,
1135 2377 1224 2410 duae
1255 2381 1351 2411 sunt.-
1407 2377 1524 2413 Prima

133 2430 269 2472 quidem
290 2444 394 2467 causa
416 2437 481 2477 est,
511 2437 588 2478 quia
607 2435 768 2479 produxit
791 2435 858 2469 iam
885 2435 995 2468 dictos
1025 2435 1111 2468 duos
1131 2444 1291 2467 numeros
1312 2445 1354 2467 ex
1374 2436 1524 2469 numeris

134 2486 305 2523 Secundis
321 2494 356 2524 et
367 2493 564 2535 compositis
581 2492 726 2526 credens
747 2503 806 2525 eos
826 2502 901 2526 esse
911 2491 1047 2525 Primos
1067 2496 1101 2524 et
1118 2491 1375 2534 incompositos.
1398 2492 1523 2535 quippe

133 2544 210 2580 cum
229 2556 346 2580 omnes
363 2549 494 2582 numeri
512 2549 664 2582 Perfecti
690 2559 825 2592 semper
848 2548 1082 2592 producantur
1102 2558 1144 2581 ex
1166 2549 1316 2581 numeris
1341 2548 1467 2581 Primis
1489 2553 1523 2587 et

129 2600 385 2646 incompositis,
414 2609 451 2639 ut
470 2605 574 2640 docet
600 2606 761 2639 Euclides
782 2607 816 2639 in
839 2606 958 2638 ultima
990 2604 1224 2648 propositione
1241 2606 1318 2641 libri
1335 2605 1416 2641 noni
1439 2605 1521 2642 Ele-

131 2663 338 2695 mentorum.
368 2663 500 2696 numeri
529 2664 619 2697 enim
649 2673 692 2696 ex
711 2663 831 2705 quibus
857 2673 916 2696 eos
936 2661 1096 2705 produxit
1122 2666 1201 2696 sunt
1218 2662 1283 2695 511
1299 2687 1309 2703 ,
1340 2667 1374 2694 et
1393 2661 1521 2704 32767,

131 2716 188 2757 qui
207 2726 275 2751 non
293 2722 373 2751 sunt
396 2719 514 2761 Primi,
544 2721 703 2762 quoniam
722 2730 840 2753 eorum
863 2723 1008 2760 uterque
1032 2722 1250 2754 mensuratur
1271 2719 1291 2751 a
1313 2718 1520 2761 septenario,

130 2773 218 2806 alter
238 2773 373 2816 quidem
394 2777 521 2809 vicibus
539 2776 595 2810 73.
619 2778 706 2809 alter
724 2777 806 2809 vero
824 2776 953 2810 vicibus
974 2772 1076 2809 4681.
1133 2775 1294 2812 Secunda
1315 2775 1394 2808 vero
1415 2785 1520 2814 causa

131 2833 203 2871 est,
233 2831 392 2874 quoniam
414 2833 557 2867 credidit
577 2834 691 2866 Faber
706 2843 820 2867 veram
849 2843 924 2866 esse
949 2833 1102 2875 regulam
1122 2833 1232 2873 illam,
1263 2843 1362 2875 quam
1394 2832 1520 2869 docent

1154 2894 1187 2933 F,
1212 2898 1238 2934 2
