1764 3176
228 121 394 149 xxxnn
678 106 1207 149 PRAEFATIO

232 224 298 257 lem
324 220 525 256 industriam
560 222 745 266 superioris
776 223 849 256 aevi
882 224 1078 266 longissime
1111 223 1154 256 ab
1185 221 1349 256 hodierna
1384 219 1621 258 nonnullorum

233 280 373 313 levitate
401 283 569 312 remotam
599 279 783 312 ostendunt
805 284 840 313 et
860 281 894 313 in
923 281 1088 314 eiusmodi
1121 280 1222 313 rebus
1252 285 1445 323 versantur,
1477 292 1621 324 quarum

232 337 430 379 disciplina,
462 346 564 377 quum
589 336 631 368 ad
651 337 890 379 intelligendos
916 336 1136 380 philosophos
1161 337 1338 378 Graecos,
1369 338 1522 380 inprimis
1539 339 1621 371 Pla-

232 396 370 437 tonem,
406 393 552 426 maxime
583 393 772 435 conducat,
814 392 914 426 hodie
941 394 1077 426 minime
1102 393 1289 436 quaeritur.
1357 393 1446 427 Nam
1478 399 1620 437 quotus—

232 449 374 491 quisque
392 452 455 489 est,
487 449 545 491 qui
563 454 694 482 veteres
719 449 951 483 arithmeticos
972 450 1091 492 legat?
1121 451 1158 482 In
1178 450 1396 483 recensendis
1416 455 1530 483 autem
1550 452 1620 485 sin-

232 505 319 547 gulis
353 515 396 537 ex
427 505 558 538 duabus
584 496 796 551 rationibus,
827 517 914 550 quae
943 510 1103 550 poterant
1129 506 1282 547 institui,
1311 510 1348 538 ut
1380 511 1440 539 aut
1469 517 1622 541 summae

231 562 476 594 sententiarum
512 562 741 604 referrentur,
782 568 840 596 aut
871 563 934 610 ipsi
970 573 1031 595 sua
1064 563 1220 596 oratione
1253 563 1429 605 loquentes
1462 564 1559 606 quasi
1585 565 1620 597 in

230 628 369 651 scenam
393 618 683 660 producerentur,
715 619 824 661 lianc,
856 618 945 661 quod
978 624 1012 652 et
1049 618 1154 652 tutior
1185 623 1275 652 esset
1301 624 1335 652 et
1363 619 1407 653 ad
1428 619 1621 653 docendum

228 674 534 717 accommodatior,
561 675 767 717 sequendam
797 677 863 709 rati
882 680 1008 717 tamen,
1038 676 1198 718 quoniam
1231 675 1379 709 futurum
1403 681 1489 718 erat,
1523 681 1622 710 utne

231 730 328 764 huius
346 731 482 773 quidem
503 733 696 775 scriptionis
713 734 796 765 sines
820 733 968 765 omnium
989 733 1103 766 omnia
1127 736 1290 775 caperent
1308 734 1432 775 verba,
1473 734 1621 766 nonnul-

230 788 337 821 lorum
371 789 558 821 sententias
589 800 632 822 ex
663 789 753 821 fideli
770 790 943 822 Francisci
962 789 1098 822 Barocii
1116 790 1282 822 relatione
1312 791 1503 823 summatim
1524 789 1621 823 exhi-

228 844 380 877 buimus:
411 845 639 887 reliquorum,
669 857 753 888 quos
779 846 882 878 Italus
912 850 970 878 aut
998 857 1065 879 non
1098 846 1179 878 vidit
1197 849 1258 878 aut
1276 846 1390 879 videre
1409 858 1476 879 non
1496 847 1619 889 potuit,

228 900 343 934 omnia
367 900 541 942 dedimus,
571 903 695 944 passim
727 906 886 935 correcta
919 906 953 935 et
975 913 994 934 a
1015 903 1103 935 vitiis
1125 907 1289 946 purgata,
1315 903 1485 935 interdum
1504 904 1620 945 etiam,

227 957 284 990 ubi
303 957 500 990 obscuriora
527 963 653 1001 essent,
693 959 881 1001 explicata3
914 959 1033 1001 quibus
1053 959 1135 992 locis
1165 958 1404 1001 parentheseos
1427 960 1532 1002 signis
1554 969 1620 992 uo—

227 1017 300 1047 stra
320 1013 362 1045 ab
385 1015 503 1048 alienis
523 1015 748 1049 distinximus.
807 1015 877 1048 Sed
899 1015 1053 1048 Platonis
1075 1016 1180 1057 ipsius
1203 1016 1319 1056 verba,
1351 1026 1438 1058 quae
1462 1017 1620 1058 leguntur

229 1070 392 1104 Civitatis
420 1071 505 1104 libro
533 1072 625 1106 VIII.
651 1083 682 1114 p.
701 1069 781 1106 546.
803 1071 920 1115 Steph.
954 1072 1188 1114 praescribere
1208 1082 1498 1114 supervacaneum
1524 1072 1619 1105 vide-

227 1127 348 1168 batur,
379 1128 469 1170 quod
490 1132 523 1160 et
544 1129 699 1161 omnibus
721 1128 832 1161 aditus
865 1128 909 1161 ad
930 1139 971 1161 ea
997 1132 1153 1172 pateret,
1186 1133 1221 1162 et
1254 1129 1287 1161 in
1317 1129 1537 1172 sequentibus
1557 1129 1619 1161 ali-

228 1184 362 1226 quoties
384 1184 542 1227 ponenda
565 1189 691 1218 essent.

341 1240 404 1273 His
428 1240 651 1284 praefationis
682 1242 759 1274 loco
790 1240 890 1274 dictis
920 1243 1035 1273 statim
1056 1241 1252 1274 subiicimus
1277 1240 1453 1274 Iambliclii
1481 1239 1620 1274 Chalci-

226 1295 340 1330 densis
370 1297 413 1330 de
442 1309 583 1331 numero
611 1298 766 1331 Platonis
795 1298 1023 1342 sententiam,
1053 1308 1153 1340 quam
1182 1298 1340 1340 exposuit
1367 1299 1401 1331 in
1421 1298 1506 1332 libro
1535 1295 1619 1340 περὶ

226 1351 294 1395 τῆς
327 1349 551 1395 Νικομάχου
581 1347 832 1397 ἀριθμητικῆς
865 1352 1085 1397 εἰσαγωγῆς,
1117 1355 1208 1387 edito
1242 1355 1451 1387 aTennulio
1485 1353 1618 1387 Arnlie—

226 1410 315 1443 miae
336 1410 599 1445 MDGLXVHI.
625 1421 666 1444 eo
686 1412 818 1454 capite,
849 1411 940 1453 quod
971 1415 1023 1443 est
1062 1409 1145 1452 περὶ
1173 1406 1405 1453 ἑτερομηκῶν
1431 1405 1618 1456 ἀριθμῶν,

225 1477 259 1508 p.
282 1467 505 1502 115—117.
563 1461 665 1500 Ἐπεὶ
695 1465 730 1499 οἱ
753 1463 821 1509 μὲν
842 1463 1067 1509 τετράγωνοι
1088 1462 1265 1508 δυνάμεις
1294 1465 1385 1500 εἰσὶν
1404 1466 1485 1509 ἰδίῳ
1507 1465 1620 1499 τινῶν

225 1516 337 1565 μήκει
355 1516 602 1564 αὐξηθέντων
631 1518 818 1565 ἀριθμῶν,
851 1519 1083 1567 ἑτερομήκεις
1107 1519 1146 1556 δὲ
1168 1518 1236 1555 οὐκ
1259 1522 1354 1569 ἰδίῳ,
1391 1516 1473 1556 ἄλλ’
1494 1519 1618 1569 ἑτέρῳ,

225 1571 293 1610 οὐκ
313 1573 522 1618 ἀπεικότως
542 1576 774 1622 ἑτερομήκεις
794 1575 1016 1622 ἐκλήθησαν,
1050 1572 1095 1613 οὗ
1115 1574 1202 1612 κατ’
1228 1573 1510 1623 ἆντιδιαστολὴν
1530 1577 1620 1618 τοὺς

222 1632 480 1678 τετραγώνους
510 1630 577 1669 οὐκ
606 1627 655 1679 ἦν
676 1629 838 1677 ἀπρεπὲς
870 1632 1076 1679 ἰδιομήκεις
1100 1637 1238 1672 καλεῖν.
1281 1636 1387 1679 (haec
1411 1637 1619 1670 conferenda

222 1696 304 1726 sunt
329 1704 406 1726 cum
431 1695 508 1726 loco
538 1693 739 1727 Nicomachi
765 1694 798 1726 in
826 1691 938 1735 εἰσαγ,
969 1694 1023 1726 lib.
1048 1695 1092 1729 ΙΙ.
1114 1705 1189 1736 cap.
1215 1693 1266 1727 18.
1294 1705 1327 1736 p.
1357 1693 1434 1727 132.
1461 1694 1516 1727 ed.
1540 1695 1617 1728 Ast.

225 1742 364 1782 ου’κοῧν
391 1743 449 1782 ὅτι
477 1745 543 1792 μὲν
578 1747 615 1782 οἱ
646 1744 869 1792 τετράγωνοι
896 1743 970 1782 ὑπὸ
1002 1749 1116 1782 τινῶν
1137 1745 1308 1790 ἀριθμῶν
1328 1748 1380 1795 τῷ
1403 1747 1485 1795 ἰδίῳ
1510 1745 1619 1792 μήκει

221 1803 491 1848 μηκυνθέντων
513 1805 698 1848 γίνονται,
734 1798 875 1838 ταύτὸν
895 1802 1038 1848 ἔχοντες
1066 1803 1108 1838 τὸ
1127 1802 1264 1842 πλάτος
1285 1805 1335 1849 τῷ
1364 1800 1492 1849 μήκει,
1523 1805 1617 1839 ἰδιο-

221 1856 352 1905 μήκεις
374 1857 421 1895 ἂν
439 1863 573 1904 κυρίως
603 1860 665 1895 καὶ
694 1857 940 1905 ταυτομήκεις
969 1859 1164 1906 λέγοιντο.)
1226 1861 1274 1895 Οἱ
1297 1858 1335 1894 δὲ
1356 1859 1507 1894 παλαιοὶ
1528 1873 1617 1895 ταυ-

222 1915 309 1957 τούς
331 1930 369 1952 τε
391 1917 453 1961 καὶ
481 1914 634 1961 ὁμοίους
654 1912 791 1957 αὐτοὺς
812 1914 990 1962 ἐκάλουν,
1027 1915 1092 1951 διὰ
1116 1915 1184 1960 τὴν
1205 1916 1288 1960 περὶ
1308 1913 1374 1957 τοὶς
1394 1914 1556 1960 πλευράς
1577 1928 1616 1952 τε

223 1972 287 2009 καὶ
308 1976 443 2018 γωνίας
460 1969 662 2018 ὁμοιότητα
692 1973 753 2008 καὶ
787 1968 960 2019 ἰσότητα,
993 1970 1192 2018 ἀνομοίους
1220 1971 1258 2007 δὲ
1285 1970 1324 2007 ἐκ
1355 1973 1422 2007 τοῦ
1442 1971 1615 2009 ἐναντίου

222 2030 286 2066 καὶ
310 2029 499 2075 θατέρους
526 2032 594 2076 (ita
621 2032 838 2066 scribendum
873 2043 935 2076 pro
961 2030 1149 2073 θατέρου,
1181 2036 1285 2075 atque
1313 2034 1360 2065 ita
1381 2033 1544 2075 scriptum
1564 2035 1617 2065 est

222 2090 256 2123 in
287 2090 407 2124 codice
435 2090 604 2134 Cizensi.)
633 2085 723 2127 τοὺς
752 2085 996 2132 ἑτερομήκεις.
1051 2082 1111 2121 Ἐν
1138 2086 1178 2122 δὲ
1199 2087 1241 2133 τῇ
1265 2084 1407 2121 ἐκθέσει
1439 2084 1615 2132 ἑκατέρου

223 2144 350 2185 εἴδους
380 2144 417 2179 οἱ
437 2142 505 2189 μὲν
535 2142 600 2179 ἕνα
618 2140 714 2189 παρ’
732 2141 798 2179 ἕνα
817 2144 983 2187 περισσοὶ
1006 2143 1066 2178 καὶ
1093 2140 1138 2187 ἄρ
1148 2156 1215 2178 τιοι
1236 2141 1463 2188 γενήσονται,
1495 2139 1554 2178 ὅτι
1578 2142 1614 2177 οἱ

222 2203 388 2237 τοιοῦτοι
407 2197 548 2242 αὐτοὺς
569 2195 816 2246 αὐξάνουσιν,
850 2201 886 2236 οἱ
910 2197 949 2235 δ’
979 2199 1210 2245 ἑτερομήκεις
1230 2198 1366 2239 πάντες
1385 2195 1526 2244 ἄρτιοι,
1559 2194 1615 2234 ὅτι

222 2257 399 2303 περισσὸς
420 2256 564 2304 ἄρτιον,
595 2252 619 2303 ἢ
641 2254 768 2302 ἄρτιος
788 2255 961 2302 περισσὸν
979 2254 1144 2301 μηκύνει.
1175 2257 1249 2297 πᾶς
1268 2255 1308 2291 δὲ
1330 2254 1504 2298 περισσὸς
1525 2249 1614 2290 κατ’

223 2310 354 2360 ἄρτιον
387 2311 570 2360 αὐξηθεὶς
601 2312 729 2359 ἄρτιον
756 2315 881 2362 γεννᾷ.
943 2314 1015 2348 Καὶ
1049 2311 1128 2348 ἐπεὶ
1163 2311 1332 2349 ἐνταῦθα
1365 2311 1475 2356 λόγου
1495 2309 1612 2359 ἐσμὲν,

223 2370 366 2416 ἰστέον,
401 2369 460 2407 ὅτι
485 2370 668 2417 χρήσιμον
701 2366 789 2416 ἡμῖν
809 2371 920 2406 τοῦτο
945 2369 1045 2405 ἔσται
1067 2369 1108 2406 τὸ
1132 2367 1364 2414 παράδειγμα
1386 2370 1488 2414 (dicit
1509 2368 1614 2404 ἔκθε-

222 2440 282 2465 σιν
304 2427 482 2474 ἓκα-ι-έρου
517 2430 642 2469 εἴδους
663 2425 836 2472 στιχηδὸν
863 2430 1075 2470 faciendam,
1105 2431 1239 2472 qualem
1263 2430 1377 2472 paullo
1397 2433 1473 2472 post
1491 2440 1510 2462 a
1529 2428 1611 2460 Bul-

220 2489 323 2523 lialdo
345 2489 535 2522 institutam
557 2487 718 2530 videbis.)
740 2485 791 2524 εἰς
810 2480 875 2519 τὸν
897 2482 936 2519 ἐν
963 2486 1007 2530 τῇ
1038 2484 1239 2522 Πλάτωνος
1262 2484 1435 2530 Πολιτείᾳ
1453 2479 1613 2527 γαμικὸν

222 2539 400 2588 ἀριθμὸν,
432 2542 529 2578 ἔνθα
551 2543 665 2587 φησὶν
685 2540 723 2577 ἐκ
745 2539 812 2576 δύο
838 2536 994 2585 ἀγαθοῖν
1019 2536 1275 2585 οἷγαθογονίαν
1292 2536 1443 2579 πάντως
1462 2538 1613 2574 ἔσεσθαι

221 2601 283 2635 καὶ
304 2599 342 2635 ἐκ
365 2597 431 2635 δύο
453 2600 527 2634 τῶν
555 2598 734 2635 ἐναντίων
760 2594 801 2633 τὸ
827 2595 1013 2641 ἐναντίον,
1046 2595 1084 2632 ἐκ
1103 2595 1141 2631 δὲ
1172 2599 1311 2641 μικτῶν
1330 2593 1478 2636 πάντως
1502 2607 1613 2630 κακο-

221 2657 374 2704 γονίαν,
407 2653 588 2692 οὐδέποτε
624 2654 663 2691 δὲ
687 2650 954 2699 οἶγαθογονίαν.
1016 2653 1087 2689 Καὶ
1116 2652 1184 2698 γὰρ
1212 2652 1252 2688 ἐκ
1275 2651 1343 2698 μὲν
1369 2653 1434 2698 τῆς
1451 2653 1528 2687 τῶν
1548 2663 1612 2686 πε-

223 2714 357 2759 ρισσῶν
382 2710 481 2748 καθ’
515 2711 672 2753 ἑαυτοὺς
711 2709 871 2747 συνόδου
893 2710 954 2746 καὶ
986 2709 1257 2750 ἐπισυνθέσεως
1286 2712 1492 2755 (Tennulius
1522 2711 1612 2743 male

222 2768 282 2806 ἐπὶ
300 2769 529 2817 συνθέσεως)
562 2766 768 2816 ἡγουμένης
797 2765 962 2814 μονάδος
980 2766 1143 2814 ἐγίνοντο
1164 2765 1389 2812 τετράγωνοι
1412 2767 1479 2812 τῆς
1499 2759 1613 2809 τᾶγα-
