1764 3176
225 676 785 738 PRAEFATIO
839 676 1336 735 EDITORIS.

82 950 463 1039 Quemadmodum
480 982 520 1021 in
534 982 652 1034 primi
675 980 885 1022 voluminis
906 979 1159 1032 praefatione
1177 979 1229 1019 de
1247 979 1369 1020 rebus
1391 982 1479 1032 qui—-

80 1073 249 1113 busdam
274 1073 422 1113 ambitu
456 1075 698 1123 maioribus,
735 1087 851 1126 quam
875 1086 977 1124 quae
998 1073 1244 1112 annotationi
1268 1073 1481 1114 commode

78 1166 372 1214 insererentur,
407 1166 527 1206 verba
546 1167 662 1206 nobis
685 1166 823 1205 facere
843 1165 979 1212 licuit,
1015 1164 1069 1203 ita
1086 1164 1204 1203 huius
1227 1167 1482 1218 prooemium

79 1258 260 1310 incipere
285 1257 333 1296 ab
353 1258 416 1297 rei
429 1259 633 1311 amphoris
654 1258 891 1297 tractatione
913 1256 1050 1295 licebit
1073 1269 1164 1295 cum
1183 1258 1331 1307 critica,
1364 1271 1481 1310 quam

1 1340 5 1344 ⁴
79 1350 329 1402 profitemur,
361 1353 402 1389 et
420 1363 511 1390 cum
529 1351 676 1391 iudicio
698 1350 749 1390 de
776 1350 870 1397 loci,
908 1362 987 1401 quo
1011 1350 1253 1402 continetur,
1284 1351 1482 1403 scriptura

79 1453 178 1482 sane
206 1442 464 1492 coniunctae,
510 1443 665 1484 numeri
703 1443 810 1482 illius
851 1441 968 1490 dico,
1006 1455 1126 1493 quem
1155 1443 1269 1482 initio
1298 1442 1343 1482 L.
1378 1441 1479 1496 Vssl.

78 1532 195 1574 Plato
224 1534 471 1587 significavit.
543 1533 607 1576 De
641 1549 721 1589 quo
747 1547 867 1587 quum
889 1537 982 1573 ante
1011 1547 1087 1574 nos
1107 1534 1220 1574 multi
1243 1536 1482 1576 sententiam

77 1625 265 1676 tulerunt,
300 1630 386 1666 tum
407 1640 482 1667 nos
502 1628 582 1680 ipsi
600 1641 634 1667 a.
657 1625 953 1667 MDCCCXXI.
975 1628 1343 1666 commentationes
1363 1626 1481 1678 decas,

78 1731 251 1771 quarum
265 1720 385 1772 prior
413 1733 562 1759 novam
583 1720 670 1759 eius
691 1721 1007 1773 explicationem
1041 1720 1240 1767 continet,
1269 1721 1482 1772 posterior

78 1810 250 1849 aliorum
271 1809 325 1849 de
345 1824 392 1850 eo
412 1812 626 1864 opiniones
645 1816 846 1858 recenset,
881 1809 1147 1850 Vratislaviae
1168 1811 1379 1861 edidimus,
1400 1825 1477 1853 nec

78 1903 222 1953 postea
252 1900 468 1941 defuerunt
499 1903 567 1954 qui
597 1901 730 1942 denuo
761 1915 926 1955 operam
960 1903 1099 1942 eadem
1122 1904 1163 1942 in
1183 1916 1229 1942 re
1247 1903 1480 1945 illustranda

78 1992 335 2033 collocarent.
405 1993 564 2033 Primus
583 1993 689 2034 inter
705 1994 784 2034 hos
806 1995 956 2034 exstitit
972 1993 1168 2044 Friesius,
1204 1994 1478 2049 philosophus

76 2083 270 2134 lenensis,
306 2086 374 2137 qui
389 2099 423 2126 a.
444 2084 776 2127 MDCCCXXHI.
812 2087 1111 2140 Heidelbergae
1130 2087 1308 2128 libellum
1332 2102 1474 2130 verna-

77 2177 166 2217 cula
196 2177 389 2230 scriptum
418 2178 659 2231 publicavit:
705 2177 877 2227 Sptatone
907 2177 1028 2230 Rubi,
1067 2180 1119 2220 de
1138 2178 1363 2232 Republica
1382 2181 1409 2223 l.
1433 2182 1476 2223 8.

76 2281 118 2321 p.
136 2267 231 2309 546.
253 2268 397 2322 Steph.
468 2266 546 2313 (sin
567 2269 841 2326 §Betmutbung
872 2280 949 2313 von
979 2268 1108 2320 Ξαΐοῢ
1141 2268 1326 2323 Ξξτίεῠτῐῴ
1348 2268 1475 2324 &tica

78 2359 140 2412 (4.
178 2360 253 2402 fol.
286 2358 374 2414 14.)
472 2362 681 2404 Secundus
731 2364 1150 2414 Schleiermacherus,
1212 2365 1254 2404 in
1304 2369 1472 2406 annota-

77 2452 188 2492 tione
214 2453 264 2492 ad
292 2454 666 2507 interpretationem
709 2457 887 2497 Civitatis
920 2458 1172 2497 vernaculam
1214 2456 1392 2498 Berolini
1438 2472 1474 2499 a·

76 2541 442 2587 MDcchXVssI.
476 2548 633 2598 editam,
670 2562 711 2602 p.
740 2548 1010 2590 589—596.
1091 2549 1255 2590 Tertius
1284 2550 1472 2591 Christo-

77 2635 212 2687 philus
230 2636 349 2677 Iulius
380 2639 545 2689 Branis,
572 2654 595 2680 a
622 2654 701 2692 quo
728 2642 834 2681 edita
860 2644 924 2681 est
940 2639 1196 2682 Vratislau’ae
1219 2642 1272 2682 de
1301 2656 1473 2683 numero

77 2726 267 2768 Platonis
305 2728 554 2784 disputatio,
599 2746 717 2785 quam
755 2734 905 2773 ibidem
941 2733 1283 2787 philosophorum
1319 2734 1470 2774 ordinis

77 2820 313 2859 auctoritate
329 2834 410 2873 *pro
430 2823 522 2864 loco
543 2826 792 2877 professoris
813 2826 1112 2866 extraordinarii
1128 2827 1205 2866 rite
1219 2826 1471 2879 capessendo

133 2890 342 2934 PLA'role
374 2894 448 2934 ΟΡ.
482 2895 553 2936 III.
1163 2901 1196 2941 A
