1764 3176
274 82 330 121 76

713 78 1191 120 PLATONIS

271 188 501 239 κάλλιστος
530 186 642 244 ἁνήρ
672 187 802 231 λοιποὶ
833 189 888 232 ἂν
919 187 1024 245 ἡμῖν
1051 190 1116 244 εἴη
1136 191 1347 241 διελθεῖν,
1371 191 1579 243 τυραννίς
1606 205 1653 233 τε

271 256 346 299 καὶ
364 255 591 308 τύραννος.
616 259 791 313 Κομιδῃ
810 255 869 312 γ’,
887 257 984 312 ἔφη.
1006 256 1116 312 Φέρε
1143 256 1210 312 δὴ,
1235 258 1298 306 τίς
1313 257 1473 310 τρόπος
1495 274 1651 311 τυραν-

271 326 414 375 νίδος,
447 319 483 366 ὦ
514 326 613 379 φίλε
644 324 808 380 ἑταῖρε,
850 326 1065 380 γίγνεταις
1106 324 1172 368 ὅτι
1202 326 1278 380 μὲν
1315 324 1398 380 γὰρ
1432 324 1479 367 ἐκ
1509 326 1652 380 δημο-

269 393 449 446 κρατίας
490 392 763 447 μεταβάλλει,
814 393 967 447 σχεδὸν
1009 394 1156 449 δῆλον.

1213 396 1379 448 Δῆλον.
1433 387 1525 447 Ἆρ’
1569 395 1652 436 οὐν

269 458 436 515 τρόπον
476 458 576 503 τινα
616 459 693 504 τόν
735 458 873 504 αὐτόν
920 460 965 503 ἐκ
1003 476 1047 503 τε
1089 460 1338 517 ὀλιγαρχίας
1377 462 1650 517 δημοκρατία

319 630 431 667 λοιπὰ
465 628 514 667 ἂν
540 628 628 676 ἡμῖν
663 631 718 676 εἴη
750 633 931 678 διελθεῖν]

273 677 404 713 λοιπὸν
444 676 532 722 ἡμῖν
570 677 791 712 ἐπιδιελθεῖν
834 680 934 714 vind.

272 726 315 759 F.
368 725 535 768 Pluralis‚
598 737 697 769 quem
765 725 936 759 Matthiae

271 782 409 824 gramm.
438 783 473 814 p.
496 773 574 805 829.
607 783 667 814 pio
693 771 854 825 singulari
874 783 935 824 po-

272 816 374 850 situm
414 822 453 849 ut
498 817 533 850 in
578 816 722 850 dictione
762 813 933 850 ἀδύνατά

273 860 348 898 ἐστι
382 868 417 895 et
457 861 620 896 similibus
656 862 800 906 accipit,
831 874 935 906 quum

271 919 383 942 sermo
406 907 452 940 sit
475 910 517 941 de
542 907 694 948 duobus,
711 908 790 941 nihil
820 909 935 941 Grae-

273 954 385 987 citatis
411 953 542 998 propiii
569 953 683 986 habet.

319 996 526 1042 τύραννος]
553 997 713 1041 τύρανος
736 999 828 1032 Μοῐι.
846 999 887 1034 Β.

319 1046 464 1090 Κομιὸῇ
483 1064 528 1069 -
546 1045 656 1086 Πως;
683 1046 740 1089 Β.]
765 1058 824 1078 om.
848 1045 932 1078 Lob.

273 1091 354 1124 Vat.
380 1091 458 1124 ΒΝῙ.
502 1089 636 1135 κομιδή
665 1098 729 1124 etc.
768 1090 868 1124 Vind.
894 1090 935 1123 F

272 1137 418 1180 Κομιδῆ
449 1141 515 1172 etc.
539 1137 612 1170 Ald.
614 1104 710 1170 η.Β35
733 1137 785 1170 ab.
813 1137 933 1181 steph.

321 1181 464 1227 ἑταῖρε]
509 1181 606 1227 ἓτερε
643 1195 717 1216 cum
755 1184 797 1215 αῖ
833 1194 935 1227 super

272 1239 311 1263 τε
334 1229 433 1262 Vind.
460 1230 504 1264 E.

318 1275 498 1320 γίγνεται]
533 1276 667 1320 prodit,
694 1275 935 1319 quaerentibus

272 1333 309 1355 se
339 1324 461 1365 offert,
498 1334 585 1366 quae
609 1321 812 1365 significatio
837 1321 935 1354 verbi

272 1368 390 1401 similis
428 1367 478 1400 illi
521 1374 596 1409 est,
637 1379 705 1412 qua
743 1367 934 1412 praeditum

271 1414 374 1447 etiam
406 1425 479 1447 cum
510 1413 670 1448 adverbio
699 1413 849 1446 construi
882 1413 934 1446 vi-

271 1459 380 1493 dimus
402 1460 476 1493 Vol.
494 1461 522 1494 I.
544 1472 575 1504 p.
597 1461 651 1500 61,
678 1471 708 1492 a.
757 1459 832 1492 Hoc
853 1471 933 1492 vero

271 1505 344 1539 loco
377 1506 472 1539 salva
505 1505 696 1539 sententiae
721 1517 848 1538 summa
879 1505 934 1537 vel

272 1552 446 1595 φαίνεται
483 1552 537 1585 vel
576 1549 651 1585 ἐστὶ
682 1563 743 1594 pro
774 1551 934 1594 γίγνεται

272 1598 353 1642 poni
374 1602 520 1651 poterat
569 1598 656 1630 Item
681 1597 720 1629 L.
733 1576 796 1629 111¹.
808 1609 839 1641 p.
854 1596 933 1651 4123

274 1644 323 1677 C:
350 1643 386 1677 οὶ
416 1640 495 1677 δε
486 1643 656 1698 γεωρῃῶν
689 1639 834 1685 ἄριστοι
865 1639 932 1685 ἄρ’

274 1687 320 1723 οὕ
350 1701 638 1733 γεωρμκωτατοι
663 1689 875 1740 γίγνονταις
900 1692 934 1721 et

273 1736 423 1778 Euth)d.
470 1748 501 1779 p.
527 1738 607 1770 298.
634 1735 684 1768 E:
727 1731 821 1767 ὥστε
868 1732 933 1772 σὸς

273 1780 398 1824 πατὴρ
419 1782 578 1831 γίγνεται
608 1794 626 1815 ο
649 1778 770 1823 κύων,
795 1778 857 1813 καὶ
888 1778 931 1813 σὺ

273 1827 457 1871 κυναρίων
482 1824 653 1870 ἁδελφός.
701 1827 799 1859 Hanc
823 1826 933 1869 ipsam

273 1879 387 1908 autem
416 1873 614 1907 sententiam
644 1872 934 1905 Schleiermache-

273 1931 354 1961 rus,
378 1931 478 1964 quum
497 1920 532 1953 in
551 1919 771 1963 sequentibus
798 1929 865 1950 non
890 1918 933 1950 de

274 1966 386 2000 indole
412 1972 447 1999 et
480 1966 692 2005 conditione,
717 1964 777 1997 sed
796 1965 838 1996 de
865 1963 933 1997 011-

273 2012 352 2057 gine
380 2016 415 2045 et
437 2023 619 2056 progressu
641 2009 830 2053 ῐ)1·311111ὀ15
850 2021 933 2053 aga-

274 2065 349 2101 tur,
382 2058 530 2102 ineptam
557 2056 727 2090 existimat
748 2062 782 2089 et
813 2055 934 2088 lectio-

274 2116 350 2138 nem
370 2107 563 2148 corruptam
580 2103 781 2146 suspicatur.
807 2101 935 2142 Quidni

276 2151 450 2184 Socratem
476 2153 685 2190 statuamus,
719 2147 935 2201 quemadmo—

274 2196 352 2230 dum
393 2208 497 2240 supra
532 2207 565 2240 p.
596 2196 673 2229 558.
708 2194 749 2229 C.
785 2194 820 2227 in
859 2193 934 2226 viro

273 2242 521 2282 democratico,
554 2241 749 2286 priusquam
785 2240 828 2273 ‹le
857 2244 933 2272 ortu

273 2288 437 2330 dixisset,
479 2289 595 2321 statim
635 2287 747 2320 indole
796 2289 935 2330 arrepta

274 2335 360 2368 hane
424 2334 656 2378 quaestionem
707 2331 936 2377 proposuisse,

273 2386 344 2414 tum
370 2380 628 2424 praetermissae
660 2378 797 2423 originis
821 2389 937 2410 recor—

275 2427 391 2460 datum
438 2426 580 2479 primuni
635 2437 710 2458 eam
758 2424 854 2469 quasi
900 2423 936 2456 in

275 2475 472 2505 transcmsu
504 2471 630 2524 quippe
663 2482 725 2516 per
757 2482 794 2503 se
827 2469 935 2502 cuivis

274 2522 389 2552 notam
423 2516 602 2561 attigisse,
636 2517 756 2550 deinde
778 2516 876 2561 plene
900 2519 935 2548 et

274 2563 432 2608 copiose,
460 2569 498 2595 ut
528 2574 592 2607 par
623 2566 720 2604 erat,
753 2561 934 2606 explicuis-

275 2610 342 2643 se?
365 2609 510 2642 Prorsus
535 2608 650 2662 eodem
676 2608 771 2642 modo
797 2608 868 2651 agit
891 2607 932 2640 L.

275 2657 318 2690 V.
344 2666 376 2699 p.
402 2655 481 2689 466.
506 2654 550 2687 Ι).
585 2653 619 2687 111
644 2654 764 2698 longae
781 2654 934 2698 disputa-

276 2700 378 2734 tionis
410 2701 564 2745 ingressu
597 2700 682 2733 haec
705 2700 849 2757 paucula
873 2699 933 2732 de—

275 2747 446 2792 fungentis
469 2746 601 2781 instar
593 2746 738 2781 iaciens:
763 2744 848 2789 περὶ
867 2743 932 2790 μὲν

992 645 1062 677 γαρ
1094 632 1171 666 τῶν
1197 629 1235 666 ἐν
1259 632 1310 666 τῶ
1335 631 1501 677 πολέμῳ,
1536 635 1652 674 οἱμαι,

993 680 1108 722 δῆλον
1140 675 1184 712 ὃν
1224 667 1366 722 τρόπον
1394 664 1652 721 πολεμήσουσι.

991 726 1068 758 Nec
1102 725 1280 769 quicquam
1319 725 1431 779 aptius
1465 724 1506 757 ad
1551 724 1654 757 talem

991 782 1113 804 nexum
1137 771 1312 815 particulis
1328 767 1395 813 μὲν
1416 768 1497 813 γὰρ,
1521 769 1580 803 113
1600 770 1652 802 di—

991 817 1188 850 versitatem
1220 816 1270 849 rei
1303 816 1369 849 iam
1393 826 1653 849 commemoran-

992 863 1078 903 dae,
1102 862 1166 894 hac
1190 862 1365 901 rationem,
1391 873 1451 894 cur
1470 873 1536 894 non
1559 861 1653 902 prius

992 911 1250 941 commemorata
1318 907 1381 950 sit,
1445 907 1652 940 ostendente.

990 954 1182 997 Utramque
1216 953 1365 997 neglexit
1388 953 1542 987 Ficinus:
1575 956 1653 997 Age

991 1000 1192 1039 videamus,
1226 1012 1245 1032 o
1271 1000 1378 1032 dulcis
1411 1000 1538 1040 amice,
1562 1000 1654 1042 quis-

992 1057 1074 1078 nam
1090 1046 1294 1088 “tyrannidis
1319 1046 1425 1088 ipsius
1450 1046 1494 1078 sit
1520 1045 1650 1078 modus.

990 1092 1183 1136 prinm'pio,
1213 1092 1304 1135 quod
1331 1103 1371 1124 esc
1401 1091 1564 1135 populari
1583 1092 1653 1124 ori-

992 1144 1070 1177 tur,
1095 1140 1209 1178 ferme
1234 1143 1284 1171 cst
1309 1139 1536 1180 perspicuum.

1033 1183 1186 1239 Δῆλον]
1212 1195 1276 1216 om.
1308 1183 1408 1217 Vind.
1434 1183 1476 1217 E.

1036 1225 1210 1272 Ἀρ]ἆ’ρ’
1237 1229 1337 1263 Vind.
1363 1229 1401 1262 F.
1431 1234 1574 1262 etam.
1598 1239 1651 1273 pr.

990 1276 1083 1309 Mon.
1105 1276 1145 1310 B.
1170 1276 1303 1309 Eadem
1323 1276 1434 1320 igitur
1452 1276 1650 1309 ratione-.

989 1322 1065 1356 Fic.

1036 1366 1122 1411 και]
1160 1379 1224 1400 orn.
1258 1368 1344 1410 Ang.
1370 1367 1409 1400 B.

1036 1413 1230 1468 τυραννίς]
1257 1414 1421 1454 τιραννίς
1446 1411 1544 1445 Vind.
1564 1412 1606 1445 E.

1035 1455 1272 1502 προῦθεντο]
1301 1460 1353 1492 Ita
1376 1458 1654 1493 Pa1.A.xind.

990 1505 1093 1538 BEF.
1133 1507 1219 1549 Ang.
1261 1505 1300 1537 B.
1346 1506 1424 1538 V.at
1467 1504 1511 1537 H.
1557 1504 1653 1537 Flor.

990 1552 1161 1586 ACRTV.
1187 1533 1234 1584 eet
1266 1551 1418 1584 Ficinus.
1452 1551 1655 1594 (proposue-

990 1599 1089 1640 runt)
1101 1593 1292 1640 προύθετο
1307 1597 1429 1641 reliqui
1448 1607 1521 1629 cum
1542 1596 1653 1629 editis.

992 1643 1105 1683 Quum
1145 1643 1317 1687 inexpleta
1363 1642 1444 1676 boni
1485 1641 1653 1687 propositi

991 1689 1160 1734 cupiditas
1191 1689 1409 1732 oligarchiam
1443 1688 1572 1733 pariter
1598 1691 1652 1720 at-

991 1747 1057 1779 que
1081 1735 1321 1768 democratiam
1346 1734 1551 1779 pessundet,
1575 1733 1651 1777 plu—

991 1781 1070 1814 ralis
1106 1781 1147 1814 ad
1178 1782 1266 1814 hanc
1292 1786 1471 1833 utramque
1502 1791 1567 1813 non
1591 1779 1656 1812 mi-

991 1838 1074 1868 nus,
1114 1839 1214 1871 quam
1251 1826 1293 1859 ad
1336 1826 1426 1859 cives
1467 1826 1575 1867 illius,
1608 1826 1652 1859 ad

990 1884 1074 1916 quos
1098 1873 1267 1917 pertinet,
1290 1872 1414 1905 referri
1437 1877 1567 1916 potest3
1591 1871 1653 1904 sed

991 1931 1032 1951 ea
1057 1918 1261 1962 ambiguitas
1284 1929 1421 1962 prorsus
1442 1924 1495 1950 est
1513 1917 1652 1951 innoxia

990 1969 1026 1997 et
1048 1965 1203 2008 protinus
1237 1963 1408 1996 enuntiato
1433 1964 1565 1996 nomine
1588 1963 1652 1996 oli-

992 2010 1153 2053 garchiae
1169 2010 1309 2050 tollitur,
1328 2009 1417 2053 quod
1436 2009 1545 2053 ipsmn
1565 2010 1651 2042 scri-

990 2061 1089 2100 ptor,
1116 2056 1144 2089 si
1167 2067 1246 2089 usus
1272 2062 1363 2088 esset
1389 2055 1563 2098 singulari,
1586 2067 1652 2088 non

988 2103 1054 2135 isto
1079 2102 1150 2135 loco
1174 2105 1366 2147 positurus,
1391 2101 1450 2133 sed
1469 2113 1543 2133 cum
1561 2102 1652 2145 prio-

991 2148 1022 2180 ri
1046 2148 1151 2181 verbo
1188 2148 1427 2205 coniuncturus
1460 2147 1567 2180 fuisse
1599 2147 1651 2181 vi-

990 2194 1100 2226 detur.

1037 2236 1085 2282 ἡ]
1111 2252 1175 2272 om.
1201 2239 1300 2272 Vind.
1322 2239 1362 2271 B.
1389 2239 1467 2272 Vat.
1487 2240 1532 2273 H.
1552 2239 1651 2281 bene,

992 2285 1021 2319 si
1045 2282 1237 2328 προῦθετο
1262 2297 1380 2318 verum
1404 2292 1466 2319 est.

1037 2332 1241 2365 καθίστατο
1269 2333 1338 2374 ——]
1392 2331 1529 2375 Signum
1569 2343 1651 2375 apo-

991 2377 1133 2422 siopesis
1155 2377 1395 2411 Stallbaumius
1418 2377 1451 2411 in
1475 2389 1542 2411 sec.
1556 2378 1649 2410 fecit.

992 2424 1188 2468 Stephanus
1221 2429 1257 2456 et
1287 2424 1404 2456 Astius
1444 2423 1480 2456 in
1512 2435 1580 2457 sec.
1617 2429 1651 2457 et

991 2473 1072 2505 tert.
1097 2470 1210 2510 colon,
1235 2470 1368 2514 priores
1394 2481 1532 2511 comma,
1560 2470 1652 2502 Bek—

990 2515 1092 2548 kerus
1116 2519 1151 2549 et
1174 2515 1413 2549 Stallbaumius
1437 2516 1472 2550 in
1494 2527 1545 2561 pr.
1566 2527 1651 2561 pun—

991 2567 1080 2595 ctum
1103 2562 1239 2594 habent.

1037 2608 1220 2650 πλοῦτος]
1271 2607 1328 2641 Ita
1371 2606 1470 2642 vind.
1504 2607 1547 2640 F.
1590 2604 1650 2641 ἐπὶ

990 2653 1153 2693 πλοῦτος
1190 2654 1274 2697 Ang.
1311 2653 1350 2686 B.
1392 2650 1651 2696 ’ὑπέρπλουτος

990 2700 1114 2745 reliqui
1151 2699 1284 2733 codices
1320 2704 1456 2742 praeter
1500 2699 1583 2732 Ven.
1607 2700 1648 2732 B.

988 2747 1023 2782 111
1047 2758 1127 2792 quo,
1151 2750 1189 2780 ut
1212 2746 1247 2780 in
1272 2745 1345 2779 Ald.
1358 2747 1436 2780 Bas.
1449 2746 1504 2780 ab.
1526 2745 1645 2791 Steph.
