1764 3176
580 168 1060 215 EDITORIS.
1470 185 1535 212 vn

136 282 288 322 [tatione
307 286 371 320 sibi
388 285 533 321 invicem
552 287 881 331 correspondentes,
910 292 983 321 tum
1013 288 1116 321 etiam
1138 287 1303 321 Effabiles
1321 290 1412 321 sunt.
1471 287 1534 320 Ef-

131 345 254 380 sabiles
289 344 377 377 enim
413 343 623 387 quantitates
650 345 729 378 illae
755 349 854 386 sunt,
882 356 972 388 quae
1007 345 1177 386 numeris,
1207 345 1259 378 vel
1284 344 1449 388 integris,
1481 345 1532 377 vel

131 402 252 436 fractis
293 404 442 444 quantae
471 401 538 435 sint
564 402 708 445 exprimi
739 406 903 444 possunt,
953 412 1038 444 quos
1067 401 1197 434 Graeci
1225 396 1360 444 ῥητὰς,
1391 400 1456 434 hoc
1480 405 1533 434 est

131 459 319 502 Dicibiles,
348 458 458 491 maior
485 458 567 491 vero
593 469 674 501 pars
703 459 885 493 latinorum
915 458 1239 492 Matliematicorum
1260 459 1446 501 improprio
1467 468 1532 491 no-

131 516 225 550 mine
243 514 446 548 Rationales
464 515 649 558 appellant.
707 515 872 548 Similiter
891 520 1005 548 autem
1024 515 1220 547 ineffabiles
1238 515 1447 557 quantitates
1470 525 1533 548 eae

129 576 223 614 sunt,
257 582 347 615 quae
368 582 432 605 nec
453 572 608 616 integris,
637 581 748 613 neque
768 571 887 605 fractis
918 572 1062 616 exprimi
1084 576 1228 614 possunt
1254 572 1415 613 numeris,
1447 582 1532 614 quos

128 629 245 673 graeci
262 628 399 672 quidem
424 621 590 670 ἅρρητας
614 624 678 661 καὶ
707 623 845 671 &layas-
874 626 962 674 (sic)
984 628 1049 662 hoc
1068 632 1122 661 est
1147 629 1352 669 Ineffabiles,
1382 633 1417 661 et
1437 628 1532 661 Indi—

131 686 249 720 cibiles
266 678 349 719 ἀπὸ
369 683 437 718 τοῦ
459 683 655 730 εἰρῆσθαι,
687 683 751 717 καὶ
778 679 852 718 ἀπὸ
886 685 954 718 τοῦ
986 681 1181 729 λέγεσθαι,
1211 685 1246 718 id
1269 690 1321 718 est
1340 686 1359 718 a
1379 685 1465 726 fari,
1497 689 1533 718 et

129 743 217 778 dici.
242 743 339 776 latini
359 742 440 776 veri)
458 742 530 776 fere
542 753 660 776 omnes
677 741 916 776 Mathematici
934 743 1119 786 improprie
1132 742 1278 783 Surdas,
1299 742 1532 775 etIrrationa-

127 801 179 834 les
208 803 430 843 nuncupant3
459 799 641 832 credentes
668 800 847 840 nimirum,
881 799 972 843 quod
994 795 1130 840 ἅλογας
1157 810 1216 833 eas
1237 799 1354 841 graeci
1376 799 1533 832 vocarint

127 856 150 891 ὲ
174 856 365 900 privatione
387 853 454 889 τοῦ
475 851 610 898 λόγου,
640 855 706 890 hoc
735 861 788 890 est
816 857 997 897 Rationis,
1028 856 1124 900 quasi
1152 857 1278 889 nullam
1314 856 1401 889 tales
1423 866 1532 898 quan·

127 914 247 948 titates
286 914 377 947 inter
410 923 448 946 se
472 913 659 947 Rationem
686 913 873 956 haberent,
916 914 1008 956 quod
1047 918 1163 946 tamen
1196 912 1413 946 falsissimum
1457 916 1530 946 est:

126 971 253 1015 quippe
275 971 352 1004 oiim
369 980 488 1003 omnes
511 971 664 1004 eiusdem
681 971 818 1013 generis
836 972 1067 1013 quantitates,
1093 971 1164 1003 sive
1185 969 1251 1003 dici
1277 970 1429 1013 possint,
1460 970 1531 1002 sive

125 1038 214 1069 non,
254 1027 440 1060 Rationem
471 1028 622 1069 aliquam
650 1026 800 1061 habeant
830 1028 974 1061 invicem
1002 1033 1243 1070 comparatae3
1285 1037 1374 1069 quae
1393 1026 1531 1069 quidem

123 1085 154 1119 si
171 1084 298 1118 fuerint
319 1084 494 1125 Effabiles,
510 1084 617 1118 Ratio
638 1095 772 1127 quoque
791 1085 941 1128 ipsarum
961 1085 1027 1118 erit
1046 1085 1221 1126 Effabilis;
1253 1084 1280 1117 si
1301 1094 1381 1117 vero
1402 1084 1531 1116 Ineffa-

123 1141 208 1176 biles
227 1141 374 1183 fuerint,
408 1150 525 1174 earum
548 1141 655 1174 Ratio
683 1142 889 1184 quandoque
910 1142 1088 1182 Effabilis,
1119 1141 1326 1184 quandoque
1344 1141 1531 1174 lness'abilis

124 1198 210 1239 erit3
240 1208 344 1241 quam
379 1198 517 1240 quidem
537 1198 724 1231 Rationem
753 1199 966 1232 ineffabilem
1000 1199 1128 1232 Graeci
1149 1198 1285 1240 quidem
1308 1196 1418 1239 λόγον
1445 1191 1531 1229 ἅλο-

121 1265 209 1298 γον,
239 1255 274 1288 id
303 1258 356 1288 est
382 1254 570 1288 Rationem
587 1255 828 1296 Indicibilem3
860 1256 923 1299 ipsi
954 1256 1041 1289 'vero
1062 1256 1158 1289 latini
1181 1255 1366 1288 Rationem
1385 1254 1529 1287 Irratio-

123 1311 236 1346 nalem
256 1311 440 1354 appellant.
501 1311 581 1345 Hoc
606 1317 721 1345 autem
746 1312 836 1346 idem
863 1317 917 1346 est
939 1323 979 1346 ac
1000 1313 1028 1346 si
1058 1313 1213 1346 dicerent
1235 1312 1422 1345 Rationem
1449 1311 1530 1344 abs-

121 1378 189 1412 que
208 1368 376 1414 Ratione,
394 1379 462 1411 quo
484 1367 566 1402 nihil
589 1369 781 1404 absurdius.
811 1370 989 1413 „Quorum
1009 1370 1232 1415 sesquitertia
1243 1369 1347 1403 radix
1369 1367 1531 1413 quinario

120 1426 314 1471 coniugata
343 1426 432 1459 duas
452 1426 653 1460 harmonias
679 1427 825 1471 praebet
854 1432 907 1461 ter
935 1427 1081 1461 aucta.“
1138 1427 1206 1460 Hic
1221 1436 1358 1469 quoque
1377 1426 1446 1459 duo
1468 1425 1531 1459 de-

120 1483 287 1517 claranda
311 1486 414 1524 sunt,
454 1484 601 1527 primum
644 1494 814 1526 quaenam
847 1485 892 1518 sit
928 1484 1157 1527 Sesquitertia
1185 1482 1305 1517 radix:
1340 1481 1529 1517 secundum

120 1550 209 1583 quae
229 1540 298 1574 sint
315 1539 404 1573 duae
428 1539 652 1582 harmoniae,
682 1552 766 1584 quas
797 1541 873 1584 ipsa
897 1541 1128 1584 Sesquitertia
1150 1540 1248 1574 radix
1270 1540 1426 1583 quinario
1444 1550 1530 1573 con-

117 1597 238 1640 iugata
266 1597 411 1641 praebet
437 1601 490 1631 ter
514 1601 628 1632 aucta.
689 1598 814 1633 Quoad
835 1599 980 1641 primum
1001 1600 1116 1641 itaque
1134 1597 1310 1631 sciendum
1333 1601 1404 1638 est,
1435 1596 1528 1638 quod

114 1655 174 1687 ubi
195 1654 425 1697 Sesquitertia
449 1651 551 1687 radix
577 1654 682 1687 latine
710 1655 857 1699 legitur,
888 1659 1003 1688 textus
1021 1665 1168 1697 graecus
1191 1653 1247 1696 (ut
1273 1654 1341 1687 iam
1362 1652 1526 1696 vidimus)

115 1709 221 1744 habet
242 1705 427 1753 ἐπίτριτος
448 1705 627 1753 πυθμήν,
659 1722 748 1753 quae
775 1712 879 1744 verba
908 1713 965 1745 alii
993 1716 1131 1745 vertunt
1156 1711 1385 1753 Sesquitertia
1414 1709 1526 1751 radix,

114 1771 155 1801 ut
184 1767 378 1807 Marsilius3
409 1768 466 1800 alii
496 1768 725 1809 Sesquitertia
756 1779 911 1811 propago
939 1768 1112 1801 referente
1136 1768 1272 1808 Fabro,
1304 1767 1359 1799 alii
1381 1766 1525 1809 Sesqui-

115 1824 255 1858 tertium
275 1824 428 1866 fundum,
459 1828 497 1857 ut
517 1823 766 1857 Thermacides
785 1823 1050 1868 Pythagoreus3
1083 1826 1209 1866 aliique
1228 1824 1362 1857 demum
1379 1823 1522 1866 Sesqui-

113 1882 238 1915 tertius
272 1881 409 1922 Cubus,
443 1884 481 1913 ut
512 1880 716 1914 Leonardus
746 1882 918 1915 Aretinus.
957 1882 1031 1924 ipsa
1078 1892 1216 1924 nanque
1259 1880 1365 1914 dictio
1391 1875 1525 1923 graeca

65 1936 68 1939 ’
113 1932 274 1981 πυθμὴν
301 1942 446 1981 quatuor
472 1936 559 1970 haec
588 1938 779 1979 significat,
808 1949 932 1981 nempe
960 1939 1132 1979 radicem,
1166 1938 1413 1981 propaginem,
1444 1937 1524 1976 sun-

113 1994 219 2036 dum,
249 1999 354 2038 atque
382 1994 540 2028 solidum.
572 1989 763 2035 ἐπίτριτον
791 1991 969 2036 πυθμένα
1001 1999 1116 2028 autem
1146 1995 1306 2036 intelligit
1340 1993 1395 2027 hic
1418 1994 1523 2028 Plato

111 2052 344 2096 septenarium
373 2061 563 2086 numerum.
641 2052 759 2087 Quare
797 2052 853 2094 qui
890 2047 1079 2093 ἐπίτριτον
1114 2047 1291 2091 πυθμένα
1325 2050 1524 2094 Sesquiter-

111 2110 196 2144 tiam
226 2109 380 2143 radicem
413 2112 551 2142 vertunt
579 2108 614 2141 id
647 2109 909 2142 accommodate
934 2108 1049 2142 facere
1082 2109 1258 2149 videntur,
1289 2109 1414 2151 quippe
1444 2109 1521 2141 cum

100 2167 326 2214 =septenarius
355 2175 517 2199 numerus
546 2166 675 2208 primus
699 2165 834 2208 quidem
856 2166 1003 2208 limites,
1035 2166 1222 2209 terminos,
1250 2168 1354 2207 atque
1383 2165 1520 2198 radices

109 2223 216 2267 ipsius
236 2223 488 2265 Sesquitertiae
508 2222 668 2255 Rationis
694 2224 957 2266 complectatur.
990 2222 1267 2266 quandoquidem
1289 2233 1331 2255 ex
1354 2223 1521 2264 ternario,

110 2280 400 2323 quaternarioque
418 2280 635 2323 septenarius
665 2284 822 2324 constat,
853 2280 978 2323 quippe
1008 2281 1064 2323 qui
1088 2284 1167 2313 sunt
1194 2279 1338 2320 limites,
1370 2279 1519 2321 termini,

109 2341 147 2371 et
175 2337 309 2370 radices
329 2336 580 2379 Sesquitertiae
598 2336 778 2378 Rationis,
809 2347 886 2369 cum
912 2337 976 2380 ipsi
1011 2337 1081 2371 sint
1104 2337 1224 2380 primi,
1256 2340 1360 2378 atque
1390 2336 1519 2370 minimi

108 2394 242 2428 numeri
270 2393 531 2436 sesquitertiam
569 2393 752 2427 Rationem
794 2392 972 2430 habentes.
1044 2394 1112 2430 Qui
1143 2393 1224 2426 vero
1252 2393 1517 2435 Sesquitertiam

108 2451 333 2494 propaginem
360 2451 652 2493 interpretantur,
690 2458 761 2483 non
798 2450 968 2484 immerito
996 2450 1030 2483 id
1064 2449 1216 2490 faciunt,
1252 2461 1330 2483 nam
1360 2459 1516 2493 propago

110 2507 249 2550 quidem
266 2507 347 2540 nihil
363 2507 455 2541 aliud
476 2511 550 2548 est,
580 2507 645 2540 nisi
665 2507 742 2540 vitis
767 2507 936 2550 quaedam
959 2509 1072 2540 vetula
1086 2532 1096 2548 ,
1127 2511 1162 2540 et
1178 2517 1383 2550 suppressa,
1413 2511 1452 2540 ut
1473 2517 1517 2540 ex

110 2574 152 2598 ea
182 2565 299 2608 plures
331 2564 452 2609 fianta
474 2564 656 2607 pangendo
690 2564 801 2606 dicta,
831 2565 910 2607 quia
946 2564 1050 2607 porro
1078 2568 1269 2607 pangatur:
1299 2563 1516 2607 septenarius

107 2621 190 2654 verb
209 2621 363 2654 similiter
383 2621 616 2664 quaternarii,
648 2625 682 2654 et
699 2622 840 2654 ternarii
865 2632 1020 2665 propago
1042 2621 1211 2663 quaedam
1237 2625 1310 2664 est,
1337 2621 1371 2654 in
1394 2621 1515 2663 quibus

107 2677 254 2722 primum
282 2678 511 2722 sesquitertia
542 2678 648 2711 Ratio
675 2678 854 2719 consistit,
892 2678 1180 2721 quemadmodum
1208 2678 1311 2711 etiam
1340 2678 1515 2720 quinarius

108 2745 153 2769 ex
182 2734 339 2776 binario,
368 2735 589 2777 ternarioque
620 2739 785 2768 constans
802 2736 955 2779 ipsorum
976 2736 1099 2768 binarii
1130 2746 1172 2769 ac
1194 2735 1337 2769 ternarii
1358 2745 1515 2777 propago

106 2795 180 2835 est,
210 2792 246 2825 in
265 2791 387 2834 quibus
405 2791 511 2825 Ratio
528 2791 763 2834 Sesquialtera
789 2792 932 2835 primum
962 2792 1146 2835 reperitur.
1205 2792 1274 2829 Qui
1295 2795 1410 2825 autem
1428 2791 1513 2825 Ses-

106 2848 305 2902 quitertium
325 2848 470 2882 fundum
488 2852 705 2894 convertunt,
736 2850 981 2884 convenienter
1005 2848 1071 2884 hoc
1088 2853 1210 2893 agunt.
1268 2847 1512 2892 Pythagoreo—
