1764 3176
516 189 840 233 CIVITAS
883 188 1007 231 LIB.
1031 188 1165 231 V1111.
1189 192 1257 229 579

1477 189 1560 230 137

183 299 335 351 οὐσίας
370 314 416 343 τε
454 302 529 346 καὶ
565 305 655 346 τῶν
695 302 907 352 οἰκετῶν,
949 299 1066 344 ὅπου
1117 298 1241 356 αὐτῷ
1285 299 1434 356 μηδεὶς
1471 301 1560 342 τῶν

181 368 425 423 ἐλευθέρων
456 370 604 427 μέλλοι
637 368 899 427 βοηθήσειν,

931 368 978 412 ἐν
1006 369 1120 424 ποίῳ
1152 367 1208 412 ἄν
1237 385 1324 411 τινι
1352 367 1428 411 καὶ
1458 366 1562 411 ὁπό-

182 450 244 495 σῳ
274 435 401 493 φόβῳ
443 439 525 481 οἴει
553 438 759 493 γενέσθαι
799 435 939 481 αὐτόν
981 437 1079 490 περί
1107 452 1152 479 τε
1183 435 1322 480 αὑτοῦ
1352 436 1426 480 καὶ
1455 437 1560 479 παί-Ὦ

180 507 272 549 δων
316 506 389 549 καὶ
429 504 662 562 γυναικός,
706 505 765 562 μή
818 504 1054 550 ἀπόλοιντο
1095 502 1180 547 ὑπὸ
1225 508 1313 547 τῶν
1362 506 1563 555 οἰκετῶνς

177 571 250 616 Ἐν
278 574 434 626 παντὶ,
474 568 502 629 ἦ
547 572 591 617 δ’
634 572 707 627 ὃς,
746 575 891 631 ἔγωγε.

180 658 303 692 τινας
342 640 425 699 ἤδη
464 642 685 685 θωπεύειν
725 640 872 685 αὐτῶν

182 714 288 753 σθαι
316 709 455 754 πολλοὶ
492 711 566 754 καὶ
596 711 860 764 ἐλευθεροῦν

968 570 1148 618 Οὐκοῦν
1180 569 1464 627 ἀναγκάζοιτο
1507 570 1563 615 ἄν
1589 579 1655 615 579

907 645 997 685 τῶν
1028 639 1200 684 δούλων
1237 640 1311 683 καὶ
1347 639 1566 696 ὑπισχνεῖ-

899 708 1029 753 οὕδὲν
1060 707 1290 763 δεόμενος,
1330 709 1401 750 καὶ
1432 707 1566 759 κόλαξ

184 775 317 828 αὐτὸς
337 776 392 820 ὂίν
408 778 696 832 θεραπόντων
717 777 981 834 οἶναφανείης
1008 776 1154 833 Πολλὴ
1172 774 1351 830 ἀνάγκη,
1376 775 1473 831 ἔφη,
1494 772 1568 818 αὕ-

182 849 257 903 τῷ,
279 846 309 903 ἦ
330 843 611 890 ἀπολωλέναι.
659 849 711 890 Τί
734 846 791 899 δ’,
811 849 846 890 εἰ
868 847 939 890 καὶ
961 845 1133 895 ἄλλους,
1155 839 1210 900 ἦν
1235 843 1276 887 δ’
1299 842 1395 898 ἐγώ,
1421 843 1444 886 ὁ
1465 843 1568 894 θεὸς

183 912 332 971 κύκλῳ
355 916 613 958 κατοικίσειε
635 916 831 970 γείτονας
852 915 1043 965 πολλοὺς
1063 911 1194 972 αὐτῷ,
1217 916 1260 956 οἳ
1281 911 1336 967 μὴ
1369 910 1567 967 ἀνέχοιν-

184 998 260 1035 το,
292 984 332 1026 εἵ
358 999 422 1034 τις
451 983 580 1035 ἄλλος
609 982 744 1027 ἄλλου
775 983 997 1035 δεσπόζειν
1029 980 1154 1034 ἀξιοῖ,
1181 979 1277 1024 ἀλλ’
1307 982 1346 1023 εἴ
1361 979 1448 1023 πού
1469 997 1568 1023 τινα

184 1053 392 1094 τοιοῦτον
411 1049 689 1107 λαμβάνοιεν,
707 1057 801 1103 ταῖς
821 1050 1017 1106 ἐσχάταις
1037 1055 1297 1106 τιμωροῖντο
1316 1050 1565 1105 τιμωρίαις,-

185 1199 323 1244 ingenui
344 1199 473 1244 desint,
496 1212 518 1239 a
538 1201 658 1246 quibus
687 1201 847 1235 auxilium

185 1251 295 1290 petat,
313 1246 481 1280 nonnullis
500 1259 542 1280 ex
565 1259 738 1281 servorum
754 1248 846 1292 ipso-

186 1303 282 1334 rum,
307 1303 392 1345 quos
426 1292 542 1336 timet,
565 1305 703 1328 numero
727 1295 847 1328 adula-

185 1336 218 1374 ri
242 1337 387 1382 cogitur.

232 1427 431 1485 δεόμενος]
459 1427 647 1475 ὁθόμενος
675 1430 776 1465 Vind.
802 1430 845 1465 Ε.

185 1473 406 1519 δεομένους,
440 1477 530 1521 quod
554 1478 780 1511 Prinstererio
812 1481 847 1511 et

185 1522 283 1555 Astio
316 1521 350 1555 in
381 1525 461 1556 tert.
495 1525 722 1568 reponendum
752 1523 846 1557 vide-

186 1568 302 1609 batur,
324 1567 477 1612 ineptum
500 1573 563 1603 est
624 1570 713 1604 Nam
738 1569 766 1603 si
792 1580 847 1602 res

187 1626 228 1647 eo
251 1613 365 1655 venit,
386 1620 425 1648 ut
448 1615 557 1649 sexvis
580 1615 647 1649 iam
672 1628 738 1649 non
763 1626 848 1660 opus

188 1659 234 1693 sit
264 1660 521 1694 manumissione
553 1667 695 1715 „utpote
727 1673 848 1706 reapse

189 1705 444 1759 solitudinisque
467 1708 722 1751 opportunitate
744 1707 850 1740 liber-

189 1755 296 1785 tatem
320 1751 385 1785 iam
410 1752 568 1797 adeptis‚‘
571 1756 580 1772 ‘
606 1765 648 1787 ne
673 1755 754 1786 hero
772 1752 850 1797 qui-

190 1797 265 1830 dem
288 1802 373 1842 opus
398 1803 450 1832 est
478 1803 518 1831 ut
541 1799 583 1832 ad
608 1811 665 1832 eos
691 1810 849 1832 coercen-

189 1843 252 1877 dos
274 1843 364 1877 illam
395 1844 536 1878 aliamve
558 1845 651 1878 ineat
673 1845 848 1879 rationem.

188 1889 300 1924 Recte
323 1900 404 1923 vero
429 1887 540 1924 οὐδὲν
565 1889 740 1934 δεόμενος
764 1891 848 1924 libe-

189 1946 268 1969 rare
291 1935 454 1980 quosdam
477 1936 615 1977 dicitur,
640 1937 742 1982 quia,
765 1948 849 1982 qua-

188 1992 262 2016 rum
295 1993 407 2015 rerum
440 1993 562 2016 caussa
596 1984 669 2017 heri
703 1982 849 2016 liberare

189 2038 308 2061 servos
331 2030 461 2071 solent,
493 2040 609 2063 earum
632 2029 723 2062 nulla
756 2029 788 2062 ei
812 2031 851 2061 ut

188 2073 278 2107 idem
301 2074 409 2108 faciat
430 2075 626 2119 persuadet,
647 2075 706 2109 sed
730 2075 851 2108 timore

189 2122 321 2153 tantum
352 2121 543 2166 compulsus
571 2126 607 2155 et
637 2126 777 2155 coactus
808 2120 850 2154 li-

189 2166 358 2199 bertatem
383 2166 433 2199 eis
458 2167 573 2201 offert.
622 2167 682 2201 Sic
711 2167 851 2200 Plutar-

191 2211 274 2244 chus
302 2210 337 2244 in
366 2211 437 2246 vita
460 2212 541 2247 Tib.
567 2212 719 2247 Gracchi
744 2225 773 2247 c.
794 2214 850 2247 21

191 2256 234 2290 de
248 2257 406 2314 Scipione
426 2258 572 2292 Nasica.
598 2259 749 2293 δείσασα
767 2258 850 2301 περὶ

191 2302 260 2337 τοῦ
287 2300 428 2346 ἀνδρὸς
455 2300 478 2348 ἠ
510 2303 623 2360 βουλὴ
648 2305 850 2360 ψηφίζεται

191 2346 306 2405 μηδεν
329 2347 493 2406 δεομένη
533 2350 689 2394 πέμπειν
731 2348 850 2385 αὐτὸν

193 2394 246 2434 εἰς
268 2391 395 2429 Ἀσίαν.
414 2416 460 2421 -
484 2397 584 2437 Quod
609 2398 651 2430 ad
675 2396 851 2430 lectlonem

191 2439 316 2474 codicis
346 2441 447 2476 Vind.
471 2443 513 2476 Ε.
539 2443 681 2484 attinet,
703 2444 851 2476 fortasse

191 2486 358 2543 glossema
381 2493 435 2520 est
451 2500 492 2521 ex
509 2489 645 2523 Home!
637 2501 711 2522 icae
734 2489 852 2522 dictio-

191 2532 243 2566 nis
279 2530 348 2567 οὐκ
373 2529 515 2578 ὄθομαι
537 2536 772 2570 recordatione
796 2546 851 2568 or-

192 2583 286 2620 tum,
309 2590 409 2633 quum
443 2581 563 2626 aliquis
594 2581 690 2615 ιειὶιί
721 2578 853 2623 δέομαι

192 2624 471 2668 significationem
502 2628 534 2660 h.
560 2627 580 2662 l.
613 2627 752 2661 eandem
778 2638 853 2660 esse

193 2674 372 2725 statueret,
397 2683 497 2727 quam
519 2673 553 2706 in
578 2673 720 2707 formula
742 2669 852 2706 ουδεν

192 2728 265 2760 γαρ
291 2726 356 2750 σου
381 2715 514 2761 δέομαι
537 2719 686 2763 Euthyd
716 2730 749 2774 p.
773 2718 852 2753 296.

193 2764 236 2796 Β.
259 2763 414 2805 haberet,
434 2764 526 2798 cuius
550 2767 625 2798 loco
651 2761 761 2798 ου’ὁεν
781 2761 851 2808 γάρ

194 2818 261 2842 σου
294 2790 436 2853 ὄθομαι
463 2811 644 2844 secundum
671 2811 853 2844 Homerum

193 2854 260 2889 dici
291 2856 442 2901 potuisse
474 2856 660 2891 videretur.
686 2876 731 2890 -.-
774 2857 852 2889 Ste-

420 2933 441 2940 ι

903 1203 1037 1248 phanus
1070 1200 1112 1234 ad
1146 1197 1321 1243 δεόμενος
1354 1197 1484 1242 signum
1514 1198 1567 1231 in-

903 1248 1102 1292 terrogandi
1126 1246 1296 1292 apposuit.

948 1301 972 1349 ἢ
1001 1302 1253 1347 απολωλέναι]
1290 1303 1357 1336 Pro
1382 1314 1405 1346 η
1432 1300 1517 1334 Lob.
1543 1293 1569 1344 ἦ

902 1351 1006 1396 idque
1030 1350 1090 1383 int.
1114 1362 1206 1383 vers.
1233 1350 1347 1382 habet.

949 1405 1014 1450 δ’,
1040 1407 1092 1452 εἰ]
1119 1407 1178 1441 δεῖ
1199 1405 1299 1441 Vind.
1322 1406 1362 1440 F.

951 1473 1101 1521 ἄλλους]
1128 1472 1218 1519 ἄλλη
1243 1474 1341 1508 Vind.
1368 1474 1412 1508 E.

951 1543 1085 1592 κύκλῳ]
1110 1542 1231 1579 κύκλω
1256 1543 1332 1577 Ald.

951 1614 1183 1658 κατοικίσειε]
1208 1614 1261 1647 Ita
1284 1612 1370 1646 Lob.
1395 1611 1496 1647 Vind.
1526 1612 1573 1646 Ε.

907 1661 1015 1704 (Flor.
1029 1661 1190 1702 CTUV.)
1201 1660 1396 1703 Stephanus
1406 1665 1440 1691 et
1451 1671 1571 1692 recen-

906 1708 1023 1741 tiores.
1063 1705 1329 1747 ,,κατοικίσειεν
1354 1716 1428 1738 cum
1449 1705 1570 1749 steph.

908 1755 1000 1788 Mon.
1033 1752 1072 1785 Β.
1109 1753 1188 1786 Vat.
1225 1752 1299 1792 M,
1322 1761 1572 1794 κατοικησειεν

906 1811 981 1832 cum
1015 1798 1028 1832 ί
1052 1809 1208 1842 supero]
1185 1799 1311 1840 ⁷7·V³t
1346 1797 1389 1829 H.
1402 1822 1411 1838 ‚
1446 1809 1574 1830 κατοι-

906 1855 1060 1898 κησειεν
1074 1843 1190 1877 ceteri.
1193 1847 1216 1862 “
1264 1843 1334 1876 Sed
1360 1843 1392 1876 in
1418 1843 1509 1877 Mon.
1530 1844 1571 1876 B.

905 1887 1135 1933 κατοικήσειε
1171 1900 1246 1923 cum
1269 1889 1372 1922 litura
1406 1889 1441 1922 in
1474 1901 1496 1932 η
1522 1889 1573 1923 ita

905 1936 1071 1980 scriptum
1096 1940 1170 1977 est,
1197 1939 1236 1968 ut
1258 1947 1281 1979 η
1307 1935 1484 1991 perspicue
1511 1947 1573 1979 ap-

906 1987 1040 2036 pare-at,
1067 1994 1089 2016 ν
1115 1979 1376 2025 ἐφελκυστικὸν
1400 1993 1481 2015 νου)
1507 1993 1572 2015 ιιοιι

906 2028 1028 2072 magis,
1048 2040 1147 2072 quam
1172 2028 1208 2061 in
1232 2027 1398 2072 Stephani
1421 2027 1572 2061 editione

907 2078 967 2109 aut
999 2075 1033 2108 in
1057 2075 1157 2108 Vind.
1182 2075 1220 2108 B.
1260 2078 1393 2115 exstat,
1426 2073 1459 2106 in
1491 2085 1570 2118 quo,

906 2126 946 2154 ut
985 2120 1019 2154 in
1053 2121 1131 2155 Par.
1163 2121 1208 2155 K.
1244 2131 1313 2153 sec.
1348 2120 1423 2164 Bip.
1468 2122 1503 2152 et
1537 2119 1571 2153 in

907 2167 1002 2202 Flor.
1039 2167 1112 2200 AR.
1149 2172 1184 2200 et
1226 2166 1258 2199 in
1293 2166 1367 2198 Ald.
1405 2166 1482 2199 Bas.
1516 2166 1571 2199 ab.

907 2210 1137 2292 'thgmssifififfi
1194 2212 1331 2257 legitur.
1398 2209 1571 2256 κατοικήε

942 2271 975 2291 1ss
1002 2284 1010 2292 .
1067 2284 1076 2294 ο

955 2325 1014 2372 οἳ]
1053 2326 1089 2361 οἱ
1113 2327 1213 2362 Vind.
1239 2321 1333 2369 Ea'y'
1360 2326 1438 2359 Vat.
1465 2326 1510 2361 H.
1537 2324 1575 2360 οἳ

909 2369 956 2407 ἂν
979 2375 1064 2408 Ven.
1089 2374 1131 2407 B.
1157 2384 1232 2407 cum
1256 2372 1356 2406 editis
1380 2377 1459 2406 ante
1484 2373 1574 2406 Bek-

907 2420 1036 2453 kerum.

955 2483 1083 2531 ἄλλον]
1109 2483 1192 2521 ἄλλ’
1219 2483 1266 2521 ου’
1290 2486 1390 2523 Vind.
1409 2488 1450 2521 F.
1478 2483 1574 2521 ἄλλω

909 2535 994 2578 Ang.
1019 2535 1060 2567 Β.

956 2598 1195 2646 λαμβάνοιεν]
1219 2598 1435 2646 λαμβάνοι’
1419 2614 1457 2635 εν
1470 2603 1500 2637 V
1503 2602 1574 2635 ind.

909 2652 947 2683 F.
973 2654 1009 2682 et
1034 2652 1112 2681 ante
1137 2659 1225 2681 corr.
1250 2648 1292 2680 B.
1318 2649 1403 2692 Ang.
1420 2650 1460 2681 B.
1487 2649 1573 2691 λαμ-

911 2691 1070 2749 βανάνοι
1117 2690 1156 2726 ἐν
1190 2693 1282 2727 Mon.
1317 2694 1356 2728 B.
1397 2706 1418 2728 a
1451 2706 1491 2727 ιιι.
1523 2705 1573 2739 pr.

911 2739 1062 2786 λα’βοιεν
1089 2740 1180 2773 Flor.
1206 2741 1250 2775 T.

956 2807 1171 2853 τιμωρίαιςς
1189 2805 1283 2854 ’Έτι]
1306 2808 1507 2853 τιμωρίαις,
1523 2806 1576 2842 ἔτι

911 2854 986 2889 Ald.
