1764 3176
289 125 449 150 Lxxllu
735 110 1267 153 PRAEFATIO

289 229 385 277 dus,
440 240 519 279 quo
551 226 732 268 Friesius
769 242 977 269 numerum
1020 243 1136 270 suum
1172 245 1195 270 a
1221 230 1390 271 Platone
1430 232 1681 284 designatum

289 320 476 359 ostendit.
548 319 654 358 Eum
683 320 761 360 dici
795 323 951 370 statuit,
988 323 1030 361 in
1061 335 1140 374 quo
1178 323 1308 374 primo
1331 323 1561 373 quadratum
1582 336 1678 375 pro-

286 412 479 450 ducentes
504 414 545 451 et
563 411 692 451 alieno
714 413 883 464 imperio
905 414 1109 454 subiectae
1132 413 1483 465 multiplicationes
1509 419 1590 454 tres
1613 429 1679 454 re·

283 504 502 556 petitiones
534 507 574 542 et
599 508 770 554 quatuor
791 506 983 544 terminos
1004 510 1144 545 nactae
1166 506 1298 544 omnia
1329 506 1458 544 simile
1480 505 1542 544 vel
1560 506 1678 544 dissi·-

283 595 378 634 mile
399 596 601 647 gignentia
621 597 832 647 omniaque
863 598 1045 648 augentia
1080 601 1120 636 et
1143 597 1408 636 deminuentia
1444 598 1484 635 in
1507 610 1676 636 concor-

283 686 388 725 diam
415 687 598 739 redigant
636 690 756 738 atque
800 689 969 727 invicem
1008 689 1181 728 effabilia
1206 688 1386 728 reddant.
1426 684 1486 739 (in
1526 685 1678 737 meldyet

282 774 398 832 guerst
427 777 461 819 b.
495 777 533 828 ἰ).
565 775 696 827 melche
717 774 774 820 bie
794 775 937 830 fleinste
957 778 1054 829 gab!
1072 776 1139 831 ist,
1177 775 1217 820 in
1238 779 1301 821 bet
1328 775 1392 820 ίηέ
1413 776 1603 821 Ξιιαδταΐ
1624 790 1675 820 er:

278 866 440 919 bebenbe
486 868 565 909 unb
626 866 845 919 hebettsdne
892 869 1209 924 §Betmebtungen
1263 867 1674 924 (ἐῢίαῐῐίρῐίεαῐίοηεη)

277 956 356 1002 ‘orei
376 956 722 1014 {Bieberbotungen
756 961 834 1002 unb
867 958 945 1003 niet
976 960 1154 1016 &reuben
1178 958 1411 1017 (terminos)
1436 958 1674 1003 hefommenb

279 1050 376 1093 0112ss
407 1046 551 1102 abund>
589 1052 675 1094 obet
705 1047 907 1103 unffibnlicb
935 1049 1129 1102 hilbenbe,
1179 1051 1275 1094 0112ss
1305 1052 1564 1104 vermentenbe
1593 1053 1672 1094 unb

277 1139 561 1185 verminbembe
590 1140 815 1194 beiteunben
844 1144 922 1186 unb
954 1141 1123 1187 rational
1153 1155 1268 1198 gegen
1291 1141 1466 1186 einunbet
1485 1141 1671 1197 macheu.)

272 1235 439 1275 Scilicet
477 1228 671 1294 αὔξησιν
709 1233 1127 1296 δυναστευομένην
1168 1251 1262 1277 esse
1292 1237 1461 1276 duorum
1492 1238 1670 1277 diverso⁶

273 1340 361 1366 rum
384 1340 642 1367 numerorum
661 1328 1056 1380 multiplicationem,
1090 1343 1191 1381 qnae
1216 1329 1383 1369 alterum
1404 1329 1565 1368 alterius
1590 1330 1670 1368 im-

274 1420 391 1472 perio
426 1418 631 1468 subiiciat,
667 1420 789 1459 veluti
820 1433 942 1471 quum
974 1434 997 1460 e
1029 1422 1207 1472 quinario
1245 1420 1544 1472 quadruplicato
1569 1434 1667 1472 pro-
1737 1469 1739 1472 v

274 1511 367 1550 deat
391 1512 637 1560 vicenarius,
675 1513 742 1563 qui
773 1513 947 1564 quinque
969 1513 1086 1552 simul
1114 1517 1154 1553 et
1174 1518 1344 1565 quatuor
1361 1513 1540 1564 partibus
1566 1526 1665 1553 con·

273 1607 384 1643 stans
426 1604 789 1655 quinquepartitum
817 1599 910 1657 (ῠαῧ
932 1598 1185 1658 fsxnftbeilige)
1219 1608 1362 1656 utpote
1392 1604 1472 1643 iam
1507 1605 1665 1656 quadri-

274 1697 463 1749 partitum
498 1695 698 1734 redditum
723 1696 974 1746 quaternario
1003 1696 1227 1735 subiectum
1257 1696 1454 1735 exhibeat.
1531 1693 1667 1754 Τρεῖς

274 1777 692 1842 οἷποκᾳταστοέσεις
719 1790 851 1826 autem
885 1783 1009 1841 (hanc
1048 1789 1153 1827 enim
1180 1788 1396 1827 lectionem
1429 1786 1665 1838 praeferen-

274 1879 365 1918 dam
386 1873 501 1932 esse)
529 1878 805 1930 metaphorice
824 1878 903 1917 dici
924 1881 1006 1917 tres
1026 1878 1217 1931 deinceps
1245 1878 1507 1918 instituendas
1531 1879 1665 1918 mulii-

273 1971 512 2023 plicationes
554 1983 627 2009 seu
657 1970 995 2022 multiplicationis
1037 1971 1323 2022 repetitiones,
1368 1982 1443 2022 per
1485 1983 1583 2021 quas
1616 1983 1665 2010 ex

274 2066 445 2115 quatuor
474 2061 654 2101 terminis
686 2063 843 2101 numeri
869 2063 993 2101 totius
1031 2062 1332 2101 fundamentum
1369 2062 1664 2101 continentibus

273 2155 446 2206 primum
466 2154 620 2193 numeri
639 2153 796 2205 quidam
816 2155 990 2194 minores
1014 2155 1250 2201 efficiantur,
1275 2154 1341 2204 qui
1364 2153 1510 2193 deinde
1532 2154 1664 2205 ipsum

272 2259 482 2285 numerum
520 2245 632 2285 5040
664 2247 898 2299 producant.
979 2246 1106 2286 Porro
1138 2246 1332 2284 terminos
1365 2245 1455 2284 illos
1494 2249 1664 2296 quatuor

270 2350 363 2377 esse
397 2338 637 2387 ternarium,
689 2340 1002 2390 quaternarium,
1049 2337 1268 2390 quinarium
1309 2340 1350 2376 et
1378 2339 1661 2389 septenarium,

269 2442 439 2481 quorum
461 2431 613 2482 primus
650 2434 690 2470 et
725 2431 825 2471 alter
845 2434 974 2471 semet
1007 2430 1106 2482 ipsi,
1142 2428 1284 2468 tertius
1307 2432 1447 2479 quarto
1467 2429 1658 2482 multipli-

271 2521 348 2560 cati
373 2534 563 2561 numeros
589 2535 757 2571 novem,
790 2523 968 2562 sedecim
1003 2526 1043 2561 et
1073 2522 1232 2574 triginta
1266 2521 1441 2573 quinque
1468 2521 1658 2569 efficiant,

271 2624 320 2652 ex
342 2612 483 2664 quibus
503 2613 670 2654 invicem
689 2615 957 2667 multiplicatis
979 2615 1145 2654 exsistat
1162 2626 1351 2652 numerus
1372 2612 1496 2653 5040.
1568 2613 1656 2652 Ho-

268 2716 357 2744 rum
384 2705 644 2746 terminorum
674 2711 756 2747 tres
787 2707 944 2759 priores
977 2706 1209 2746 nominatim
1237 2706 1401 2745 indicari
1430 2705 1561 2745 verbis
1592 2697 1657 2746 ὦν

270 2792 348 2850 (sc.
377 2790 523 2856 ὅρων)
548 2792 791 2858 ἐπίτριτος
811 2789 1012 2856 πυθμήν
1035 2788 1252 2855 πεμπάδι
1279 2790 1516 2853 συζυγείςς
1549 2796 1653 2837 radi-
