1764 3176
11 1196 50 1237 D

413 197 740 239 CIVITAS
789 198 910 241 LIB.
952 197 1066 240 VllI.
1096 203 1164 238 556

1415 201 1473 240 53

89 308 293 364 ἄρχοντες
321 308 395 351 καὶ
425 310 469 352 οἷ
499 308 734 365 ἀρχόμενοι
762 309 791 364 ἢ
821 309 869 352 ἐν
898 307 1020 352 ὁδῶν
1049 309 1247 362 πορείαις
1272 306 1303 364 ἦ
1331 307 1379 350 ἐν
1400 305 1469 350 ἀλ-

86 381 181 428 λαις
208 377 295 420 τισὶ
323 379 596 428 κοινωνίαις,
626 376 656 432 ἢ
683 375 793 420 κατὰ
821 376 1013 430 θεωρίας
1041 376 1071 432 ἢ
1098 376 1208 419 κατὰ
1232 377 1470 431 στρατείας,

84 443 116 501 ἦ
145 443 329 500 ξύμπλοι
367 443 619 500 γιγνόμενοι
648 443 677 500 ἢ
705 446 1042 498 ξυστρατιῶται,
1079 443 1108 500 ἢ
1136 445 1209 488 καὶ
1239 445 1285 488 ἐν
1315 442 1470 496 αὐτοῖς

81 516 175 563 τοῖς
215 509 446 564 κινδύνοις
482 511 699 568 ἀλλήλους
739 511 959 568 θεώμενοι
997 514 1176 569 μηδαμῇ
1214 511 1352 569 ταύτῃ
1382 528 1461 556 κα·
1494 513 1532 554 D

82 583 394 636 ταφρονῶνται
425 582 471 624 οἱ
497 580 678 636 πένητες
712 578 799 624 ὑπὸ
831 584 920 624 τῶν
949 582 1198 632 πλουσίων,
1230 578 1339 624 ἀλλά
1368 584 1469 624 πολ-

72 646 206 699 λάκις
243 648 389 704 ἰσχνὸς
429 646 540 704 ἀνὴρ
579 647 735 706 πένης,
776 647 1036 704 ἡλιωμέιος,
1089 648 1386 705 παραταχθεὶς
1421 648 1468 692 ἐν

80 715 197 772 μάχῃ
236 717 434 760 πλουσίω
479 714 866 773 εσκιατροφηκότι,
917 717 1083 768 πολλάς
1121 717 1263 772 ε’χοντι
1302 715 1468 770 σάρκας

81 781 333 840 ἀλλοτρίας,
371 786 447 842 ἰ’δῃ
493 782 720 841 ἄσθματός
763 799 808 826 τε
846 785 920 828 καὶ
962 784 1148 840 ἀπορίας
1176 783 1356 840 μεστὸν,
1388 782 1466 838 ἀρ’

81 853 164 897 οἴει
202 851 339 897 αὐτόν
381 851 462 909 οὐχ
508 852 713 909 ἡγεῖσθαι
751 853 883 910 κακίᾳ
931 869 983 909 τῃ
1025 851 1214 910 σφετέρᾳ
1259 856 1467 896 πλουτεῖν

81 1002 165 1036 Ven.
199 1002 239 1036 B.
286 1002 366 1036 Par.
400 1001 476 1036 DK.
520 1013 589 1038 sec.
632 1003 740 1036 Bekk.

82 1049 268 1083 exercitum
295 1047 369 1082 Fic.

125 1094 427 1138 ξυστρατιῶται]
495 1104 593 1128 συστ.

80 1140 180 1176 Vind.
206 1141 313 1175 BEF.
345 1140 438 1174 Flor.
468 1140 579 1173 RTV.

125 1197 302 1243 μηδαμῇ]
327 1196 479 1242 μηδαμὴ
505 1198 605 1233 Vind.
618 1198 656 1231 F.
677 1195 740 1232 ου’-

81 1243 180 1288 δαμῆ
205 1244 292 1278 Lob.
318 1245 398 1279 vat.
422 1244 470 1278 M.

77 1292 468 1371 ..233200—91‘333v‘333
499 1335 548 1369 M.
591 1335 672 1369 Bas.
704 1335 738 1369 b.

75 1382 192 1416 Etiam
222 1381 357 1415 Ficinus
387 1382 474 1415 haec
504 1392 567 1426 pro
599 1381 739 1426 apodosi

75 1427 206 1463 habuit.
514 1468 517 1471 ,

123 1470 226 1530 ὑπὸ]
251 1470 328 1507 ἀπὸ
357 1474 458 1508 Vind.
476 1473 515 1506 F.

124 1516 239 1575 ἀλλὰ]
267 1516 352 1552 ἀλλ’
377 1515 424 1553 ἄν
451 1519 536 1553 Lob.
559 1519 640 1554 vat.
665 1519 713 1552 Μ.

124 1563 268 1622 ἰσχνὸς]
295 1565 395 1608 ἴχνος
417 1565 519 1601 Vind.
543 1565 588 1599 F.

124 1609 244 1656 ἀνὴρ]
288 1609 408 1656 ἀνὴρ,
452 1611 618 1645 editiones
660 1616 740 1645 ante

77 1658 282 1692 Bekkerum.

123 1711 348 1759 ἡλιωμένος]
373 1712 621 1758 ἠλλοιωμένος
636 1713 736 1749 Vind.

77 1761 119 1795 F.
142 1761 221 1795 Par.
238 1761 282 1794 K.
307 1772 375 1794 sec.
399 1761 509 1796 Bekk.

123 1828 402 1873 παραταχθεὶς]
427 1828 635 1872 παραχθεὶς
644 1829 738 1862 Mon.

77 1877 118 1910 Β.
144 1877 224 1911 Par.
249 1876 325 1909 DK.
348 1874 549 1919 ταραχθεὶς
576 1875 667 1908 Flor.
692 1876 737 1908 U.

124 1941 430 1988 ἐσκιατροφηκότι
441 1945 454 1986 ]
478 1945 534 1977 Ita
542 1944 621 1978 Par.
630 1944 738 1978 ADK.

77 2003 146 2026 sec.
170 1991 280 2025 Bekk.
305 1990 403 2024 Vind.
425 1990 469 2024 F.
496 1990 587 2024 Mon.
598 1991 639 2024 B.
658 1990 738 2023 vat.

76 2038 119 2072 B.
139 2038 225 2072 Ven.
251 2037 292 2070 C.
318 2036 500 2071 Flor.UV.
526 2033 739 2079 ἐνσκιατρα-

78 2080 217 2128 φηκότι
239 2084 327 2126 Ang.
352 2083 393 2117 Β.
427 2079 739 2126 ἐσκιατραφηκότι

76 2129 202 2174 reliqui
237 2129 373 2163 codices
408 2134 443 2162 et
475 2129 554 2164 Ald.
577 2130 657 2163 Bas.
682 2129 738 2163 ab.

77 2176 198 2220 steph.
237 2176 313 2209 Ast.
352 2174 446 2208 cuius
483 2176 615 2208 foxmae
648 2176 738 2220 apud

77 2222 240 2266 probatos
257 2221 442 2274 scriptores
457 2222 646 2265 exemplum
663 2223 739 2254 nul-

78 2268 145 2300 lum
170 2271 307 2300 exstare
332 2265 484 2301 videtur.
531 2267 620 2300 Nam
645 2267 739 2310 quod

78 2313 269 2346 Brunckius
304 2323 347 2345 ex
379 2312 571 2346 coniectura
604 2313 739 2346 Aristo-

78 2358 182 2412 phani
198 2359 320 2414 fragm.
333 2358 399 2392 inc.
412 2358 660 2394 LXXXVIIII.
674 2359 737 2392 im-

77 2404 219 2449 pertivit
246 2401 600 2461 ἐσκιατραφημέναι,
636 2417 736 2450 quum

78 2450 170 2505 apud
201 2449 339 2484 Suidam
375 2456 466 2484 esset
499 2448 738 2497 ἐσκιοτροφη-

77 2493 193 2540 μένα,
218 2507 317 2541 quam
340 2508 405 2530 non
434 2497 577 2531 feliciter
602 2498 737 2542 excogi-

77 2547 188 2576 tatum
211 2543 277 2584 sit,
300 2543 500 2577 monstravit
523 2545 569 2577 G.
589 2543 738 2577 Dindor-

78 2589 145 2622 fius
169 2587 205 2621 in
235 2568 409 2633 A’ristoph.
441 2589 562 2634 fragm.
595 2601 629 2634 p.
657 2591 738 2625 225.

76 2634 116 2668 In
141 2634 311 2668 Herodoti
333 2633 374 2667 L.
399 2635 475 2668 111.
496 2648 525 2668 c.
551 2637 605 2670 12.
630 2646 738 2691 σκιη-

77 2677 280 2735 τροφέουσι
303 2682 337 2714 et
356 2680 396 2714 L.
412 2680 470 2716 VI.
496 2683 598 2716 ·..12
623 2678 738 2725 ἐσκιη-

77 2723 283 2770 τροφέοντο
338 2727 481 2760 onmium
496 2705 738 2762 'consentiens

77 2775 131 2806 est
176 2773 368 2817 scriptura,
417 2777 520 2817 atque
563 2785 604 2808 ea
650 2773 738 2818 ipsa,

76 2830 165 2861 quae
207 2817 398 2851 Lobeckius
435 2822 676 2863 σκιατραφεῖν
717 2832 738 2854 a

78 2864 249 2899 Brunckio
281 2875 348 2898 non
379 2864 500 2900 iniuria
533 2866 624 2911 apud
648 2865 738 2900 Atti-

654 1095 741 1128 Lob.

549 1295 739 1332 καταφρο-

627 2946 658 2973 ‘0

800 1013 857 1035 cos
890 1001 1011 1035 saltem
1042 1001 1234 1047 praelatum
1267 1000 1466 1035 existimans

799 1048 843 1081 ad
867 1048 993 1091 Ρὴτμι.
1019 1060 1052 1093 p.
1078 1049 1157 1083 578.
1191 1047 1385 1091 congessit,
1411 1053 1466 1080 ta—

799 1094 890 1128 lia
876 1099 974 1136 r,‚unt
1009 1098 1048 1127 ut
1081 1096 1125 1128 ab
1158 1094 1328 1128 adiectivo
1364 1090 1464 1126 σκιά-

798 1151 937 1183 τροφος
959 1140 1092 1184 potius,
1127 1151 1226 1185 quam
1249 1151 1269 1173 a
1294 1149 1465 1181 σκιατρα-

797 1184 874 1228 φὴς
905 1186 1094 1219 derivatum
1126 1187 1267 1219 verbum
1305 1192 1464 1229 arguant.

795 1232 950 1276 Denique
975 1232 1127 1265 codicum
1159 1231 1348 1266 auctoritas
1381 1232 1414 1264 h.
1441 1230 1463 1264 1.

798 1282 895 1311 certa
915 1280 978 1312 est.

845 1321 983 1367 ἔχοντι]
1004 1321 1151 1367 ,ἔχοντα
1186 1323 1272 1357 Lob.
1305 1322 1399 1356 Mon.
1424 1321 1464 1355 B.

798 1370 883 1402 Ven.
912 1370 951 1403 C.
986 1370 1065 1404 Par.
1095 1370 1139 1404 D.
1179 1369 1258 1403 vat.
1292 1368 1340 1402 M.
1377 1370 1412 1401 et
1445 1379 1466 1402 a

798 1427 840 1449 m.
858 1427 919 1471 Pr.
945 1417 984 1449 B.

843 1461 1066 1507 αλλοτρίας]
1103 1460 1166 1495 καὶ
1208 1457 1243 1494 ἀ.
1287 1459 1390 1495 Vind.
1422 1459 1463 1493 F.

796 1508 884 1552 Aug.
909 1509 951 1543 B.

844 1563 931 1609 ἴδῃ]
957 1564 1034 1598 ἴδοι
1058 1564 1144 1599 Lob.
1170 1560 1242 1608 ἤδη
1270 1563 1368 1597 Vind.
1389 1562 1463 1596 EF.

797 1610 876 1654 (hic
909 1616 1034 1655 puncto
1075 1611 1214 1654 addito)
1260 1610 1338 1644 Vat.
1383 1609 1461 1642 BH.

795 1649 882 1692 Ven.
908 1657 945 1690 B.
971 1657 1050 1691 Par.
1072 1657 1115 1690 K.
1141 1668 1208 1690 sec
1239 1656 1351 1690 Bekk.
1374 1657 1463 1699 Ang.

794 1703 836 1736 B.
862 1703 959 1738 Flor.
982 1702 1124 1737 ACRT.
1148 1702 1270 1736 Stallb.
1296 1713 1347 1746 pr
1373 1701 1460 1743 „Vel

795 1744 869 1792 ἤδη
894 1749 1109 1782 scribendum
1132 1753 1238 1792 puto,
1270 1749 1344 1789 vel,
1376 1746 1462 1780 reti-

796 1795 906 1828 nendo
928 1794 1289 1851 136⁷]‚praefigendam
1310 1793 1358 1826 illi
1379 1804 1461 1838 par-

795 1841 930 1874 ticulam
961 1830 1052 1874 adv.-
1092 1844 1128 1874 et
1167 1840 1287 1886 μεστῷ
1327 1847 1461 1873 mutan-

796 1887 876 1920 dum
912 1886 947 1919 in
978 1883 1124 1929 μεστόν.
1170 1874 1314 1920 Utrovis
1348 1889 1462 1919 tamen

796 1933 894 1967 modo
918 1933 1052 1977 legatur
1085 1933 1138 1966 hic
1167 1933 1280 1972 locus,
1315 1931 1465 1965 manebit

795 1979 887 2023 quod
934 1980 988 2012 hic
1044 1985 1097 2012 est
1150 1975 1447 2012 ἀνακόλουθον.6

796 2026 917 2079 steph.
950 2025 985 2058 in
1008 2037 1052 2058 111.
1079 2025 1220 2059 Scificet
1252 2027 1331 2069 post
1352 2023 1462 2057 verba

796 2068 977 2115 ἀλλήλους
1011 2068 1197 2125 θεώμενοι
1221 2070 1462 2126 exspectaba-

795 2124 852 2150 tur
887 2117 1039 2162 μηδαμῇ
1075 2129 1126 2156 ως
1155 2114 1341 2160 πρότερον
1374 2114 1459 2158 περὶ

796 2160 961 2207 ἀλλήλων
1002 2163 1251 2205 διανοῶνται,
1293 2161 1347 2195 vel
1389 2163 1461 2195 tale

796 2210 896 2254 quid,
928 2210 1019 2255 quod
1053 2210 1096 2243 ad
1120 2215 1285 2253 utrosque
1309 2220 1348 2241 se
1369 2207 1460 2240 invi-

795 2268 867 2289 cem
891 2256 1137 2308 conspicientes
1166 2255 1375 2308 pertineret3
1399 2265 1460 2287 cu·

794 2302 847 2336 ius
894 2302 969 2335 loco
1007 2301 1124 2335 statim
1168 2301 1223 2333 div
1204 2300 1335 2333 visione
1366 2300 1460 2332 facta

795 2348 874 2392 quid
909 2348 974 2382 iam
1008 2348 1051 2381 de
1083 2346 1290 2392 pauperibus
1322 2345 1460 2388 divites,

794 2397 837 2427 de
882 2394 1045 2427 divitibus
1087 2404 1256 2438 pauperes
1297 2392 1459 2433 sentiant,

793 2441 951 2474 infertur.
1001 2439 1106 2472 Cuius
1130 2450 1196 2472 non
1212 2439 1457 2483 inconsequen—

793 2486 884 2526 tiae,
917 2486 976 2519 sed
1011 2485 1302 2530 breviloquentiae
1327 2483 1457 2536 signifi-

794 2533 922 2566 candae
955 2542 1077 2565 caussa
1107 2543 1212 2575 supra
1252 2534 1329 2575 post
1359 2527 1456 2563 θειό-

793 2589 900 2621 μενοι
929 2589 1058 2611 comma
1099 2577 1204 2610 etiam
1245 2589 1266 2610 a
1296 2576 1456 2609 Bekkero

794 2629 968 2658 servatum
992 2623 1125 2657 sustuli.

841 2679 1028 2726 ἀπορίας]
1064 2677 1239 2724 ἀπορίαις
1277 2678 1351 2713 Ald.
1376 2679 1456 2713 Bas.

795 2729 850 2762 ab.

839 2772 998 2817 μεστὸν]
1042 2773 1095 2806 Ita
1135 2773 1216 2806 Par.
1247 2771 1355 2805 ADK.
1388 2782 1457 2804 sec.

794 2820 903 2853 Bekk.
936 2820 1020 2852 Lob.
1054 2818 1151 2851 Vind.
1186 2817 1259 2851 BF.
1292 2817 1385 2850 Mon.
1414 2817 1454 2849 B.

796 2866 874 2900 vat.
901 2867 940 2901 B.
974 2866 1059 2901 Ven.
1086 2865 1127 2899 C.
1169 2865 1253 2908 Ang.
1279 2864 1321 2897 B.
1363 2862 1455 2897 Flor.
