1764 3176
411 200 696 244 clVlTA
716 200 746 241 s
791 189 1172 243 Llss.‘vm1.5so

1423 203 1507 244 145

122 313 222 369 ἔφη.
274 307 336 355 ςΗ
358 308 442 357 οὖν
468 310 858 368 προσαναγορεύω,
888 308 1035 363 εἷπον,
1065 308 1142 353 ἐάν
1171 326 1216 354 τε
1249 308 1505 354 λανθάνωσι

120 383 315 424 τοιοῦτοι
362 379 485 433 ὄντες
523 380 600 425 ἐάν
636 396 681 423 τε
720 377 779 434 μὴ
816 376 983 429 πάντας
1031 376 1300 434 ἀνθρώπους
1346 393 1390 422 τε
1431 377 1505 421 καὶ

120 447 280 502 θεούς;
321 447 712 505 Προσαναγόρευε,
757 446 854 502 ἔφη.

51 515 208 571 506μὲν
234 514 340 571 ἡμῖν
367 517 395 573 ἡ
426 516 643 568 ἀπόδειξις
670 517 748 571 μία
774 512 829 557 ἂν
859 515 937 570 ε’ίη.
998 515 1205 569 δευτέραν
1235 514 1280 558 δὲ
1311 515 1379 557 δεῖ
1404 513 1501 569 τήν·
1530 515 1569 557 D

754 583 826 632 Τίς
858 580 989 637 αὕτη,
1018 579 1213 636 Ἐπειδὴ,
1248 581 1392 636 ὥσπερ
1423 580 1503 626 πό-

119 585 189 635 δε,
221 582 300 627 ἐάν
332 601 373 627 τι
404 586 530 642 δόξῃ,
562 583 688 628 εἶναι.

928 445 1037 490 Εἶεν
1077 446 1154 502 δή,
1198 445 1347 490 εἷπον·
1392 445 1502 503 αὕτη

117 655 204 703 λις,
243 645 301 709 ἦν
340 651 384 696 δ’
414 651 520 707 ἐγώ,
565 650 770 708 διῄρηται
819 649 930 693 κατοὲ
971 652 1072 704 τρία
1114 651 1228 705 εἴδη,
1271 650 1387 692 οὕτω
1428 650 1503 693 καὶ

117 718 233 775 ψυχή
273 719 375 771 ἑνὸς
415 718 601 763 ἑκάστου
640 723 785 774 τριχῆ,
823 718 872 761 τὸ
922 717 1172 773 λογιστικόν
1214 716 1400 769 δέξεται,
1447 717 1503 768 ὡς

117 787 215 844 ἐμοὶ
243 789 384 841 δοκεῖ,
415 787 486 831 καὶ
517 785 669 842 ἑτέραν
699 786 935 840 ἀπόδειξιν.
986 788 1093 830 Τίνα
1123 785 1312 842 ταύτηνς
1348 784 1500 842 Τήνδε.

122 936 208 971 175.
236 933 448 980 ἀνάμεινον,
468 948 496 970 ω
519 934 693 980 δαιμόνι’,
712 934 779 971 ἐὰν

119 982 246 1038 ξυμβῶ
270 983 306 1016 τί
320 993 388 1017 σοι.
413 984 479 1037 Eq.
495 985 602 1018 1229:
627 996 689 1017 και
706 982 780 1027 μήν

122 1025 162 1061 σ’
195 1026 335 1072 ἐλέγξαι
373 1026 556 1073 βούλομαι
587 1030 778 1074 τεκμηρίῳ,

121 1073 161 1107 εί
183 1087 220 1107 τι
257 1074 437 1116 ξυνοίσεις
469 1075 538 1108 τοῦ
574 1076 670 1109 θεοῦ
700 1078 781 1114 τοῖς

119 1118 335 1163 θεσφάτοις.
401 1121 453 1154 Ad
487 1132 621 1154 sensum
665 1125 778 1155 tamen

119 1177 185 1199 non
210 1166 318 1200 minus
343 1171 459 1211 aptiun
482 1167 599 1208 fueiit,
626 1167 655 1201 si
680 1179 778 1211 prae-

120 1211 225 1245 dicati
269 1212 343 1246 vice
395 1214 557 1256 fungatur
598 1216 633 1245 et
679 1213 780 1253 idern,

119 1258 210 1306 quod
244 1259 278 1291 in
303 1258 438 1291 diction'
444 1260 505 1292 lxus
535 1255 650 1301 λέγειν
686 1257 721 1292 τὶ
745 1262 780 1292 et

122 1306 217 1337 εἰναι
241 1303 276 1337 τὶ
305 1304 485 1347 significet.
542 1304 647 1338 Simili
672 1305 779 1338 ambi-

121 1349 254 1404 gnitate
291 1361 394 1393 supra
425 1350 467 1384 L.
490 1349 518 1383 Ι.
562 1361 596 1394 p.
622 1350 701 1385 341.
728 1351 776 1383 B:

119 1393 216 1438 πρὸς
235 1407 355 1429 ταυτα
372 1393 570 1450 κακούργει
591 1394 653 1430 και
673 1406 778 1430 συκο-

120 1439 267 1484 φάντει,
292 1440 330 1474 εἴ
343 1453 378 1474 τι
398 1439 568 1476 δύνασαι.

167 1506 275 1554 εἶναι]
301 1510 429 1543 intueri
450 1509 528 1544 Fic.

166 1578 293 1622 τριχῆ]
325 1576 427 1622 τριχὴ
461 1578 559 1612 Vind.
596 1578 636 1612 F.
677 1578 779 1623 τριχῇ

119 1625 311 1666 Bekkerus,
327 1625 440 1659 Astius
463 1625 497 1658 in
520 1628 601 1658 tert.
620 1628 656 1658 et
674 1625 781 1658 Stall-

118 1670 283 1705 baumius.

166 1759 209 1795 τὸ
229 1759 432 1805 λογιστικόν
449 1760 604 1805 δέξεται]
632 1760 686 1795 Ita
700 1761 779 1795 Par.

118 1807 158 1841 A.
184 1806 391 1850 λογιστικὸν
413 1807 557 1850 δέξεται
581 1807 681 1840 Vind.
706 1808 779 1842 BF.

118 1854 198 1887 Vat.
224 1853 298 1887 BH.
324 1855 409 1887 Ven.
437 1855 477 1887 C.
510 1854 589 1887 Par.
615 1853 656 1887 D.
685 1854 778 1888 Flor.

116 1899 287 1932 ACRTV.
312 1897 526 1955 λογιστικόν.
553 1897 778 1956 (λογιστικὸν

117 1956 184 1978 sec.
209 1945 338 1989 Bekk)
360 1943 639 2000 ἐπιθυμητικὸν
666 1946 777 1999 θυμι-

117 1988 193 2024 κόν.
214 1988 392 2034 (θυμικὸν
410 2003 477 2025 sec.
488 1992 614 2046 Bekk.)
634 1988 778 2032 δέξεται

115 2036 195 2069 Par.
220 2036 261 2069 K.
287 2035 493 2081 λογιστικὴν
514 2035 658 2079 δέξεται
682 2038 776 2071 Flor.

116 2082 163 2115 U.
196 2085 231 2115 et
266 2088 345 2116 ante
378 2095 465 2116 corr.
496 2084 591 2117 Mon.
616 2084 656 2117 B.
682 2085 777 2126 λογι-

116 2125 218 2171 στικὴ
242 2126 385 2170 δέξεται
396 2129 483 2162 idem
506 2134 692 2162 correctus.
719 2127 777 2163 δέ·

116 2173 219 2215 ξεται
250 2175 373 2218 reliqui
397 2176 551 2215 codices,
576 2176 608 2208 h.
635 2188 664 2208 e.
690 2175 776 2210 Lob.

117 2219 196 2251 vat.
230 2219 280 2253 M.
326 2222 410 2255 Ven.
442 2222 483 2254 B.
527 2201 625 2253 Vind.
660 2221 701 2253 E.
743 2225 778 2254 et

117 2265 205 2308 Aug.
230 2265 270 2300 B.
296 2277 369 2299 cum
403 2266 516 2299 editis.
565 2266 700 2299 Ficinus
723 2269 778 2299 to-

117 2314 185 2343 tam
219 2308 326 2354 ῥῆσιν
367 2311 417 2345 sic
449 2312 635 2345 convertit:
679 2313 778 2346 Post-

117 2368 222 2401 quam
244 2358 347 2392 sicuti
363 2359 486 2391 civitas
507 2363 576 2392 tres
595 2359 631 2391 in
648 2359 777 2402 species

117 2404 232 2436 divisa
257 2409 327 2445 cst,
352 2405 403 2438 ita
424 2410 456 2438 et
477 2406 636 2448 cuiusque
656 2405 775 2438 anima

116 2450 294 2492 trifariam
319 2451 516 2492 dividant,
541 2456 579 2483 ut
607 2452 777 2484 arbitror.-

119 2499 222 2538 atque
244 2496 321 2530 hinc
349 2497 596 2531 demonstratio
624 2499 777 2531 secunda

119 2546 290 2575 nascetur.
333 2554 475 2587 quorum
510 2543 691 2576 verborum
722 2543 776 2576 vel

118 2585 262 2639 primum
304 2589 356 2621 vel
396 2589 575 2622 secundum
615 2589 774 2623 abundat.

118 2626 163 2663 τό
187 2630 389 2674 λογιστικόν
411 2635 545 2679 quidem
575 2635 609 2668 in
632 2646 692 2668 suo
718 2647 776 2668 co-

120 2674 196 2708 dice
219 2688 286 2710 non
306 2677 446 2721 invenit,
469 2683 504 2713 et
526 2681 699 2714 fatendum
723 2684 777 2715 est

119 2732 186 2754 non
209 2721 292 2755 adeo
316 2726 536 2759 necessarium
563 2738 650 2767 esse,
673 2730 712 2760 ut
736 2739 775 2761 eo

121 2770 248 2800 remoto
272 2779 388 2801 sensus
418 2782 484 2804 non
506 2771 690 2805 tolerabilis
716 2784 776 2806 ex-

119 2813 228 2847 sistat.
266 2812 488 2864 Quamquam
517 2818 591 2850 fore
622 2818 776 2862 suspica-

122 2868 194 2892 mur
219 2856 340 2900 quibus
372 2865 450 2902 post
482 2866 671 2905 promptum
693 2864 774 2898 illud

220 2914 426 2956 PLA'ronls
457 2917 530 2957 ΟΡ.
559 2918 596 2958 1]
601 2918 631 2959 Ι

838 940 873 970 et
904 935 1116 970 dubitatione
1158 947 1280 970 carens
1322 932 1501 979 δευτέραν

838 983 895 1016 δεῖ
917 980 1028 1026 τήνδε
1060 979 1155 1016 εἶναι
1188 982 1251 1015 hoc
1274 981 1425 1015 titubare
1448 981 1501 1014 vi-

837 1029 976 1062 deatur:
1002 1040 1055 1062 res
1075 1030 1181 1062 aliam
1199 1039 1351 1072 quoque,
1377 1032 1415 1060 ut
1434 1039 1502 1072 ego

837 1075 965 1118 opinor,
992 1075 1319 1108 demonstrationem
1348 1074 1501 1117 recipiet.

837 1120 992 1154 dictionis
1027 1132 1109 1154 vero
1142 1120 1368 1165 patrocinium
1394 1119 1502 1152 Stall-

836 1166 961 1200 baumii
1004 1167 1074 1200 tale
1117 1170 1189 1208 est,
1230 1170 1269 1199 ut
1297 1170 1501 1223 suspectam

837 1212 981 1245 reddere
1029 1212 1171 1256 cuipiam
1212 1211 1342 1256 possit·
1398 1211 1500 1254 εἴπερ

837 1254 1022 1300 ἐνδέχεται
1060 1258 1176 1292 τοῦτο
1223 1257 1415 1301 γίγνεσθαι
1458 1268 1501 1290 ex

835 1304 1015 1337 Phaedone
1047 1308 1218 1358 tamquam
1260 1303 1369 1337 simile
1412 1302 1502 1337 cita-

834 1349 895 1384 vit.
954 1349 1023 1383 Sed
1065 1348 1210 1391 δέξεται
1254 1361 1332 1403 per
1355 1361 1393 1383 se
1434 1360 1501 1382 non

834 1395 1065 1440 impmbantes
1109 1400 1144 1429 et
1175 1393 1218 1430 τὸ
1256 1395 1408 1439 πρᾶγμα
1443 1406 1502 1429 su-

835 1441 971 1475 baudiii
995 1453 1096 1497 posse
1126 1442 1350 1475 concedentes
1387 1444 1502 1474 tamen

836 1484 880 1521 τό
905 1485 1111 1530 λογιστικὸν
1133 1500 1194 1532 pro
1215 1488 1416 1532 glossemate
1439 1487 1501 1520 ab-

834 1533 1015 1566 iiciendum
1058 1545 1134 1567 esse
1175 1544 1348 1578 negamus.
1410 1533 1500 1566 Nam

837 1579 926 1624 quod
952 1579 1195 1613 Stallbaumius
1226 1583 1326 1624 putat
1357 1579 1498 1612 librario

838 1626 870 1658 id
908 1625 1043 1667 deberi,
1087 1626 1145 1670 qui
1177 1625 1360 1670 ellipticum
1394 1635 1501 1668 genus

837 1671 996 1714 loquendi
1028 1683 1093 1704 non
1127 1671 1324 1715 agnoverit,
1357 1671 1498 1715 primum

839 1718 989 1750 codicem
999 1717 1092 1750 illum
1102 1718 1244 1751 omnium
1255 1717 1385 1750 minime
1395 1717 1501 1750 inter-

838 1763 986 1806 polatum
1001 1775 1076 1796 esse
1089 1767 1234 1806 constat,
1258 1763 1379 1796 deinde
1391 1763 1501 1808 ipsum

835 1808 884 1842 ita
924 1812 976 1841 est
1011 1813 1258 1853 comparatum,
1293 1814 1334 1841 ut
1369 1808 1501 1842 facilius

836 1866 901 1887 non
926 1855 1067 1898 intelligi
1089 1856 1234 1900 ideoque
1259 1855 1381 1896 omitti,
1400 1866 1500 1899 quam

835 1900 982 1934 defectui
1007 1901 1192 1945 supplendo
1216 1901 1371 1950 idoneum
1390 1900 1499 1933 videri

835 1951 870 1979 et
893 1952 1076 1991 propterea
1101 1947 1201 1981 adiici
1225 1952 1351 1991 posset.
1399 1946 1500 1986 Quod

835 1992 864 2025 si
890 1993 960 2026 eius
985 1993 1057 2026 loco
1081 2006 1124 2027 το
1145 1993 1296 2037 πρᾶγμα
1314 1995 1499 2036 ἣξει-,εἴην

835 2043 894 2071 aut
922 2050 997 2071 eum
1027 2039 1168 2081 librum,
1200 2039 1234 2072 in
1265 2051 1331 2084 quo
1361 2038 1500 2081 legitur,

835 2085 899 2117 hoc
923 2096 1023 2118 unum
1055 2086 1217 2118 credibile
1242 2088 1335 2118 esset
1370 2085 1421 2118 sic
1455 2095 1499 2117 ex

834 2130 1017 2164 Parisiensi
1041 2131 1085 2165 K.
1121 2131 1331 2164 emendatum
1359 2130 1499 2172 habere,

833 2178 1110 2220 quemadmodum
1162 2177 1272 2221 ipsum
1324 2177 1403 2210 Par.
1450 2176 1494 2209 K.

833 2222 978 2265 plurima
1023 2234 1064 2255 ex
1106 2223 1237 2255 Veneto
1284 2223 1324 2256 C.
1370 2222 1498 2255 habere

834 2271 964 2300 certum
990 2276 1062 2310 est,
1097 2269 1140 2301 de
1174 2269 1377 2312 glossemate
1402 2268 1498 2312 cogi-

831 2318 878 2346 ta·
880 2325 907 2346 e
931 2313 1061 2347 liceret.
1110 2314 1212 2347 Nunc
1236 2315 1413 2347 Socratem
1435 2325 1498 2358 po—

831 2359 898 2392 tius
922 2362 1131 2402 statuamus,
1152 2372 1257 2405 quum
1286 2360 1389 2393 trium
1422 2359 1498 2393 ani-

833 2405 877 2437 mi
921 2405 1068 2449 partium
1108 2406 1310 2439 mentionem
1344 2405 1496 2447 fecisset,

833 2450 924 2484 inter
960 2463 1045 2496 quas
1078 2452 1222 2496 primum
1260 2451 1370 2485 locum
1403 2454 1496 2485 ratio

834 2497 986 2537 obtinet,
1012 2497 1054 2531 ad
1079 2502 1351 2541 argumentorum
1377 2500 1495 2542 explo-

832 2543 998 2576 rationem
1032 2544 1124 2576 facta
1158 2555 1266 2588 eaque
1307 2544 1361 2577 vel
1393 2555 1496 2588 repu—

832 2588 945 2622 diandi
980 2589 1035 2622 vel
1069 2589 1267 2623 admittendi
1291 2591 1497 2623 auctoritate

831 2635 999 2679 praedita,
1016 2635 1157 2668 alteram
1171 2635 1496 2680 argumentationem

833 2692 875 2713 ex
899 2680 1075 2725 tripartita
1109 2681 1210 2714 animi
1237 2682 1401 2716 divisione
1436 2693 1495 2725 pe-

831 2727 968 2759 tendam
1003 2726 1050 2760 illi
1082 2728 1173 2771 parti
1202 2728 1382 2772 probatum
1415 2733 1451 2760 et
1474 2738 1495 2760 a

832 2773 962 2806 ratione
990 2773 1169 2807 admissum
1199 2773 1243 2807 iri
1265 2773 1390 2806 dicere.

881 2861 1015 2910 Τήνδε]
1042 2861 1112 2909 τήν
1137 2861 1177 2900 δὲ
1201 2863 1301 2900 Vind.
1325 2863 1366 2897 F.

1259 2921 1304 2963 K
