1764 3176
203 482 242 523 D
274 483 424 523 ταῦτα.

278 101 360 140 174

727 95 1202 142 PLATONIS

275 208 386 252 ἰδέαι
410 207 565 250 πολλαὶ
585 207 644 257 εἰς
662 207 712 250 ἓν
733 206 948 262 γενέσθαι.
983 208 1198 262 Λέγονται
1217 207 1317 265 γὰρ,
1348 208 1445 265 ἔφη.
1486 205 1653 250 Πλάττε

273 277 428 320 τοίνυν
457 275 562 329 μίαν
591 273 670 329 μὲν
705 273 826 318 ἰδέαν
863 277 1026 332 θηρίου
1062 277 1267 319 ποικίλου
1297 276 1372 319 καὶ
1399 272 1652 331 πολυκεφά-

272 349 367 395 λου,
384 342 558 400 ἡμέρων
575 342 620 386 δὲ
643 344 814 399 θηρίων
829 343 999 400 ἔχοντος
1022 343 1217 398 κεφαλὰς
1235 342 1382 401 κύκλῳ
1402 345 1474 388 καὶ
1487 342 1653 399 ἀγρίων

271 412 344 455 καὶ
385 413 579 454 δυνατοῦ
624 410 906 467 μεταβάλλειν
937 412 1012 455 καὶ
1061 411 1192 467 φύειν
1231 412 1273 464 ἐξ
1322 409 1463 456 αὑτοῦ
1509 411 1652 454 πάντα

503 482 666 521 Δεινοῦ
724 479 942 529 πλάστου,
995 480 1100 536 ἔφη,
1149 479 1199 524 τό
1247 481 1394 536 ἔργον·
1438 478 1555 534 ὅμως
1592 478 1651 530 δὲ,

271 547 416 602 ἐπειδὴ
459 544 802 599 εὐπλαστότερον
838 550 979 602 κηροῦ
1019 549 1092 591 καὶ
1133 552 1222 592 τῶν
1260 547 1476 592 τοιούτων
1504 547 1649 600 λόγος,

270 615 522 659 πεπλάσθω.

582 616 707 656 Μίαν
737 614 789 670 δὴ
820 617 974 658 τοίνυν
1005 614 1139 674 ἄλλην
1170 616 1290 659 ἰδέαν
1320 616 1516 668 λέοντος,
1546 617 1652 671 μίαν

272 685 317 728 δὲ
348 681 616 737 ἀνθρώπου·
653 681 767 725 πολύ
810 683 856 726 δὲ
894 684 1100 740 μέγιστον
1130 685 1236 729 ἔστω
1268 686 1317 729 τὸ
1347 688 1548 740 πρῶτον,
1577 683 1653 726 καὶ

321 853 439 897 ἰδέαι]
479 851 594 886 εἰδέαι
629 853 726 886 Vind.
762 854 802 887 F.
834 855 933 888 Stob.

273 901 360 944 (non
384 900 513 942 Gaisf.)

321 967 525 1012 Λέχονται)
526 979 594 1010 αρ,
608 964 705 1012 εφη]
729 980 793 1001 om.
810 968 881 1002 Pal.
895 969 933 1003 A.

322 1034 481 1090 gnam]
507 1033 645 1090 πράττε
670 1036 767 1070 Stob.
795 1036 868 1070 cod.
888 1036 935 1070 N.

275 1083 392 1117 Trinc.
426 1083 468 1125 σῆ
503 1079 524 1125 ἡ
551 1082 618 1115 τοῦ
644 1083 781 1125 θηρίου
806 1080 937 1121 πλάσις

274 1127 377 1172 παρὰ
412 1129 462 1161 τῶ
495 1125 662 1171 θεολόγω
696 1141 810 1172 margo
841 1129 934 1162 Mon.

275 1176 315 1208 B.
352 1174 450 1208 Hunc
474 1175 582 1207 locum
606 1176 757 1219 respexit
781 1175 932 1208 Galenus

276 1222 318 1254 de
343 1221 445 1265 Hipp.
472 1227 507 1253 et
527 1220 614 1254 Plat.
639 1221 731 1256 decr.
758 1221 797 1254 L
812 1221 869 1255 VI.
889 1221 933 1255 Τ.

274 1268 316 1301 V.
342 1279 376 1311 p.
395 1267 473 1301 515.
500 1266 612 1299 Kfihn.
636 1266 809 1300 τοιοῦτον
837 1265 879 1300 δέ
899 1279 935 1299 τι

272 1313 420 1367 χρῆμα,
443 1312 624 1366 inquiens,
649 1311 711 1345 καὶ
735 1309 840 1356 ἡμῶν
864 1310 934 1355 τὴν

273 1357 399 1402 ψυχὴν
433 1354 451 1391 6
488 1355 648 1391 Πλατων
681 1355 775 1392 εἷναί
808 1368 932 1412 φησιν,

274 1403 312 1438 ἐκ
356 1404 482 1459 τριῶν
518 1403 640 1455 ιιερῶν
685 1402 933 1459 συγκειμένην.

274 1448 409 1492 εἰκαζει
442 1446 482 1483 δ’
509 1462 607 1483 ουτω
639 1447 682 1483 τὸ
712 1461 778 1492 μεν
803 1447 934 1484 ἐπιθυ-

273 1494 428 1540 μητικὸν
459 1496 601 1550 θηρίῳ
616 1497 767 1541 ποικίλῳ
802 1507 841 1530 τε
872 1494 934 1529 καὶ

273 1539 539 1597 πολυκεφάλῳ,
564 1539 606 1575 τὸ
651 1542 690 1575 δὲ
736 1540 935 1585 θυμοειδες

274 1587 422 1638 λέοντι,
431 1585 474 1621 τὸ
500 1585 538 1621 δε
559 1586 764 1642 λογιστικὸν
784 1586 884 1631 ‹ivm›
888 1586 933 1621 ω’-

273 1647 343 1668 πω.
379 1630 475 1678 αὕτη
508 1632 578 1689 γὰρ
609 1630 640 1688 ἦ
660 1632 769 1667 εἰκών
805 1633 934 1667 οἰκειο-

272 1693 312 1714 τε
297 1670 364 1724 Ᾰρα
387 1681 454 1724 τῆς
478 1678 573 1713 κατὰ
598 1677 666 1713 τὸν
693 1679 870 1723 Φαῖδρον,
897 1677 935 1713 ἐν

272 1721 298 1772 ᾐ
334 1727 408 1760 τῶν
448 1726 558 1759 εἰδῶν
600 1724 826 1779 ιππομόρφω
846 1723 935 1780 μέν

273 1783 349 1806 τινε
375 1769 444 1806 δύο
472 1772 583 1827 φησὶν
607 1769 806 1828 ὑπάρχειν,
828 1768 934 1827 ἡνίο-

273 1831 338 1872 76031
363 1816 402 1852 δε
428 1819 564 1860 τρίτον.
610 1815 702 1851 ἄλλα
732 1817 796 1851 καὶ
821 1814 858 1851 ἐν
882 1818 934 1851 τῶ

276 1877 346 1908 της
370 1864 565 1903 Πολιτείας
589 1861 734 1920 ἐννάτῳ
755 1864 822 1906 τῆς
845 1853 935 1917 πρό-

277 1909 388 1954 τέρας
422 1907 565 1949 εἰκόνος
597 1907 862 1964 ἐμνημόνευσεν
886 1921 936 1948 ως

278 1955 504 2012 σαφέστερον
517 1953 807 1998 ἐνδεικνυμένης,
829 1951 935 1989 ὁποῖ-

278 2015 322 2038 ον
346 2000 503 2037 ε’καστόν
538 1999 613 2036 ἐστι
635 2002 710 2035 τῶν
736 2001 847 2035 εἰδῶν
870 2002 937 2045 τῆς

277 2049 410 2093 ψυχῆς.
458 2049 548 2081 Item
576 2048 717 2081 Procius
741 2048 776 2081 in
802 2047 877 2082 Civ.
903 2060 936 2092 p.

278 2096 366 2136 432,
394 2096 458 2130 23;
495 2092 564 2150 τὴν
599 2105 664 2136 μεν
699 2092 769 2148 γὰρ
804 2090 938 2127 ου’σίαν

278 2139 384 2185 ἡμῶν
404 2138 442 2174 ἐν
462 2141 512 2186 τῷ
531 2137 646 2186 ἐνάτῳ
659 2137 815 2173 Πλατων
836 2137 938 2173 ἀπει-

278 2186 378 2228 κτίζει
403 2175 497 2232 ζεόῳ
507 2175 675 2235 συμμιὲεῖ
697 2187 739 2230 (f.
765 2186 938 2229 συμμιγῆ)

276 2231 428 2287 λαχόντι
462 2231 574 2276 φύσιν
603 2232 640 2265 εκ
664 2244 702 2266 τε
728 2230 937 2274 ἀνθρώπου

275 2280 338 2313 καὶ
362 2277 511 2318 λέοντος
535 2277 597 2312 καὶ
621 2279 761 2322 θηρίου
787 2280 937 2311 πολυκε-

276 2323 411 2375 φάλον
445 2322 547 2363 τινὸς
584 2323 647 2358 καὶ
686 2325 754 2358 τοῦ
799 2323 938 2366 ἔξωθεν

278 2369 361 2405 οἷον
396 2368 550 2414 ἑλύτρου
584 2371 634 2414 (v.
663 2368 841 2416 ἐλύθρου)
875 2382 937 2404 πε-

277 2415 480 2461 ρικειμένου
505 2417 606 2450 πᾶσι.

323 2483 452 2530 ἰδέαν]
486 2483 610 2519 εἰδέαν
640 2485 742 2520 Wind.
769 2486 807 2521 F.
839 2486 937 2520 Stob.

276 2532 394 2566 Trinc.

323 2600 515 2644 ποικίλου]
561 2605 638 2634 ante
680 2600 820 2645 θηρίου
853 2599 938 2634 Lob.

278 2646 357 2680 vat.
392 2647 440 2680 M.
484 2649 606 2681 variae
642 2648 827 2682 admodum
860 2647 939 2691 (be-

279 2693 380 2736 stiae)
405 2693 436 2725 F
439 2692 480 2726 ic.

323 2758 605 2806 πολυκεφάλου]
640 2761 779 2796 Proclus
809 2761 842 2795 in
866 2761 938 2795 Alc.

992 857 1036 889 T.
1055 856 1100 890 Π.
1123 869 1157 901 p.
1178 857 1266 891 325:
1291 856 1405 890 τοῦτο
1422 853 1493 909 (τὸ
1522 851 1651 888 ἐπιθυ-

990 900 1161 957 μητικὸν)
1195 900 1265 946 ,ἀρ
1295 899 1392 935 ἐστιν
1418 899 1509 944 ὅπερ
1534 900 1653 954 δῆμος

993 960 1031 981 εν
1055 946 1173 990 πόλει,
1198 947 1311 1003 φησὶν
1336 945 1356 982 6
1383 945 1577 1001 Ἀθηναῖος
1595 943 1651 987 ξέ-

992 1006 1076 1036 νος,
1102 994 1165 1028 καὶ
1198 991 1293 1034 ὅλως
1323 992 1365 1028 τὸ
1393 990 1652 1049 πολυκέφαλον

992 1040 1151 1083 θηρίον,
1177 1053 1227 1080 ως
1252 1037 1272 1074 6
1299 1037 1337 1074 ἐν
1364 1039 1538 1085 Πολιτείᾳ
1562 1035 1653 1092 φησι

994 1084 1207 1143 Σωκράτης.
1240 1087 1284 1120 Τ.
1308 1087 1370 1120 11.1
1402 1099 1437 1131 p.
1466 1074 1556 1120 101¹.
1593 1096 1653 1118 οτι

991 1132 1053 1166 καὶ
1079 1130 1117 1166 ἐν
1143 1130 1281 1177 εκάστῳ
1306 1129 1413 1176 ήμῶν
1437 1129 1512 1166 ἐστὶ
1530 1143 1567 1164 τι
1584 1141 1652 1163 πο-

991 1176 1199 1232 λυκέφαλον
1246 1180 1404 1233 θηρίον,
1446 1190 1498 1217 ως
1535 1173 1654 1214 αυτὸς

992 1224 1147 1267 εἴρηκεν,
1173 1221 1264 1268 ὅπερ
1290 1221 1476 1268 ἀνάλογόν
1501 1221 1577 1257 ἐστι
1599 1221 1652 1268 τῷ

990 1270 1140 1314 πλήθει.

1035 1336 1287 1384 μεταβάλλειν]
1311 1338 1552 1383 μεταβαλλεῖν
1566 1337 1653 1370 Ven.

992 1385 1032 1418 C.
1073 1385 1292 1429 μεταβαλεῖν
1331 1385 1414 1418 Lob.
1458 1384 1536 1418 vat.
1571 1381 1652 1415 ΒΜ.

990 1432 1070 1466 Par.
1093 1431 1169 1465 DK.
1196 1442 1264 1464 sec.
1288 1431 1399 1464 Bekk.
1427 1433 1516 1473 Ang.
1539 1429 1582 1462 B.

1037 1497 1160 1544 φύειν]
1186 1495 1298 1543 φύσιν
1323 1498 1421 1532 Vind.
1446 1498 1491 1531 F.

1038 1565 1182 1611 αὑτοῦ]
1220 1563 1280 1601 αὖ.
1314 1567 1400 1600 Lob.
1444 1566 1547 1600 Vind.
1579 1565 1651 1599 BF.

991 1614 1084 1648 Mon.
1110 1615 1150 1647 B.
1182 1614 1310 1647 Euseb.
1336 1614 1434 1647 Stob.
1466 1612 1542 1646 Ald.
1568 1612 1652 1647 Bas.

992 1662 1047 1694 ab.
1073 1660 1191 1694 αυτοῦ
1215 1660 1316 1694 Vind.
1343 1659 1384 1692 Ε.

991 1775 1022 1808 L
1038 1726 1163 1809 ξάνξα
1180 1728 1310 1808 {aiffa
1319 1728 1416 1808 ]MIta
1439 1726 1650 1807 ganvAtDIJ}

1025 1787 1285 1808 o.1n..
1361 1785 1651 1809 on..a..

992 1822 1078 1855 Ven.
1108 1821 1148 1854 C.
1185 1822 1270 1864 Ang.
1304 1820 1342 1854 B.
1378 1820 1452 1855 Pal.
1484 1820 1526 1854 A.
1558 1819 1652 1852 Flor.

992 1867 1069 1902 RU.
1104 1867 1202 1900 Stob.
1236 1867 1358 1900 ταῦτα
1391 1864 1516 1900 πάντα
1550 1864 1650 1898 Vind.

992 1913 1213 1956 BE.(F101·.
1249 1912 1407 1955 ACTV.)
1442 1912 1570 1946 Euseb.
1616 1914 1653 1944 et

992 1960 1076 1992 editi
1107 1964 1186 1992 ante
1217 1959 1432 1999 Bekkerum‚
1475 1958 1533 2003 qui
1571 1955 1652 1989 reli-

993 2016 1133 2050 quorum
1158 2004 1309 2037 codicum
1332 2015 1468 2036 suorum
1487 2001 1653 2036 rationem

993 2062 1059 2084 non
1082 2050 1211 2083 habuit.
1262 2050 1333 2083 Cur
1350 2048 1595 2083 Stallbaumius
1618 2047 1653 2080 in

993 2108 1046 2142 pr.
1069 2100 1205 2129 veteres
1230 2095 1393 2128 editiones
1413 2095 1509 2140 sequi
1527 2094 1652 2127 malue-

994 2144 1051 2185 rit,
1077 2154 1177 2187 quam
1200 2142 1406 2183 Bekkerum,
1430 2152 1495 2174 non
1519 2140 1630 2174 video.

1040 2211 1178 2244 Δεινοῦ
1198 2230 1246 2235 —-
1261 2207 1477 2244 πεπλάσθω.
1497 2209 1554 2253 D.]
1579 2209 1654 2242 Ho-

995 2269 1068 2290 rum
1110 2257 1184 2290 loco
1218 2256 1291 2289 Pal.
1329 2258 1366 2289 Α.
1408 2256 1493 2289 haec
1531 2255 1654 2288 habet.

996 2301 1122 2347 ἐπειδὴ
1143 2299 1233 2336 ευπλ
1238 2300 1436 2345 αστότερον
1455 2301 1570 2345 κηροῦ
1592 2299 1655 2335 καὶ

995 2350 1072 2383 τῶν
1124 2347 1307 2383 τοιούτων
1355 2346 1473 2391 λόγος.
1529 2347 1653 2381 δεινοῦ

995 2394 1161 2429 πλαστου
1194 2393 1236 2429 τὸ
1267 2393 1382 2438 ἔργον.
1431 2394 1569 2427 Ficinus
1592 2404 1655 2437 pro

996 2442 1122 2476 δεινοῦ
1156 2441 1238 2485 legit
1261 2441 1413 2482 καινοῦ,
1437 2445 1531 2473 certe
1564 2439 1656 2472 Novi

997 2489 1151 2531 (fictoris
1184 2488 1368 2531 artzficium
1400 2486 1540 2530 narras)
1572 2485 1654 2519 scri·

995 2534 1074 2579 psit.

1042 2601 1096 2647 δε]
1122 2599 1162 2637 δ’
1187 2602 1283 2636 Stob.
1309 2615 1372 2636 om.
1398 2600 1526 2635 Euseb.

1043 2668 1360 2715 ευπλαστότερον]
1394 2664 1654 2713 μυθοπλαστό

996 2729 1103 2761 τερον
1128 2718 1225 2751 Stob.
1251 2717 1325 2750 cod.
1348 2717 1394 2750 N.
1418 2715 1535 2749 Trinc.
1560 2714 1654 2755 ‚‚-Vo

996 2764 1165 2798 luerintne
1187 2763 1313 2806 μῦθος
1337 2758 1608 2804 πλαστότερον.
1600 2759 1617 2784 ⁹
1629 2761 1653 2778 “
