1764 3176
286 134 392 163 cvm
622 117 624 119 ’
721 121 1244 166 PRAEFATIO

281 268 307 288 „
319 239 448 287 rabat,
485 228 657 291 eumque
681 242 908 293 reperiebat
942 243 1088 282 distare
1119 245 1140 282 a
1160 243 1274 295 Rege
1297 244 1515 284 secundum
1532 257 1655 286 nove-

280 331 377 369 narii
398 332 629 382 potentiam‚
666 335 706 371 et
725 334 883 373 tertium
908 337 1201 386 augumentum,
1230 335 1271 373 id
1292 338 1355 373 est
1375 339 1561 387 quantum
1581 349 1656 376 no·-

277 423 456 461 venarius
479 424 502 461 a
514 432 678 463 numero
696 424 780 464 729
798 426 937 474 distat3
972 426 1027 465 ita
1048 427 1165 465 etiam
1176 439 1280 465 nunc
1299 425 1453 478 Regem
1467 415 1655 480 Tyranno

276 517 502 565 comparet:
555 515 729 555 inveniet
775 520 938 568 peracta
977 518 1305 569 multiplicatione
1344 518 1497 558 scilicet
1528 520 1654 570 ipsius

273 606 475 644 novenarii
505 607 545 644 in
575 619 620 645 se
650 608 805 658 ipsum,
859 612 901 647 et
931 609 971 647 in
999 609 1258 660 productum,
1305 609 1461 661 Regem
1496 611 1654 661 quidem

272 696 404 735 vivere
421 697 645 737 feliciorem
667 699 855 751 Tyranno
884 703 1071 751 quantum
1100 701 1219 739 distat
1237 700 1324 740 729
1346 701 1393 739 ab
1418 702 1508 752 ipso
1530 715 1653 740 nore-

272 788 396 836 nario,
435 787 664 840 Tyrannum
693 792 788 830 vero
816 792 1081 832 infeliciorem
1109 793 1248 832 eadem
1267 794 1439 844 ipsamet
1456 793 1653 832 distantia.

271 877 474 919 Posthaec
496 885 627 920 autem
650 883 782 921 subdit
801 882 914 922 Plato
936 884 1209 933 [Immensum
1227 884 1486 923 intervallum
1509 883 1651 923 discri-

271 971 391 1009 minis
420 970 591 1011 duorum
619 973 789 1013 istorum
817 975 1016 1023 virorum,
1070 976 1171 1014 iusti
1203 976 1376 1024 scilicet,
1428 979 1470 1013 et
1498 975 1653 1023 iniusti,

271 1061 406 1114 quoad
420 1064 686 1117 voluptatem,
710 1070 753 1104 et
775 1065 954 1105 dolorem
976 1066 1260 1115 cumulavisti]
1297 1066 1338 1104 id
1361 1070 1424 1104 est
1441 1067 1652 1104 maximum

270 1153 430 1203 quidem
460 1155 484 1192 ὸ
514 1154 701 1195 Socrates
734 1157 978 1196 intervallum
998 1171 1090 1197 esse
1106 1159 1209 1196 inter
1229 1159 1356 1209 ipsius
1378 1157 1524 1209 Regis,
1563 1157 1649 1210 Ty-

267 1246 460 1297 rannique
486 1247 755 1299 voluptatem,
801 1253 841 1287 et
869 1250 1050 1288 dolorem
1085 1249 1307 1288 ostendisti.
1378 1249 1649 1301 Respondens

266 1340 398 1376 autem
422 1338 617 1378 Glauconi
636 1340 822 1380 Socrates
850 1342 903 1379 ait
924 1341 1060 1390 [Certe
1086 1353 1240 1383 verum.
1277 1346 1318 1379 et
1341 1342 1650 1380 convenientem

262 1429 358 1468 vitis
377 1432 636 1481 mcmemm:]
674 1431 757 1471 hoc
783 1435 844 1470 est
869 1434 978 1472 certe
999 1444 1136 1471 verum
1153 1433 1271 1471 huius
1294 1433 1486 1471 intervalli
1509 1445 1647 1471 nume-

260 1532 348 1560 rum
378 1535 453 1574 ego
476 1523 657 1562 ostendi:
695 1524 760 1574 qui
793 1537 980 1563 numerus
1013 1525 1199 1563 convenit
1227 1526 1346 1563 etiam
1373 1525 1485 1571 vitis,
1525 1524 1565 1562 id
1587 1528 1648 1563 est

260 1613 327 1664 qui
347 1613 433 1653 729
452 1628 639 1654 numerus
658 1616 758 1668 ipsis
779 1629 913 1655 rerum
931 1617 1234 1668 generabilium,
1272 1620 1313 1654 et
1333 1615 1646 1667 corruptibilium

257 1705 347 1744 vitis
378 1708 671 1747 accommodari
701 1712 849 1760 potest.
922 1709 1107 1759 quoniam
1141 1707 1296 1746 scilicet
1328 1708 1362 1746 si
1386 1708 1409 1745 a
1431 1708 1646 1746 novenario

258 1796 393 1835 ultima
412 1798 530 1836 huius
550 1801 703 1838 numeri
717 1801 842 1851 figura
863 1800 1090 1838 detrahatur
1109 1800 1249 1847 unitas,
1271 1812 1372 1850 quae
1393 1802 1484 1838 ante
1505 1802 1643 1851 septe-

257 1889 409 1927 narium
433 1891 599 1940 primam
629 1891 807 1930 eiusdem
836 1892 1002 1943 figuram
1030 1892 1247 1937 scribatur,
1283 1890 1521 1929 formabitur
1552 1891 1644 1942 ipse

257 1979 369 2019 1728
401 1994 588 2020 numerus
613 1982 914 2031 Geometricus,
947 1996 1066 2034 quem
1095 1983 1135 2021 in
1167 1982 1440 2033 superioribus
1465 1983 1642 2021 ostendit

256 2070 371 2111 Plato
389 2074 488 2112 vitas
509 2086 641 2112 rerum
661 2075 966 2126 generabilium,
1004 2078 1044 2112 et
1066 2074 1377 2125 corruptibilium
1401 2075 1637 2125 significare.

254 2163 411 2204 Deinde
445 2165 526 2204 hoc
561 2167 715 2205 ratione
750 2167 957 2205 confirmat
993 2165 1180 2205 Socrates
1218 2166 1355 2204 dicens
1390 2165 1450 2215 [si
1478 2165 1639 2218 quidem

252 2256 352 2309 ipsis
380 2259 628 2296 conveniunt
655 2257 761 2306 dies„
798 2262 840 2296 et
861 2263 1022 2305 noctes,
1059 2263 1101 2296 et
1122 2270 1299 2307 menses,
1338 2262 1380 2296 et
1397 2258 1520 2307 anni]
1557 2258 1639 2297 hoc

253 2351 329 2396 est,
365 2361 553 2388 numerus
574 2350 651 2388 iste
672 2350 857 2388 convenit
876 2350 965 2388 vitis
988 2361 1134 2395 rerum,
1172 2349 1357 2399 qnoniam
1379 2349 1478 2399 ipsis
1503 2362 1637 2388 rerum

249 2440 337 2478 vitis
371 2442 612 2480 conveniunt
644 2441 753 2489 dies,
791 2445 832 2480 et
861 2444 1026 2488 noctes,
1063 2444 1103 2479 et
1136 2453 1320 2487 menses,
1357 2444 1398 2478 et
1429 2441 1540 2488 anm‘3
1576 2442 1633 2479 w·-

249 2530 395 2569 delicet
413 2535 521 2570 totus
545 2546 679 2572 earum
699 2533 904 2585 periodus,
942 2533 1008 2583 qui
1029 2533 1094 2579 fit,
1130 2533 1458 2583 mensuraturque
1480 2533 1633 2581 diebus,

245 2622 454 2670 noctibus,
490 2625 714 2672 mensibuS‚
751 2628 792 2663 et
814 2626 948 2664 annis:
985 2637 1103 2675 quem
1127 2623 1286 2675 quidem
1307 2624 1518 2674 periodum
1543 2626 1633 2676 ipse

246 2712 356 2752 1728
373 2727 559 2753 numerus
581 2715 861 2756 Geometricus
882 2717 1088 2769 significat.
1158 2715 1263 2754 Hinc
1294 2719 1426 2754 autem
1455 2719 1541 2755 orta
1569 2720 1631 2754 est

248 2805 435 2858 deceptio
459 2820 618 2855 eorum„
656 2810 723 2859 qui
747 2809 883 2848 dicunt
906 2810 945 2849 in
972 2813 1111 2849 octavo
1134 2807 1185 2847 de
1204 2807 1307 2860 Rep.
1328 2807 1534 2847 Platonem
1556 2821 1626 2859 ap-
