1764 3176
683 141 774 191 Pag.
808 143 1054 185 261—282.
1573 144 1628 184 23

404 255 457 295 23
479 255 527 292 ad
548 249 854 305 νομοθετήσεις)
874 254 1014 291 addas:
1045 253 1273 306 νομοθέτησ
1295 251 1354 294 εἷσ
1380 253 1463 294 Par.
1489 254 1533 294 A.
1556 256 1630 297 Dii.

128 312 374 363 Pag.274‚a‚
408 310 462 351 14
490 315 578 362 post
607 309 673 347 Ita
703 310 871 347 inseras:
902 310 986 347 Par.
1013 310 1055 348 A.
1087 310 1159 347 Dii.
1190 324 1212 348 a
1244 325 1291 348 m.
1319 325 1376 362 pr,

128 369 373 420 Pag.275,a,
403 369 500 405 inter
530 380 562 406 v,
595 369 620 407 6
651 370 687 403 et
717 365 741 405 5
772 378 794 402 a
823 367 850 403 s.
881 367 1047 407 inseras:
1095 368 1421 420 μακρολογῶμεν)
1451 389 1506 395 -
1526 370 1558 407 ὦ
1578 389 1632 395 —-

369 427 404 462 in
437 425 546 461 litura
573 423 659 461 Par.
692 421 736 460 A.
769 421 845 459 Dii.

349 483 385 530 b,
413 481 464 520 11
493 480 541 516 ad
572 478 672 528 ἒςί)
703 478 842 515 addas:
871 477 974 518 ἔστιν
1005 480 1090 516 Par.
1124 479 1168 521 A,
1197 479 1271 520 Dii.

402 538 453 578 12
481 536 528 573 ad
558 534 648 572 Par.
677 534 724 571 A.
753 535 894 572 addas:
936 540 1032 573 teste
1064 534 1243 574 Diibnero
1280 550 1362 573 cum
1393 536 1525 585 litura,
1562 538 1630 581 sad

432 606 453 630 a
483 605 530 628 m.
562 593 723 628 vetusta.
1621 584 1624 587 ’

125 651 215 700 Pag.
227 651 322 697 276,
335 663 368 696 3,
394 650 421 688 7
451 661 472 685 a
497 649 522 688 f.
554 648 691 685 addas:
722 652 759 683 et
786 647 839 684 ita
869 647 1049 698 scriptum
1082 652 1140 684 est
1169 649 1205 686 in
1236 649 1319 688 Par.
1352 649 1394 689 A
1428 648 1499 689 Dii,

334 706 370 754 b,
401 707 426 744 6
458 705 504 741 ad
539 699 747 754 εἱλήσεων)
774 703 915 740 addas:
948 704 1016 743 εἰλ.
1048 704 1131 745 Par,
1164 704 1209 743 A.
1240 705 1313 742 Dii.

405 762 460 801 16
490 761 630 797 addas:
674 759 769 796 Cum
809 760 1013 798 scholiaste
1053 760 1144 797 facit
1167 761 1398 810 Phrynichus
1431 761 1552 801 Bekk,
1589 775 1627 811 p.

424 818 497 865 20,
531 815 573 855 4:
612 812 883 883 ἄκροσφαλές·
917 815 962 856 τό
992 811 1123 868 ἄκρως
1153 815 1350 869 σφαλερὸν
1379 816 1445 856 καὶ
1473 832 1525 867 μη
1558 818 1621 855 δυ-

428 870 604 923 νάμενον
641 871 683 911 ἒν
721 867 895 920 ἀσφαλεῖ
930 870 1045 912 εἶναι.
1102 874 1281 924 Stephani
1314 876 1496 911 rationem
1527 887 1629 911 com-

426 930 578 967 mendat
608 924 830 979 α’κρόχολος
860 942 1008 968 nomen

124 985 317 1034 Pag.277‚
331 985 365 1031 b,
392 987 416 1025 9
448 986 495 1023 ad
532 984 640 1025 Vinci.
669 984 753 1021 DE.
785 985 904 1022 addas
934 986 1019 1023 Par.
1053 984 1094 1021 A.
1121 984 1196 1023 Dii.

394 1044 447 1083 22
477 1042 615 1078 addas:
656 1041 725 1078 Hic
762 1040 864 1078 locus
892 1041 1060 1078 adhiberi
1096 1045 1226 1091 potest
1254 1042 1300 1078 ad
1331 1054 1411 1078 eam
1438 1042 1629 1091 quaestio-

424 1111 530 1147 nem,
558 1109 668 1147 quam
699 1098 822 1146 tangit
854 1097 1011 1135 Wolfius
1041 1098 1194 1147 Proleg.
1224 1112 1260 1148 p.
1293 1097 1448 1134 LXXX.
1479 1099 1629 1135 dubita-

430 1159 507 1191 tum
545 1154 631 1190 olim
668 1166 898 1201 memorans,
937 1167 983 1190 an
1016 1167 1123 1190 usum
1156 1154 1334 1191 elixarum
1367 1155 1532 1191 carnium
1562 1169 1628 1192 co-

425 1212 566 1260 gnitum
595 1209 767 1246 habuerit
796 1211 922 1259 poeta.
952 1210 1121 1247 Eundem
1152 1211 1188 1246 in
1216 1214 1341 1248 mente
1370 1210 1546 1248 habuisse
1574 1213 1629 1248 vi-

422 1268 533 1304 detur
573 1266 738 1303 Eubulus
779 1270 895 1315 poeta
924 1267 1097 1303 ‘comicus
1129 1268 1231 1316 apud
1261 1266 1493 1304 Athenaeum
1526 1268 1556 1307 Ι.
1589 1282 1626 1317 p.

424 1323 487 1364 25.
521 1323 573 1360 C:
615 1317 746 1373 ’[χθὺν
774 1318 1017 1372 δ”Όμηρος
1042 1318 1224 1362 ἐσθίοντ’
1256 1322 1389 1374 εἴρηκε
1416 1326 1497 1363 ποῦ
1530 1324 1628 1363 Τίνα

420 1379 500 1419 ταῖν
526 1375 719 1430 Ἀχαιῶν;
745 1377 840 1428 κρέα
870 1376 912 1417 δὲ
943 1376 1065 1429 μόνον
1097 1376 1238 1418 ὤπτων
1264 1384 1337 1420 etc.
1397 1380 1454 1416 Ab
1487 1381 1627 1417 utrius-

421 1449 493 1485 que
538 1448 650 1472 sensu
690 1434 814 1486 lepide
857 1435 1048 1472 aberravit
1084 1435 1244 1473 Rossius
1275 1437 1313 1473 in
1348 1436 1551 1474 Hellenicis
1589 1451 1627 1488 p.

423 1494 494 1532 17:
542 1491 707 1528 Schon
755 1490 896 1528 Plato
942 1492 1030 1528 und
1082 1493 1266 1529 andere
1311 1493 1420 1530 Alte
1463 1493 1625 1530 haben

422 1547 530 1585 sich
571 1547 716 1584 durch
754 1547 828 1583 die
858 1547 1011 1585 Besch
1030 1549 1193 1586 werde
1234 1548 1508 1586 lacherlich
1539 1563 1624 1598 ge-

421 1604 600 1652 macht,
641 1605 756 1640 dass
785 1603 967 1640 Homer
1007 1605 1145 1641 seine
1186 1605 1379 1642 Helden
1421 1606 1503 1642 mit
1540 1619 1624 1655 ge-

421 1661 661 1698 bratenen
701 1659 1031 1698 Eberriicken
1069 1661 1243 1710 n'ahre‚
1284 1664 1411 1698 statt
1452 1663 1528 1699 sie
1570 1675 1622 1699 an

420 1717 751 1765 Fischgraten
783 1729 968 1765 saugcn
1000 1729 1054 1754 zu
1083 1718 1261 1756 lassen.

395 1771 446 1813 24
475 1778 563 1823 post
600 1767 759 1822 μάλιστ’
788 1773 952 1810 inseras:
984 1772 1070 1813 Par.
1101 1774 1144 1810 A.
1176 1773 1248 1814 Dii.
1274 1775 1363 1812 item
1392 1778 1481 1824 post
1509 1788 1552 1826 γε
1583 1788 1620 1824 p.

420 1831 514 1876 278,
541 1843 578 1877 3,
605 1830 672 1870 20.

114 1882 361 1933 Pag·278‚b,
394 1889 420 1926 7
471 1886 519 1923 ad
567 1883 841 1935 Συρακούσιοι
876 1885 1016 1922 addas:
1062 1898 1144 1923 cum
1182 1885 1268 1923 Par.
1303 1886 1347 1925 A.
1396 1886 1467 1925 Dii.
1507 1886 1619 1926 Voss,

358 1942 541 1991 aliisque,
570 1954 664 1991 quos
689 1941 886 1979 B-ekkerus
916 1954 990 1978 non
1020 1943 1113 1980 satis
1145 1942 1431 1982 demonstravit,

112 1995 360 2047 Pag.279‚b‚
395 1998 446 2038 14
481 1999 625 2037 addas:
662 2018 718 2024 —
740 1999 844 2037 εί-
876 1998 911 2034 in
948 1997 1060 2036 litura
1098 1999 1277 2050 scriptum
1313 2000 1427 2036 habet
1457 1998 1540 2036 Par.
1572 1997 1619 2036 A.

358 2055 430 2092 Dii.
460 2067 483 2091 a
510 2067 557 2096 m,
578 2067 636 2105 pr.
662 2059 744 2092 erat
776 2076 827 2082 ——
846 2054 860 2093 ἰ
879 2075 934 2080 -·

111 2108 417 2161 Pag.280‚a,1
450 2115 540 2162 post
569 2109 597 2162 ἡ
626 2107 669 2149 δὲ
695 2109 732 2149 οἱ.
766 2112 934 2148 inseras:
961 2109 1045 2148 Par.
1077 2108 1123 2150 A
1154 2110 1227 2151 Dii

387 2169 438 2209 12
469 2168 545 2206 af.
577 2168 721 2205 addas.
758 2172 872 2216 atque
908 2168 962 2204 ita
992 2168 1103 2205 etiam
1133 2167 1219 2203 Par.
1249 2169 1294 2207 A.
1329 2166 1403 2204 Dii.
1432 2180 1452 2204 3
1480 2179 1528 2207 m.
1560 2180 1617 2217 pr

413 2224 602 2262 habebat:
632 2228 825 2262 correctus
857 2223 970 2261 habet
1001 2219 1289 2270 σπουὸοἱζωσιν.

109 2277 203 2327 Pag.
219 2279 315 2329 281,
326 2278 363 2328 b,
393 2281 492 2318 inter
532 2294 565 2321 v
600 2281 650 2320 18
682 2285 720 2318 et
751 2281 803 2320 19
832 2281 996 2317 inseras:
1040 2277 1195 2329 ἱκανὸς)
1232 2277 1395 2320 -κό-
1438 2280 1475 2316 in
1507 2279 1617 2316 litura

355 2335 438 2377 Par.
472 2336 515 2373 A.
545 2336 622 2374 Dii.

386 2393 436 2433 ll
464 2406 486 2430 a
507 2393 532 2430 f.
564 2393 611 2430 ad
642 2388 894 2444 λυγιζόμενος
931 2392 1125 2443 adscripta
1163 2392 1260 2430 hunc
1296 2393 1332 2429 in
1369 2392 1522 2430 modum
1556 2404 1618 2428 re—

415 2450 556 2499 fingas:
607 2449 667 2486 Ita
705 2448 803 2485 clare
841 2453 878 2486 et
917 2449 1032 2485 nitide
1069 2449 1250 2500 scriptum
1280 2449 1428 2487 exhibet
1455 2449 1540 2485 Par.
1572 2447 1615 2484 A.

412 2505 485 2547 Dii,
512 2505 828 2555 quemadmodum
858 2518 878 2541 e
909 2505 1027 2543 Suida
1057 2510 1127 2547 etc.
1158 2511 1195 2544 et
1223 2506 1365 2556 penult.
1396 2519 1466 2556 pro
1499 2518 1614 2541 omnes

416 2561 559 2599 scribas
593 2562 736 2611 reliqui,

108 2615 355 2667 Pag.282‚b‚
386 2617 484 2655 inter
515 2631 548 2654 v.
577 2618 629 2657 11
661 2620 700 2654 et
738 2618 790 2658 12
818 2617 981 2654 inseras:
1023 2614 1168 2668 α’ξίων)
1201 2640 1248 2644 -
1276 2634 1298 2658 ν
1339 2631 1502 2669 superne
1544 2619 1614 2655 ad-

354 2675 537 2724 scriptum
564 2677 622 2711 est
652 2673 688 2712 in
718 2673 804 2711 Par.
837 2673 882 2712 A.
916 2672 987 2710 Dii.

388 2731 440 2770 16
466 2733 554 2781 post
582 2726 646 2769 αὖ.
679 2730 840 2767 inseras:
870 2728 956 2769 Par.
988 2729 1032 2770 A.
1062 2728 1137 2768 Dii.

389 2786 454 2823 ult.
494 2789 584 2836 post
624 2785 839 2835 ἐπετείων)
877 2787 1041 2825 inseras:
1090 2801 1253 2827 -π-
1304 2787 1341 2824 in
1380 2785 1490 2824 litura
1526 2785 1612 2825 Par.

419 2842 465 2880 A.
494 2842 570 2880 Dii.
