1764 3176
247 90 333 130 244

250 197 362 255 {5922-

252 281 358 322 τητα
392 262 518 320 ἡμῶν
557 264 631 307 καὶ
680 261 911 320 ἀγροικίαν

251 350 316 384 τις
350 330 541 386 διαφοροέ
584 333 827 389 φιλοσοφίᾳ
871 347 916 375 τε

711 82 1180 126 PLATONIS

432 196 736 252 προσείπωμεν
786 195 832 240 δὲ
885 193 1020 252 αὐτῇ,
1070 191 1129 249 μή
1180 193 1254 236 καί
1304 207 1402 236 τινα
1453 193 1634 250 σκληρό-

957 264 1183 318 καταγνῶ,
1229 258 1298 304 ὅτι
1345 262 1509 305 παλαιὰ
1547 261 1704 317 μέν516

960 331 1034 374 καὶ
1084 332 1314 386 ποιητικῇ·
1368 330 1563 386 καὶγὰρ
1609 329 1637 387 ἡ

251 399 466 454 λακέρυζα
515 399 626 454 πρὸς
675 399 889 444 δεσπόταν
944 397 1069 443 κύων
1127 396 1269 454 ἐκείνη
1327 396 1638 453 κραυγάζουσα

252 468 325 512 καὶ

194 538 227 581 C
257 538 344 580 Δία
383 538 539 592 σοφῶν
576 533 703 592 ὄχλος
743 538 918 590 κρατῶν

255 685 460 721 Lovaniensi
484 685 600 720 eodem
619 696 735 719 errore
754 685 920 740 scriptum

255 737 310 767 est
320 730 430 777 εἴρηχ’
444 729 463 766 ὁ
485 729 612 775 λόγος’
602 730 705 774 ἐχειν.
731 733 801 766 Sed
812 730 920 776 λογος

257 778 376 823 αἱρεῖ,
411 790 485 812 cum
522 778 715 811 accusativo
750 779 921 823 pronomi-

256 826 329 868 nis,
353 828 393 858 ut
414 825 448 857 in
475 824 541 857 isto
566 835 633 868 quo
658 825 700 857 de
725 825 839 868 agitur
873 824 921 857 lo-

256 883 319 912 co,
352 871 456 903 multo
489 869 600 902 rarius
633 871 729 902 est.“
780 869 922 903 Scilicet

258 916 409 950 Platonis
433 915 466 948 in
492 916 714 956 sermonibuS‚
733 927 775 948 ex
799 916 922 960 quibus

259 963 403 996 alterum
426 961 615 1005 exemplum
633 961 759 994 afferre
777 973 842 994 nou
862 962 923 994 ha-

257 1009 336 1042 beo.
372 1008 441 1041 Sed
466 1007 660 1040 Herodotus
683 1014 831 1052 utraque
849 1008 923 1040 for-

259 1054 349 1088 mula
373 1053 502 1098 pariter
531 1058 585 1087 est
614 1064 719 1095 usus,
743 1053 816 1086 siue
841 1064 924 1097 pro-

259 1099 392 1135 nomine
426 1099 467 1136 L.
495 1099 540 1133 ΙΙ.
575 1111 605 1132 c.
631 1101 686 1134 33.
719 1099 780 1133 Ill.
807 1100 863 1134 45.
889 1102 923 1132 et

259 1146 321 1181 Vl.
358 1145 436 1179 124.
481 1157 554 1178 cum
586 1156 625 1178 eo
658 1145 698 1179 L.
723 1145 751 1178 I.
786 1157 816 1180 c.
846 1146 922 1180 132.

259 1192 342 1225 IIII.
378 1192 454 1225 127.
496 1196 532 1224 et
564 1191 639 1224 VII.
677 1192 734 1226 41.
798 1191 922 1224 Addito

260 1237 458 1290 pronomine
494 1236 613 1280 αἱρεῖν
650 1237 764 1280 paullo
807 1237 921 1278 aliter,

260 1295 361 1328 quam
387 1283 520 1324 omisso,
539 1283 683 1326 cogendi
707 1287 742 1316 et
766 1283 926 1326 adigeudi

261 1329 511 1384 significatione
535 1330 682 1372 positum
707 1329 854 1362 videtur.

309 1372 422 1429 αὐτῇ]
449 1371 571 1417 αὐτὴν
595 1374 675 1408 Vat.
699 1374 749 1408 M.
787 1374 927 1407 Comma

263 1427 343 1475 post
375 1419 469 1466 αυτῇ
498 1421 676 1454 Bekkerus
705 1420 739 1453 iu
764 1423 926 1453 contextu

264 1467 421 1502 omissum
454 1469 487 1499 in
520 1478 636 1501 comm.
663 1466 799 1500 restitui
827 1465 930 1500 iussit

263 1513 487 1557 restituitque
512 1513 754 1546 Stallbaumius
778 1512 813 1545 in
837 1524 906 1546 sec.

310 1559 512 1604 ποιητικῇ]
549 1557 723 1603 ποιητικὴ
762 1558 864 1593 Vind.
888 1557 929 1592 F.

265 1605 305 1639 In
338 1606 417 1639 Par.
441 1606 480 1639 A.
514 1616 582 1648 μιμ
617 1616 720 1649 super
748 1616 813 1638 ποι
847 1603 931 1637 scri-

266 1654 361 1703 ptum
386 1654 450 1684 est.
469 1671 515 1675 —
539 1651 680 1684 Ficiuus
693 1651 837 1684 haecita
851 1661 933 1683 cou-

266 1697 391 1730 vertit.
420 1698 460 1730 Id
484 1709 614 1741 quoque
639 1698 866 1739 adiiciamus,
891 1708 934 1730 ne

266 1744 464 1789 rigiditatis
488 1755 548 1776 nos
575 1744 846 1787 rusticitatisque
873 1754 933 1774 ac-

267 1794 374 1829 auset,
400 1791 482 1833 quia
508 1794 607 1823 vetus
628 1790 799 1834 quaedam
822 1793 934 1822 eoestat

268 1836 358 1869 inter
377 1837 505 1878 poesim
525 1836 843 1880 philosophiamque
862 1836 934 1867 dis-

269 1882 390 1914 sensio,
416 1882 511 1914 cuius
531 1887 621 1915 certe
640 1883 865 1914 contentionis
875 1892 933 1913 ar-

269 1933 473 1972 gumentum
496 1928 593 1961 nobis
628 1929 722 1961 dicta
747 1929 834 1960 haec
862 1938 933 1960 esse

266 1979 429 2017 possunt,
463 1986 552 2018 quae
571 1975 769 2015 subiiciam,
794 1974 934 2017 aliaque

267 2021 452 2074 permulta.
490 2021 624 2064 (nempe
655 2022 752 2053 canis
777 2020 860 2063 etc.)
899 2019 934 2051 in

270 2065 394 2110 quibus
429 2061 487 2100 ὅτι
521 2077 700 2111 perperam
728 2066 935 2109 iuterpreta-

271 2115 326 2145 tus
351 2115 412 2145 est.
446 2112 671 2155 significatur
692 2124 731 2146 eo
756 2123 936 2155 argumen-

271 2161 344 2191 tum
388 2157 528 2203 insuper
577 2158 818 2199 dicendorum,
869 2169 936 2190 non

273 2214 406 2243 caussa,
431 2215 492 2237 cur
515 2205 697 2238 verendum
722 2204 779 2245 sit,
812 2215 854 2237 ue
878 2214 936 2237 eos

272 2248 477 2283 rusticitatis
501 2256 650 2284 accuset.
698 2251 857 2283 Ficiuum
879 2260 936 2282 se·-

274 2298 372 2328 cutus
392 2298 444 2329 est
462 2296 804 2330 Schleiermacherus.
829 2295 937 2329 Stall-

274 2340 429 2374 baumius
461 2341 495 2375 in
531 2354 599 2376 sec.
634 2354 753 2376 veram
786 2341 938 2398 explica-

273 2386 400 2420 tionem
434 2387 549 2443 dedit,
586 2400 687 2434 quam
722 2389 763 2421 ad
795 2385 938 2421 παλαιοὶ

275 2431 446 2466 adiectum
476 2431 549 2476 μὲν
567 2435 779 2489 praescribit.
827 2434 868 2467 Id
892 2434 940 2468 illi

274 2477 434 2511 videntur
456 2491 519 2523 pro
544 2477 591 2524 δη
616 2481 802 2535 accepisse.

322 2521 517 2578 λακέρυζα]
541 2525 711 2570 λακέριζα
736 2527 835 2561 Vind.
860 2526 905 2559 Ε

323 2567 525 2616 δεσπόταν]
545 2571 743 2617 δεσπότην,
760 2572 849 2618 quod
861 2571 936 2605 Ald.

275 2616 357 2649 Bas.
392 2617 446 2650 ab.
473 2618 594 2663 Steph.
630 2622 665 2652 et
696 2620 811 2652 Astius
845 2617 939 2652 exhi-

276 2662 370 2703 bent,
395 2661 429 2696 in
455 2664 545 2698 nullo
569 2669 760 2699 nostrorum
786 2665 939 2698 codicum

277 2711 405 2742 exstat.
437 2708 601 2744 δεσπότα
633 2710 668 2744 iu
702 2713 782 2745 Vat.
808 2711 849 2744 B.
881 2708 939 2744 δέ·

277 2763 400 2788 σποτα
424 2753 458 2789 ἰιι
494 2757 581 2793 Yen.
610 2757 650 2791 C.
685 2754 880 2792 δεσπόθαν
902 2756 939 2790 in

389 467 521 523 μέγας
575 468 622 512 ἐν
683 466 896 525 ἀφρόνων
948 466 1269 521 κενεαγορίαισι
1324 465 1397 508 καὶ

1462 464 1486 509 ὁ
1548 469 1639 509 τῶν

954 535 1027 580 καὶ
1064 535 1108 577 οἱ
1136 537 1298 586 λεπτῶς
1330 537 1639 591 μεριμνῶντες,

977 688 1064 730 Aug.
1109 685 1169 726 B„
1205 683 1239 718 in
1274 683 1436 729 reliquis,
1472 683 1576 717 etiam
1606 684 1641 717 in

975 733 1068 766 Mon.
1093 732 1133 764 B.
1159 731 1202 764 de
1225 743 1292 775 quo
1316 730 1425 763 tacuit
1450 731 1641 773 Bekkerus‚

977 775 1163 811 δεσπόταν
1176 778 1309 820 legitur.
1330 776 1531 819 (δεσποταν
1540 776 1642 810 Vind.

976 824 1035 868 F.)
1063 825 1109 857 ad
1129 835 1232 856 aures
1256 823 1416 855 dominae
1435 822 1641 866 iuterpreta-

977 874 1033 903 tus
1078 869 1218 902 Ficinus
1265 865 1466 901 δέσποιναν
1517 868 1644 912 legisse

978 926 1121 959 eumque
1172 914 1506 947 Schleiennacherus
1547 913 1645 959 sequi

978 961 1126 995 voluisse
1160 961 1315 993 videtur.
1356 962 1458 1004 jener
1493 962 1644 1004 lc‘irmige

978 1019 1096 1052 gegen
1122 1008 1177 1040 die
1207 1007 1384 1041 Herren
1421 1007 1645 1051 anlcloffende

980 1053 1100 1086 Ilund.

1024 1095 1297 1142 κραυγάζουσα]
1322 1095 1512 1141 πράξουσα
1543 1097 1644 1133 Vind.

981 1144 1021 1178 F.
1047 1149 1133 1188 Aug
1160 1146 1199 1178 B.
1227 1145 1317 1178 Flor.
1343 1146 1386 1180 R.
1418 1145 1472 1179 Cf.
1498 1145 1584 1189 Leg.
1604 1145 1645 1179 L.

979 1191 1061 1224 XII.
1088 1203 1121 1235 p.
1143 1193 1221 1225 967.
1248 1191 1299 1224 C:
1325 1190 1388 1224 και
1413 1189 1458 1235 δὴ
1484 1190 1546 1224 καὶ
1571 1192 1645 1224 λοι-

979 1234 1148 1291 δορήσεις
1187 1248 1226 1280 γε
1268 1234 1435 1280 επῆλθον
1472 1238 1648 1280 ποιηταῖς

980 1294 1070 1321 τους
1110 1283 1413 1337 φιλοσοφοῦντας
1452 1282 1535 1317 κυσι
1576 1294 1646 1326 μα-

980 1330 1104 1366 ταίαις
1138 1325 1407 1369 ἀπεικάζοντας
1442 1327 1646 1385 χρώμεναι-

983 1385 1038 1409 σιν
1063 1371 1221 1414 ὑλακαῖς
1256 1372 1349 1408 ἄλλα
1373 1372 1413 1408 τ’
1440 1374 1489 1409 om}
1515 1371 1646 1419 ανόητ’

983 1421 1113 1455 εἰπεῖν.

1031 1465 1319 1510 κενεαγορίαισι]
1397 1467 1649 1512 κενεαγορίαις

987 1513 1064 1547 Par.
1086 1513 1129 1545 K.
1150 1524 1218 1546 sec.
1243 1513 1352 1546 Bekk.
1377 1514 1650 1558 καινεαγορίαι·

989 1569 1024 1593 σι
1042 1560 1117 1593 Vat.
1130 1559 1174 1592 H.
1190 1559 1286 1593 Flor.
1298 1560 1336 1592 A.
1363 1559 1464 1600 Quod
1477 1560 1650 1593 Schleier—

988 1605 1163 1639 macherus
1197 1606 1261 1638 hoc
1290 1606 1323 1638 iu
1354 1608 1474 1650 poetas
1498 1618 1518 1639 a
1541 1606 1652 1650 philo-

990 1651 1095 1695 sopho
1120 1651 1256 1695 aliquo,
1288 1653 1436 1685 fortasse
1470 1652 1512 1685 ab
1536 1652 1652 1686 Hera-

991 1698 1093 1737 clito,
1126 1697 1251 1730 iactum
1283 1698 1499 1742 suspicatur,
1539 1709 1651 1743 neque

988 1744 1152 1776 dialectus
1177 1743 1384 1784 Heraclitea,
1408 1755 1518 1789 neque
1543 1745 1650 1788 color,

989 1794 1028 1822 ut
1050 1789 1099 1823 ita
1124 1789 1253 1830 dicam,
1275 1801 1339 1823 non
1364 1789 1462 1831 idem,
1488 1790 1547 1835 qni
1570 1790 1652 1824 reli-

989 1847 1142 1880 quorum,
1167 1836 1198 1869 h.
1220 1848 1249 1869 e.
1275 1836 1402 1879 lyricus
1426 1836 1572 1878 videtur,
1591 1849 1652 1870 ne—

989 1893 1055 1925 que
1079 1893 1159 1913 vero
1185 1882 1303 1923 Plato,
1335 1882 1364 1915 si
1389 1883 1493 1915 semel
1517 1886 1651 1916 mutuas

989 1932 1210 1971 utrorumque
1243 1927 1478 1962 cavillationes
1508 1929 1541 1962 iu
1579 1940 1652 1962 me-

990 1973 1080 2006 dium
1106 1973 1300 2016 prolaturus
1327 1978 1422 2015 erat,
1447 1985 1546 2007 uuam
1572 1979 1650 2007 tan-

991 2024 1062 2052 tum
1094 2019 1387 2064 philosophorum,
1406 2024 1496 2053 tres
1529 2023 1651 2065 poeta-

991 2076 1063 2097 rum
1083 2066 1238 2108 proferre
1254 2065 1414 2100 debebat.
1437 2066 1508 2099 Sed
1525 2067 1653 2109 nescio,

992 2122 1033 2144 an
1044 2111 1106 2143 hoc
1118 2110 1225 2154 ipsum
1239 2112 1380 2145 alienum
1395 2112 1437 2145 ab
1456 2112 1528 2145 eius
1540 2113 1654 2147 cousi-

992 2157 1036 2190 lio
1059 2161 1095 2189 et
1114 2157 1157 2189 ad
1174 2157 1376 2202 rusticitatis
1392 2158 1516 2192 crimen
1535 2159 1654 2192 desen—-

993 2203 1136 2236 dendum
1161 2204 1273 2247 aptius
1296 2203 1377 2237 illud
1401 2208 1503 2247 esset,
1527 2205 1555 2238 si
1577 2216 1654 2239 sese

993 2249 1145 2293 quamvis
1168 2249 1279 2282 multis
1305 2253 1481 2303 poetarum
1506 2251 1656 2293 dicteriis

993 2294 1188 2328 lacessitam
1221 2295 1321 2329 nihilo
1357 2297 1465 2330 miuus
1500 2301 1655 2342 palatam

993 2341 1036 2374 ad
1052 2340 1282 2396 recipiendam
1303 2343 1365 2376 sub
1385 2343 1598 2377 conditione
1588 2350 1655 2377 ista

995 2386 1112 2432 poesin
1148 2387 1399 2422 demonstraret
1431 2388 1655 2434 philosophia.

994 2433 1138 2466 Accedit
1170 2434 1259 2478 quod
1290 2446 1431 2478 maguus
1453 2435 1511 2471 ille
1533 2436 1655 2469 stulto-

995 2490 1069 2512 rum
1103 2479 1136 2512 iu
1159 2480 1419 2525 vaniloquentiis
1451 2482 1527 2526 quis
1552 2482 1656 2515 fuexit

996 2529 1031 2558 et
1055 2525 1163 2569 qualis
1187 2526 1320 2560 facilius
1344 2527 1462 2560 coniici
1479 2531 1605 2572 potest,
1624 2527 1654 2561 si

996 2571 1092 2604 stulti
1116 2571 1303 2617 philosophi
1327 2579 1427 2615 sunt,
1449 2573 1569 2606 ducem
1592 2574 1655 2608 ali-

995 2629 1094 2662 quem
1127 2624 1243 2651 sectae
1272 2631 1354 2652 suae
1381 2619 1435 2652 vel
1459 2620 1655 2663 figmentum

996 2663 1142 2707 aliquod,
1169 2664 1262 2697 cuius
1286 2665 1375 2699 modi
1397 2665 1538 2704 Δῖνος
1529 2677 1563 2699 ιιι
1581 2666 1654 2699 Νιι-

997 2709 1094 2742 bibus
1119 2710 1354 2764 Aristophanis
1387 2713 1438 2755 (v.
1466 2712 1562 2755 380.)
1591 2716 1656 2754 est,

996 2755 1107 2800 magui
1130 2756 1314 2802 facientes,
1343 2769 1443 2803 quam
1466 2757 1495 2792 si
1517 2760 1653 2804 poetae,
