1764 3176
558 188 1034 232 EDITORIS.
1340 204 1517 230 xxxxlu

121 307 283 343 moralem
305 315 444 340 causam
465 307 654 350 coniungit.
712 305 967 350 Aliquantisper
987 307 1092 341 sentit
1118 306 1213 350 gigni
1234 306 1344 339 bonos
1361 310 1396 340 et
1413 317 1516 349 prae-

121 368 258 400 stantes
270 364 540 406 gubernatores,
571 374 716 407 quorum
754 365 878 397 virtute
899 368 1082 398 teneantur
1102 364 1255 407 imperia.
1313 363 1443 397 Postea
1468 364 1517 396 ait

123 422 219 456 nasci
238 421 480 463 languidiores,
511 421 568 464 qui
585 422 649 464 ipsi
669 421 739 454 suis
757 420 928 454 furoribus
953 420 1108 454 evertunt
1129 421 1283 463 imperia.

236 477 342 511 Cuius
362 478 411 511 rei
437 478 600 521 exemplis
620 478 749 521 aliquot
774 487 816 511 ex
845 477 986 512 historia
1006 478 1118 511 allatis
1138 475 1384 510 Melanchthon
1411 486 1518 519 quae—

121 535 244 569 stionis
262 535 483 577 gravissimae.
510 535 709 577 orantisque
731 535 817 568 vires
841 536 1036 578 superantis
1064 535 1327 577 explicationem
1347 533 1458 566 defert
1478 532 1523 567 ad

122 596 340 636 praesentem
369 592 560 634 Casparum
581 592 824 634 Crucigerum,
855 593 950 625 cuius
978 591 1157 634 responsio
1190 591 1314 623 ibidem
1347 591 1438 623 edita
1472 582 1525 623 est

123 648 227 683 haec:
257 648 446 692 Perspicua
466 653 500 683 et
518 649 663 682 illustria
682 649 877 683 testimonia
897 654 976 682 sunt
994 648 1230 692 providentiae
1251 647 1397 688 divinae,
1428 652 1525 681 certa

125 715 305 748 corporum
331 706 532 739 coelestium
553 710 588 738 et
612 707 859 739 elementorum
884 707 1010 747 series,
1044 705 1128 738 certi
1147 704 1297 738 siderum
1319 708 1450 745 motus,
1483 715 1525 737 ac

124 762 316 805 specierum
342 763 572 804 conservatio,
603 767 638 796 et
658 763 781 796 mentis
801 762 969 796 humanae
993 762 1153 806 noticiae,
1187 771 1275 804 quae
1299 765 1377 794 sunt
1401 762 1526 794 artium

124 819 250 852 fontes.
307 819 406 852 Haec
438 819 554 853 omnia
584 830 661 853 cum
691 820 884 862 intuemur,
915 819 1015 852 fateri
1047 819 1229 861 cogimur,
1274 828 1350 851 esse
1377 822 1526 851 mentem

125 875 435 910 architectatricem
453 876 590 918 mundi,
621 887 711 919 quae
733 877 814 910 velit
835 877 899 910 coli
928 877 1023 910 iuxta
1042 886 1196 909 normam
1225 885 1267 907 nc
1294 876 1408 920 leges,
1441 884 1527 917 quas

122 933 224 969 nobis
260 929 396 966 indidit.
453 933 582 968 Postea
614 934 694 967 vero
726 944 802 967 cum
841 933 1058 967 confusiones
1091 932 1333 976 imperiorum,
1375 932 1527 974 gentium

125 990 302 1031 interitus,
334 994 368 1023 et
388 990 629 1033 dissipationes
648 991 840 1033 intuentur,
871 990 1022 1023 homines
1045 989 1182 1023 attoniti
1204 988 1431 1022 admiratione
1454 993 1528 1022 stn-

127 1043 222 1090 pent‚
253 1057 294 1079 ac
313 1057 430 1080 rursus
450 1047 629 1089 dubitant,
661 1058 704 1081 an
727 1058 808 1081 casu
837 1047 983 1091 imperia
1003 1051 1212 1087 nascantur,
1244 1050 1278 1079 et
1307 1056 1424 1079 rursus
1445 1056 1527 1078 casu

128 1103 342 1145 dilabantur,
370 1109 409 1137 ut
426 1104 646 1137 formicarum
669 1105 841 1139 examina.
901 1104 974 1137 Nec
995 1103 1151 1146 profecto
1173 1103 1303 1136 tristius
1324 1104 1427 1135 ullum
1445 1114 1526 1145 spe-

129 1160 300 1193 ctaculum
322 1165 395 1202 est,
425 1171 528 1203 quam
547 1162 672 1194 intueri
692 1161 771 1194 inde
791 1171 898 1204 usque
919 1162 962 1193 ab
986 1161 1084 1193 initio
1109 1161 1224 1193 ruinas
1250 1163 1302 1192 tot
1324 1159 1527 1193 florentissi-

129 1227 262 1250 morum
290 1227 485 1259 regnorum.
544 1216 684 1253 Quanta
713 1219 819 1251 virtus
838 1218 900 1250 fuit
923 1218 1069 1250 civitatis
1092 1216 1254 1250 Atticae?
1286 1216 1384 1249 Nunc
1405 1227 1472 1259 quo
1493 1217 1526 1250 in

128 1274 208 1307 loco
230 1272 351 1315 fuerit,
379 1284 449 1307 non
479 1275 562 1307 satis
588 1275 668 1308 sciri
696 1279 822 1318 potest.
880 1275 1030 1317 Propter
1065 1273 1152 1307 hanc
1174 1278 1304 1306 tantam
1327 1274 1528 1306 varietatem

130 1334 334 1371 eventuum,
359 1332 464 1364 multa
496 1331 539 1364 de
571 1332 682 1365 causis
704 1332 931 1364 mutationum
953 1330 1151 1374 Philosophi
1171 1331 1431 1373 quaesiverunt:
1463 1340 1528 1364 nec

130 1387 294 1430 explicari
313 1397 391 1428 res,
422 1388 486 1421 nisi
517 1389 551 1421 in
580 1388 738 1421 doctrina
759 1389 940 1421 Ecclesiae
973 1392 1096 1431 potest.
1155 1387 1257 1420 Plato
1286 1388 1391 1429 igitur
1410 1387 1529 1420 videns

129 1444 399 1478 inextricabilem
420 1446 655 1487 quaestionem
675 1456 762 1486 esse,
792 1445 902 1478 Musis
932 1455 1008 1478 eum
1033 1455 1225 1478 sermonem
1248 1445 1414 1485 attribuit,
1446 1454 1531 1487 quas

130 1501 222 1535 velut
248 1501 477 1535 vaticinantes
505 1503 603 1545 fingit
629 1503 775 1536 obscure
805 1513 944 1535 causam
976 1502 1135 1535 recitare.
1195 1501 1278 1534 Ideo
1314 1506 1428 1534 certas
1456 1512 1532 1534 esse

131 1557 325 1601 politiarum
351 1558 530 1601 periodos,
560 1560 639 1602 quia
667 1560 701 1592 in
721 1560 945 1602 generatione
966 1559 1128 1600 iungatur
1152 1558 1390 1600 sesquitertiae
1411 1558 1531 1601 quina-

132 1615 216 1648 rius.
272 1613 357 1648 Eius
388 1615 470 1648 dicti
499 1616 564 1649 etsi
591 1617 718 1649 multae
744 1616 1046 1658 interpretationes
1070 1615 1089 1648 a
1107 1615 1217 1648 doctis
1236 1615 1412 1657 quaesitae
1433 1619 1532 1648 sunt:

131 1675 248 1705 tamen
269 1669 357 1705 hanc
375 1672 658 1715 simplicissimam
681 1683 757 1706 esse
779 1673 905 1712 iudico,
936 1677 973 1705 ut
994 1672 1293 1705 consonantiarum
1314 1672 1390 1704 finis
1412 1676 1534 1705 natura

133 1727 312 1761 ordinatus
341 1733 412 1772 est,
445 1739 521 1762 cum
548 1729 592 1762 ad
629 1724 691 1761 διὰ
711 1728 840 1761 πασῶν
863 1734 999 1762 ventum
1034 1732 1104 1761 est:
1136 1729 1181 1760 ita
1218 1728 1351 1770 legibus
1374 1728 1534 1762 fatalibus

133 1784 184 1818 ait
203 1784 345 1818 subinde
366 1795 455 1818 nova
484 1786 629 1829 imperia
657 1787 780 1819 exoriri
808 1786 983 1818 ruentibus
1015 1785 1205 1827 prioribus,
1237 1786 1534 1829 proptereaquod

134 1842 391 1884 praestantiora
411 1841 588 1884 deficiant,
620 1842 729 1875 donec
757 1853 874 1875 rursus
891 1842 987 1875 fatali
1008 1842 1121 1883 aliqua
1146 1842 1222 1883 lege
1242 1842 1301 1874 fiat
1319 1842 1534 1877 instauratio.

134 1907 223 1941 quae
252 1897 326 1940 ipsa
351 1899 524 1931 sententia
553 1903 670 1932 tamen
701 1899 866 1942 affirmat,
897 1899 1006 1931 divina
1032 1898 1245 1940 providentia
1274 1899 1324 1931 sic
1341 1900 1534 1933 ordinatam

135 1964 211 1988 esse
230 1958 266 1987 et
286 1965 397 1988 rerum
423 1960 458 1988 et
478 1955 650 1990 hominum
669 1961 849 2000 naturam,
882 1960 920 1989 ut
949 1955 1125 1988 ruentibus
1146 1955 1295 1998 imperiis
1320 1956 1382 1988 alia
1405 1958 1534 1990 consti->

135 2014 288 2045 tuantur.
345 2012 416 2045 Sed
449 2023 588 2046 causam
617 2013 738 2046 ruinae
764 2016 935 2046 monstrat
958 2012 1112 2045 doctrina
1131 2011 1328 2053 Ecclesiae,
1360 2023 1447 2055 quae
1471 2014 1534 2046 ad-

135 2068 250 2101 firmat
282 2069 489 2103 mutationes
519 2071 737 2113 imperiorum
770 2081 900 2113 poenas
931 2079 1006 2103 esse
1032 2070 1220 2110 scelerum,
1251 2079 1339 2111 quae
1365 2071 1479 2113 populi
1499 2075 1534 2104 et

137 2135 237 2167 reges
273 2130 527 2169 perpetrarunt.
572 2124 625 2171 (in
643 2137 785 2170 eamque
809 2127 1014 2160 sententiam
1039 2126 1185 2168 paucula
1208 2125 1326 2167 addit,
1368 2138 1457 2169 quae
1478 2127 1533 2161 hic

136 2181 324 2224 repetenda
353 2193 422 2216 non
451 2184 671 2225 videbantur,
710 2188 831 2228 utpote
868 2183 912 2217 ad
955 2184 1067 2216 locum
1099 2182 1254 2215 Platonis
1295 2193 1362 2216 non
1390 2185 1534 2228 amplius

137 2236 388 2284 respicientia.)

254 2295 431 2338 Crucigeri
458 2297 673 2340 responsioni
704 2297 858 2331 subiecta
881 2297 1006 2339 legitur
1029 2296 1064 2329 in
1096 2295 1217 2329 eodem
1246 2295 1332 2329 libro
1351 2297 1535 2339 explicatio

139 2350 310 2385 Matthiae
337 2353 577 2395 Lauterwald,
607 2355 664 2396 qui
688 2355 906 2398 praescriptis
934 2353 1045 2386 verbis
1062 2353 1235 2386 Platonis:
1268 2344 1319 2384 ὧν
1349 2348 1536 2396 ἐπίτριτος

141 2403 299 2452 πυθμὴν
324 2405 513 2451 πεμπτάδι
540 2409 626 2454 (sic)
657 2409 821 2453 συζυγεὶς
849 2406 916 2443 δύο
939 2403 1120 2452 ἁρμονίας
1147 2405 1346 2451 παρέχεται
1369 2408 1449 2452 τρὶς
1471 2406 1538 2445 αὖ..

143 2462 273 2506 ξηθεὶς
303 2464 392 2500 hunc
420 2467 454 2500 in
485 2467 623 2500 modum
653 2468 808 2502 disserit:
840 2469 940 2504 Quae
969 2466 1093 2500 deinde
1113 2467 1146 2499 in
1169 2466 1315 2499 Platone
1338 2473 1538 2512 sequuntur,

142 2522 361 2564 obscuriora,
391 2528 429 2557 ut
455 2524 632 2567 videntur,
663 2524 742 2558 huic
772 2516 965 2558 sententiae
999 2524 1113 2557 omnia
1145 2527 1225 2556 sunt
1255 2523 1405 2569 inclusa,
1436 2530 1475 2559 ut
1505 2530 1539 2559 et

142 2577 347 2612 Aristoteles
373 2580 407 2613 in
428 2581 548 2614 ultimo
567 2582 681 2624 capite
711 2583 819 2625 quinti
836 2582 1058 2616 Politicorum
1086 2580 1258 2613 iudicavit.
1318 2581 1540 2626 Quapropter

144 2634 210 2668 hac
222 2637 392 2669 sententia
420 2639 613 2681 explicata,
643 2639 774 2682 reliqua
793 2639 907 2673 omnia
936 2638 1070 2671 facilius
1090 2638 1267 2679 patebunt.
1326 2639 1403 2672 Duo
1424 2645 1538 2673 autem

145 2692 179 2725 in
203 2691 269 2725 hac
300 2695 471 2727 sententia
502 2700 724 2737 quaeruntur.
781 2696 897 2730 Primo
925 2704 1090 2738 quasnam
1125 2692 1316 2727 harmonias
1336 2688 1356 2727 ὁ
1383 2692 1539 2738 πυθμὴν

145 2749 380 2792 sesquitertius
391 2752 558 2793 praebeat
576 2753 609 2786 in
625 2755 814 2787 mutatione
833 2754 946 2796 legum
963 2755 998 2784 et
1018 2755 1128 2784 status
1147 2751 1376 2794 imperiorum.
1405 2753 1539 2787 Deinde

146 2815 215 2849 quo
239 2811 394 2850 tempore
422 2808 479 2842 illa
509 2810 653 2844 mutatio
681 2811 752 2845 fiat.
810 2808 864 2845 Ad
892 2809 1035 2853 primam
1065 2804 1299 2851 quaestione-ni
1334 2810 1537 2854 respondeo,
