1764 3176
265 70 350 110 296

708 63 1189 107 PL‘ATONIS

268 183 373 229 λους
406 193 448 221 τε
476 175 746 231 ἑωρακότας,
779 176 861 220 οὐκ
898 176 940 230 ἐξ
969 176 1205 232 ἐπιδρομῆς
1234 174 1312 225 τοὶς
1343 173 1529 228 αἱρέσεις
1557 189 1651 218 ποι-

268 251 427 290 εῖσθαι.
469 243 538 288 διὸ
571 244 624 300 δὴ
653 245 728 288 καὶ
755 244 1001 300 μεταβολήν
1031 248 1121 288 τῶν
1149 247 1300 286 κακῶν
1328 243 1400 286 καὶ
1429 245 1518 286 τῶν
1547 240 1652 298 ἄγα-

267 318 365 359 θῶν
401 318 496 364 ταῖς
536 316 719 364 πολλαῖς
753 316 841 356 τῶν
881 317 1035 370 ψυχῶν
1076 314 1305 368 γίγνεσθαι
1351 311 1424 355 καὶ
1463 311 1536 355 διὰ
1573 310 1655 368 τήν

268 387 351 427 τοῦ
392 380 560 437 κλήρου
589 378 738 436 τύχην.

798 379 910 432 ἐπεὶ,
952 383 991 425 εἴ
1018 398 1080 432 τις
1111 379 1198 434 ἀεὶ,

1237 378 1368 423 ὁπότε
1399 381 1458 431 εἰς
1485 379 1563 423 τὸν
1593 379 1657 422 ἐν-

205 450 239 491 Ε
269 450 379 494 θάδε
396 451 496 504 βίον
521 447 768 504 ἀφικνοῖτο,
788 446 926 505 ὑγιῶς
950 453 1207 505 φιλοσοφοῖ,
1228 448 1301 492 καὶ
1319 448 1342 491 ὁ
1359 451 1519 503 κλῆρος
1537 445 1663 504 αὐτῷ»

268 522 344 574 τῆς
374 517 577 571 αἱρέσεως
605 516 662 573 μὴ
695 517 741 560 ἐν
759 517 1022 567 τελευταίοις
1042 518 1205 569 πίπτοι,
1229 515 1480 559 κινδυνεύει
1499 516 1547 559 ἐκ
1566 520 1656 559 τῶν

271 586 439 630 ἐκεῖθεν
477 583 870 640 ἀπαγγελλομένων
911 582 965 627 οὐ
1002 582 1143 639 μόνον
1177 584 1334 628 ἐνθάδε
1375 582 1657 638 εὐδαιμονεῖν

271 652 348 705 ἂν,
394 652 503 696 ἀλλὰ
542 654 616 696 καὶ
653 652 733 710 τήν
762 653 940 697 ἐνθένδε
971 653 1104 698 ἐκεῖσε
1141 655 1216 698 καὶ
1248 657 1380 709 δεῦρο
1410 654 1546 697 πάλιν
1573 669 1657 696 πο-

272 724 394 778 ρείαν
439 719 522 764 οὐκ
558 720 614 764 ἂν
652 722 840 778 χθονίαν
879 722 952 765 καὶ
988 724 1193 779 τραχεῖαν
1220 722 1513 778 πορεύεσθαι,
1551 710 1661 765 ἄλλοι

320 891 357 935 ἐξ
406 890 632 937 ἐπιδρομῆς]
852 894 938 927 Lob.

272 940 374 973 Vind.
392 939 436 973 F.

320 1007 538 1050 ποιεῖσθαι]
562 1007 748 1050 ποιῆσθαι
772 1007 874 1042 Vind.
896 1007 941 1040 Ε.

319 1072 541 1120 μεταβολήν]
565 1074 750 1121 μεταβολὴ
775 1075 879 1129 Vind.
898 1075 941 1111 F.

320 1146 397 1179 τῶν
422 1142 594 1189 ἀγαθῶν]
621 1144 696 1177 τῶν
716 1156 781 1178 om.
802 1144 888 1178 idem
907 1149 943 1177 et

275 1194 362 1236 Aug.
385 1192 424 1224 Β.

322 1258 424 1303 ἐπεὶ]
472 1259 577 1293 Porro
615 1258 691 1294 Fic.
735 1270 945 1303 quamquam

275 1307 415 1343 Astiust.
460 1306 557 1339 male.
618 1304 748 1338 Reddit
778 1305 944 1339 rationem

277 1357 357 1387 ante
381 1353 558 1385 dictorum.

701 893 796 935 εξεπ.

326 1418 454 1465 ὁπότε]
483 1420 534 1459 εἰς
561 1416 676 1454 ὁπότε
703 1418 804 1452 Vind.
830 1419 873 1452 E.

325 1487 548 1534 αφικνοῖτο]
597 1485 827 1532 ἀφικνεῖται,
871 1499 944 1532 sup.

280 1539 373 1580 οῖτο,
399 1537 479 1570 Par.
505 1536 549 1570 K.

326 1605 553 1649 φιλοσοφοῖ]
612 1604 815 1647 φιλοσοφεῖ
859 1601 944 1635 Lob.

279 1652 380 1685 &ind
408 1652 446 1684 B.
477 1651 571 1684 Mon.
607 1651 647 1684 B.
685 1650 763 1683 V.at
788 1650 828 1682 B.
864 1648 947 1682 Par.

279 1698 357 1732 DK.
384 1698 476 1730 Flor.
508 1697 554 1730 U.

331 1763 369 1800 ἐν
401 1764 648 1808 τελευταίοις]
701 1764 755 1797 Ita
794 1763 873 1795 Par.
908 1763 948 1795 A.

285 1812 384 1845 Vind.
409 1813 483 1847 BE.
515 1815 602 1853 Aug.
629 1812 666 1843 Β.
702 1809 775 1842 Pal.
801 1809 841 1841 A.
870 1809 950 1842 vat.

285 1859 329 1893 H.
366 1857 462 1891 Flor.
508 1857 683 1891 ACRTV.
726 1855 950 1893 τελευταίοις

284 1905 371 1939 Lob.
396 1904 495 1938 Vind.
510 1904 554 1938 F.
582 1904 660 1935 Vat.
680 1901 760 1935 ΒΜ.
785 1898 949 1934 εὐτελεῖ)-

284 1953 391 1989 ταῖος
417 1950 498 1983 Bas.
522 1953 554 1983 b.
586 1950 794 1986 τελευταῖος
827 1947 950 1989 reliqui

287 1997 433 2039 codices,
460 1996 597 2029 Ficinus
626 1995 785 2038 (ultima)
815 1998 849 2026 et
875 1993 949 2025 Ald.

285 2044 366 2076 Bas.
393 2054 423 2075 a.
449 2043 569 2086 steph.
594 2043 670 2076 Ast.
692 2040 794 2084 idque
818 2044 856 2071 nt
879 2050 951 2072 ma-

286 2089 376 2122 xime
400 2088 578 2121 adversum
595 2087 739 2120 maxime
755 2091 869 2128 aptum
888 2096 951 2128 pu-

288 2140 351 2168 tes.
404 2134 632 2167 Veruntamen
657 2144 734 2166 mox
761 2131 864 2164 etiam
889 2131 952 2163 hoc

289 2180 434 2214 maxime
465 2181 646 2214 adversum
677 2182 819 2222 experto
848 2177 952 2209 vitam

289 2227 372 2260 satis
397 2227 520 2259 bonam
539 2225 738 2268 contingere
754 2223 951 2256 videbimus.

290 2273 432 2306 Scilicet
458 2271 595 2315 Vlyssi,
621 2271 677 2304 uni
703 2271 850 2304 omnium
873 2281 954 2313 pru-

290 2319 501 2352 dentissimo.
569 2318 748 2361 Plerisque
783 2315 858 2348 aliis
893 2326 954 2347 nec

290 2365 496 2417 penuitimae
512 2375 575 2397 nec
585 2361 871 2407 antepenultimae
882 2372 955 2394 sor-

290 2411 336 2443 tis
362 2409 512 2443 conditio
536 2421 602 2443 non
622 2408 740 2453 iniqua
758 2409 858 2441 foret.
892 2408 956 2440 His

290 2457 397 2501 igitur
421 2467 504 2489 sane
528 2456 715 2506 optandum
739 2461 805 2496 est,
829 2458 868 2486 ut
892 2464 958 2486 non

278 2502 388 2536 *modo
413 2502 531 2544 ultimi,
555 2501 614 2535 sed
640 2513 682 2534 ne
707 2500 797 2534 inter
822 2500 958 2532 ultimos

291 2548 427 2593 quidem
463 2548 506 2581 ad
551 2547 748 2580 electionem
795 2545 959 2579 accedere

293 2598 468 2638 cogantur.
518 2593 618 2633 Quod
643 2593 822 2626 Bekkerus
843 2592 959 2625 Plato-

293 2653 368 2674 nem
392 2639 570 2683 scripsisse
594 2639 800 2694 suspicatur,
822 2635 860 2672 ἐν
879 2639 959 2676 τοῖς

293 2687 522 2727 τελευταῖος,
557 2685 639 2728 (non
675 2682 713 2718 ἐν
738 2687 817 2723 τοῖς
840 2685 959 2717 τελευ-

294 2733 437 2775 ταίοις,
472 2736 511 2765 ut
544 2730 786 2765 Stallbaumius
821 2730 855 2763 in
888 2741 957 2763 sec.

999 893 1063 937 ait)
1088 895 1176 927 haud
1200 894 1376 939 inelegans
1400 900 1465 938 est,
1482 900 1518 929 et
1534 896 1562 929 si
1581 895 1661 933 τοῖς

999 940 1032 973 in
1057 941 1230 975 codicibus
1254 947 1365 984 esset,
1401 953 1463 986 pro
1495 953 1578 975 vero
1601 941 1661 974 ha-

998 986 1073 1019 beri
1096 992 1232 1031 posset:
1265 999 1352 1020 nunc
1386 990 1593 1026 τελευταῖος
1618 987 1661 1020 ob

1000 1043 1095 1071 eam,
1121 1045 1222 1077 quam
1252 1033 1470 1076 significavi,
1494 1033 1664 1067 rationem

1000 1090 1042 1111 ex
1075 1075 1113 1111 ἐν
1148 1080 1371 1118 τε2ευταίοις
1401 1082 1527 1113 factum
1560 1085 1664 1124 atque

999 1124 1062 1157 hoc
1087 1125 1270 1169 genuinum
1292 1125 1401 1159 videri
1424 1127 1539 1159 debet.

1048 1204 1199 1248 πίπτοι]
1232 1206 1357 1240 πίπτει
1381 1207 1479 1241 Vind.
1504 1206 1546 1241 B.
1571 1205 1664 1240 Mon.

1001 1251 1043 1284 B.
1068 1251 1148 1286 Par.
1174 1251 1251 1285 DK.
1278 1265 1347 1286 sec.
1371 1254 1489 1295 Bekk„

1050 1316 1142 1353 ἀλλὰ
1178 1320 1264 1365 καὶ]

1002 1366 1099 1400 Flor.
1125 1367 1198 1401 AV.

1308 1320 1370 1354 καὶ
1407 1334 1470 1355 om.
1507 1323 1586 1357 Vat.
1619 1322 1665 1356 H.

1048 1446 1222 1491 χθονίαν]
1242 1448 1394 1490 χρονίαν
1408 1447 1506 1482 iidem
1520 1451 1557 1481 et
1567 1445 1666 1480 Vind.

1004 1493 1077 1526 ΒΕ.
1102 1493 1197 1526 Flor.
1223 1493 1265 1527 C.

1051 1575 1237 1619 τραχεῖαν]
1264 1577 1414 1618 ταχεῖαν
1438 1575 1518 1609 vat.
1541 1575 1587 1608 H.

1051 1641 1294 1687 πορεύεσθαι]
1303 1642 1555 1688 πορεύσεσθαι
1565 1642 1668 1679 Vind.

1006 1689 1080 1723 BE.
1110 1690 1192 1723 Ven.
1217 1690 1256 1724 B.
1283 1690 1376 1725 Flor.
1402 1691 1506 1726 ACV.

1051 1767 1193 1813 ταύτην
1205 1768 1276 1813 γὰρ
1294 1790 1339 1795 -
1357 1771 1572 1815 μίγνυσθαι.
1589 1772 1668 1805 620.

1007 1815 1073 1859 1).]
1100 1829 1167 1850 om.
1197 1817 1290 1851 Mon.
1315 1818 1356 1851 B.
1392 1822 1437 1860 et,
1471 1818 1536 1851 nisi
1558 1817 1670 1858 fallor,

1008 1861 1099 1895 Flor.
1127 1863 1168 1895 U.
1221 1863 1326 1897 Certe
1352 1864 1443 1898 nulla
1468 1864 1541 1898 eius
1563 1864 1598 1897 in
1620 1863 1672 1897 his

1006 1908 1129 1942 mentio
1154 1909 1206 1942 fit.

1054 1975 1099 2020 δὴ
1123 1974 1209 2022 εφη]
1235 1976 1294 2022 δὴ,
1315 1990 1400 2022 εφη,
1417 1979 1537 2024 steph
1560 1977 1670 2012 Bekk.

1006 2023 1129 2056 Stanb.

1053 2100 1145 2147 τήν]
1175 2116 1240 2139 om.
1273 2105 1352 2138 vat.
1377 2105 1417 2138 B.
1442 2108 1477 2138 et
1508 2116 1528 2138 a
1552 2115 1594 2137 m.
1619 2114 1671 2148 pr.

1009 2151 1093 2184 Ven.
1117 2150 1156 2182 B.

1058 2227 1222 2274 ἕκασται]
1249 2228 1395 2265 ἕκαστοι
1414 2230 1513 2265 Vind.
1533 2230 1575 2264 E.
1594 2231 1674 2265 Vat.

1011 2277 1056 2311 H.

1059 2344 1239 2391 ἐλεεινήν]
1278 2342 1434 2380 ἐλεεινόν
1469 2346 1555 2379 Lob.
1579 2346 1742 2383 Vat.620

1012 2393 1063 2429 M.
1113 2393 1166 2426 Cf.
1191 2393 1234 2426 ad
1258 2405 1292 2437 p.
1317 2394 1397 2427 605.
1421 2394 1462 2426 B.
1487 2393 1590 2426 dicta.

1060 2462 1221 2506 γελοίαν]
1248 2463 1396 2505 γελοῖαν
1420 2461 1521 2496 Vind.
1542 2461 1582 2494 B.

1061 2541 1154 2577 κατὰ
1168 2539 1386 2585 συνήθειαν]
1407 2540 1589 2574 Proclnsin
1600 2540 1676 2575 Civ.

1041 2591 1164 2632 .,332
1186 2591 1207 2623 7
1235 2600 1254 2621 a
1278 2590 1302 2622 f.
1337 2585 1433 2621 κατὰ
1467 2586 1536 2626 τὰς
1570 2597 1676 2629 συ-νη

1015 2636 1124 2674 θείας
1133 2635 1235 2689 ,οὖν
1246 2634 1306 2667 καὶ
1327 2646 1444 2673 αυτος
1457 2646 1507 2672 ως
1524 2630 1571 2666 τὰ
1590 2634 1678 2666 πολ-

1016 2679 1062 2716 λοὶ
1097 2694 1163 2720 τας
1199 2677 1322 2723 ψυχὰς
1363 2679 1554 2734 αἱρεῖσθαί
1588 2688 1678 2731 φησι

1016 2726 1106 2767 τοὺς
1139 2725 1335 2771 δευτέρους
1372 2727 1476 2772 βίους
1520 2721 1540 2760 ὁ
1578 2721 1678 2758 Haa-
