1764 3176
221 101 306 142 276

226 206 453 265 γεγονότες
482 201 593 257 εἷεν,
623 203 734 247 κατοὲ
765 201 903 248 ταύτὰ
935 203 1017 261 τήν
1046 201 1173 254 ἀξίαν
1201 203 1466 258 κομίζοιντο.

668 91 1147 135 PLATONIS

1519 204 1610 245 τῶν

164 280 197 322 C
228 276 273 320 δὲ
307 272 445 325 εὐθύς
483 272 730 329 γενομένων
760 273 834 316 καὶ
874 271 1026 328 ὀλίγον
1060 269 1223 326 χρόνον
1259 270 1480 327 βιούντων
1512 269 1611 325 πέρι

177 1071 209 1113 C

226 344 335 388 ἄλλα
365 343 509 397 ἔλεγεν
541 340 624 384 οὐκ
655 340 754 393 ἄξια
783 340 966 397 μνήμης.

1019 340 1078 389 είς
1109 339 1156 382 δὲ
1186 338 1319 389 θεοὺς
1349 337 1548 396 ἀσεβείας
1565 353 1636 382 τε-

226 413 302 456 καὶ
331 411 550 467 εὐσεβείας
580 409 655 454 καὶ
683 406 839 465 γονέας
878 410 951 453 καὶ
982 404 1237 462 αὐτόχειρας
1268 404 1414 461 φόνου
1443 408 1613 462 μείζους

228 481 290 525 ἔτι
328 479 432 530 τούς
468 477 661 534 μισθούς
703 479 910 532 διηγεῖτο.

969 475 1053 531 ἔφη
1091 474 1173 530 γὰρ
1206 474 1259 530 δὴ
1288 473 1614 535 παραγενέσθαι

229 548 491 605 ἐρωτωμένῳ
517 545 650 604 ,ἑτέρῳ
680 543 766 588 ὑπὸ
796 543 970 599 ἑτέρου,
1003 541 1119 585 ὅπου
1151 543 1216 598 εἴη
1243 540 1461 595 Ἀρδιαῖος
1491 542 1514 586 ὁ
1543 542 1616 597 με’-

229 635 322 674 γας.
361 614 385 660 ὁ
416 616 464 660 δὲ
494 613 711 668 Ἀρδιαῖος
741 607 872 663 οὗτος
901 614 976 667 τῆς
1008 611 1274 666 Παμφυλίας
1305 610 1352 654 ἔν
1376 627 1462 654 τινι
1492 610 1616 654 πόλει

231 684 451 741 τύραννος
490 682 702 741 ἐγεγόνει,
740 680 823 738 ἤδη
863 678 1085 736 χιλιοστὸν
1116 679 1209 730 ἔτος
1250 680 1309 730 εἰς
1339 679 1508 723 ἐκεῖνον
1538 680 1616 725 τὸν

282 829 376 888 εἷεν]
391 825 469 887 ἦεν
484 832 573 866 Lob.

281 891 377 913 κατα
397 875 535 932 ταύτὰ]
559 878 777 912 καταταῦτα
800 875 899 912 Vind.

237 926 281 959 F.
305 923 400 958 κατὰ
433 922 572 968 ταύτην
609 925 695 958 Lob.
734 924 829 957 Mon.
860 923 900 955 B.

238 972 316 1005 Par.
358 971 433 1004 DK.
475 983 544 1006 sec.
585 971 696 1004 Bekk.
732 971 812 1005 Vat.
852 968 901 1001 Μ.

238 1018 334 1051 Flor.
359 1017 404 1050 U.

288 1074 328 1107 δὲ
354 1071 486 1116 εὐθὺς]
513 1069 552 1106 δ’
577 1070 697 1112 εὐθὺς
716 1070 904 1106 Ἧιιᾶ.ΒΕ.

244 1120 321 1154 Vat.
344 1121 388 1155 H.

285 1174 507 1221 γενομένων]
534 1173 717 1220 γενομένω
749 1174 846 1209 Vind.
862 1174 905 1207 E.

238 1222 477 1268 γενωμένων,
504 1235 579 1267 sup.
607 1223 714 1255 altero
750 1233 771 1254 ν
805 1230 908 1265 super

240 1280 291 1312 εν,
319 1271 402 1303 Ven.
430 1270 470 1304 Β.
505 1265 706 1312 γινομένων
738 1267 838 1299 Vind.
868 1266 907 1299 F.

241 1320 297 1356 et,
322 1327 396 1360 sup.
423 1326 437 1347 ε
462 1326 566 1359 super
591 1327 615 1354 ι,
643 1316 730 1357 Ang.
743 1314 784 1346 B.
820 1313 908 1345 Sen—

242 1373 315 1396 sum
350 1360 448 1393 huius
483 1360 644 1393 dictionis
670 1358 823 1411 quamvis
848 1358 908 1390 im-

241 1407 416 1452 perfectae
435 1406 649 1460 perspicuum
670 1404 837 1459 explicuit
849 1403 909 1436 Fi-

244 1453 357 1487 cinus:
384 1454 441 1497 qui
462 1454 580 1486 statim
602 1464 641 1485 ac
656 1452 735 1484 nati
753 1455 829 1483 sunt
849 1451 911 1482 de-

243 1510 382 1532 cess-erne
410 1499 505 1532 Astio
519 1501 555 1531 et
574 1497 796 1531 Stallbaumio
819 1492 910 1528 ἄπο-

243 1541 446 1578 θανόντων
481 1549 558 1588 post
581 1540 790 1588 γενομένων
819 1541 912 1575 exci—

245 1591 337 1624 disse
369 1591 529 1631 videtur,
564 1590 655 1634 quod
699 1589 727 1622 51
762 1588 912 1627 adesset,

247 1637 405 1689 equidem
448 1637 605 1670 omissum
650 1635 791 1668 1113116111.
861 1634 914 1666 Ι)6

247 1682 387 1717 mortuis
412 1681 465 1715 1110
490 1682 547 1725 agi
566 1683 599 1715 in
624 1686 743 1725 aperto
761 1683 833 1721 est3
853 1691 916 1712 nec

249 1733 440 1768 nostrates,
465 1729 604 1772 opinor,
630 1727 821 1761 offenderet
850 1737 917 1758 von

252 1776 372 1814 denen,
398 1776 453 1807 die
479 1776 562 1807 eben
587 1779 655 1807 erst
680 1774 830 1817 geboren
853 1783 917 1816 ge-

250 1833 362 1855 wesen
394 1819 496 1853 etiam
533 1831 599 1853 non
630 1819 745 1853 addito
781 1820 834 1851 als
868 1818 917 1851 sie

250 1867 401 1902 starben.

298 1922 397 1966 πέρι]
424 1921 509 1965 περὶ
535 1921 635 1955 Vind.
660 1922 704 1956 Ε.

300 1967 471 2023 ἀσεβείας
496 1979 535 2001 τε
559 1967 621 2001 καὶ
642 1966 843 2012 εὐσεβείας]
864 1962 919 2000 εὐ.

253 2028 293 2050 τε
317 2016 380 2050 καὶ
407 2011 462 2048 οΞσ.
488 2014 574 2048 Lob.
602 2014 679 2048 Vat.
705 2014 752 2047 Μ.

303 2069 542 2115 αὐτόχειρας]
588 2070 643 2104 Ν6
689 2072 752 2104 11οο
784 2070 920 2115 quidem

257 2119 489 2152 emendatione
528 2129 631 2161 egere
676 2120 777 2170 puto,
819 2127 921 2161 quum

256 2163 554 2220 praepositionem
567 2163 618 2202 εἰς
639 2163 783 2207 primum
800 2162 841 2196 ad
860 2173 920 2205 γο-

258 2209 346 2250 νέας
380 2210 496 2243 63(16111
527 2209 612 2253 sign]
607 2209 797 2250 1103110116,
821 2219 921 2262 quam

260 2261 339 2290 ante
363 2253 481 2295 θεοὺς
506 2257 619 2293 habet,
644 2255 764 2288 deinde
788 2254 830 2287 3(1
854 2249 921 2287 αὐ-

260 2300 428 2354 τόχειρας
447 2301 514 2335 3113
533 2301 780 2344 significatione
797 2301 922 2333 subau-

261 2349 335 2381 dire
360 2348 472 2389 liceat,
497 2348 524 2380 si
548 2351 660 2380 tamen
690 2347 757 2379 alia
780 2346 923 2380 dicenda

263 2399 328 2435 est,
352 2405 440 2438 quae
465 2393 506 2425 ad
532 2393 671 2426 eundem
689 2404 801 2425 rerum
819 2393 924 2425 ratio-

264 2451 339 2473 nem
371 2438 529 2483 pertinet.
584 2439 669 2472 Nam
694 2436 846 2483 ἀσέβεια
873 2437 924 2477 εἰς

263 2483 382 2524 θεονς
405 2485 561 2529 impietas
596 2489 648 2517 est
680 2485 722 2518 ad
753 2486 834 2518 deos
860 2495 925 2517 non

265 2532 366 2566 aliter
400 2542 436 2564 se
470 2532 754 2585 habens,qua1n
787 2541 927 2583 poenae,

267 2588 351 2623 quas
368 2575 528 2619 μισθοὺς
548 2576 599 2615 εἰς
619 2574 836 2620 αὐτόχειρας
857 2573 927 2619 φό-

267 2635 336 2657 νου
361 2623 474 2656 dicere
497 2623 642 2662 videtur,
666 2623 708 2656 ad
733 2623 930 2655 interfecto-

269 2681 336 2703 res.
386 2668 441 2703 Cf.
466 2668 548 2723 Leg.
575 2668 613 2700 L.
638 2669 677 2701 V.
712 2670 847 2723 12729.
877 2668 925 2701 1)·

271 2712 446 2753 ἐλάττους
470 2710 508 2747 δ’
535 2713 581 2747 αὐ
606 2712 673 2752 τὰς
703 2711 821 2748 αὐτοῦ
848 2713 928 2746 δια-

269 2758 475 2804 νοούμενος
499 2760 551 2800 εἰς
573 2758 662 2800 τοὺς
678 2760 810 2804 φίλους
828 2758 928 2804 χάρι-

956 840 1033 883 τας.
1052 848 1097 852 -
1115 828 1261 862 Astius
1253 840 1286 861 111
1296 823 1617 882 560.ρ1·111111111αν’-

957 872 1133 917 τόχειρος,
1156 879 1226 908 tum
1256 870 1490 918 αὐτοχειρίας
1515 873 1620 907 001111-

959 921 1094 961 ciebat,
1120 924 1223 965 atque
1248 921 1312 953 hoc
1336 920 1371 953 111
1395 923 1474 953 ter.t
1498 919 1621 954 iterum

961 967 1224 1008 commendavit,
1248 966 1413 1011 probante
1440 971 1621 1011 utrumque

960 1013 1195 1046 Staklbaumio.

969 1082 972 1086 ‚
1007 1056 1110 1102 τοὺς]
1137 1058 1205 1102 τῆς
1228 1059 1308 1092 Β35.
1334 1059 1388 1092 ab.

1011 1115 1195 1158 διηγεῖτο]
1233 1115 1414 1158 διηγεῖται
1447 1113 1547 1150 Vind.
1579 1113 1623 1147 F.

964 1167 1043 1195 ante
1079 1173 1165 1194 001ϊ.
1193 1161 1327 1194 Ficinus
1359 1162 1444 1195 11360
1475 1161 1552 1194 111(16
1580 1161 1624 1193 ab

964 1208 1017 1246 εἰς
1052 1204 1090 1240 δὲ
1116 1205 1235 1246 θεοὺς
1258 1207 1306 1240 ita
1339 1212 1391 1241 est
1420 1207 1627 1251 interpreta-

963 1258 1037 1287 tus:
1072 1255 1169 1298 Erga
1199 1256 1278 1286 deos
1303 1260 1419 1288 autem
1443 1258 1479 1287 et
1500 1264 1629 1297 paren-

964 1306 1016 1334 tes
1037 1301 1112 1343 pios
1136 1301 1190 1333 vel
1216 1300 1347 1343 impios,
1374 1306 1407 1333 et
1426 1300 1629 1339 homicidas,

965 1347 1023 1390 qui
1051 1347 1156 1379 caede
1186 1357 1309 1379 manus
1331 1348 1490 1390 proprias
1516 1347 1630 1390 pollu-

967 1398 1088 1433 erunt,
1124 1393 1310 1424 maioribus
1344 1398 1375 1426 et
1406 1392 1571 1436 praemiis
1597 1395 1631 1424 et

964 1439 1083 1483 poeuis
1104 1439 1246 1482 affectos
1270 1449 1340 1471 esse
1363 1439 1541 1472 narrabat.
1565 1437 1633 1480 (ita

969 1486 1052 1520 Ven.
1079 1496 1109 1518 3.
1138 1486 1237 1519 1517.
1262 1486 1457 1518 narrabant
1480 1483 1608 1527 Bekk.)

1017 1539 1086 1585 ἔφη
1107 1537 1176 1584 γάρ
1189 1538 1533 1586 -οἷντιστρόφους·
1552 1541 1632 1576 616-

968 1589 1023 1631 Β.]
1058 1588 1175 1620 laudat
1212 1587 1362 1621 Iustinus
1395 1589 1444 1622 M.
1489 1589 1633 1621 Paraen.

970 1646 1005 1678 p.
1028 1635 1083 1668 25.
1105 1634 1145 1666 D.
1171 1645 1246 1666 011111
1270 1634 1333 1689 h’ac
1364 1634 1635 1668 introductione.

971 1679 1034 1713 καὶ
1056 1691 1179 1712 ταντα
1196 1691 1262 1722 μεν
1283 1677 1320 1713 ἐν
1339 1681 1389 1726 τῷ
1410 1678 1544 1726 πρώτῳ
1569 1679 1636 1733 τῆς

975 1725 1170 1764 Πολιτείας
1205 1727 1262 1770 (ρ.
1283 1728 1362 1762 330.
1381 1727 1422 1760 D.
1445 1727 1545 1771 sqq.)
1574 1722 1634 1780 γε’-

973 1783 1091 1816 γραφε
1119 1769 1234 1816 λόγῳ·
1271 1769 1310 1805 ἐν
1341 1770 1381 1806 δε
1411 1773 1463 1818 τῷ
1494 1770 1635 1828 δεκατῳ

974 1818 1104 1860 σαφῶς
1124 1830 1186 1850 και
1205 1819 1377 1862 φανερῶς
1399 1814 1422 1851 ὁὶ
1439 1806 1542 1863 παρὰ
1560 1817 1637 1851 τῶν

974 1864 1181 1907 προφητῶν
1211 1863 1295 1908 περὶ
1320 1864 1490 1919 κρίσεως
1523 1875 1636 1919 μεμα-

975 1912 1092 1965 fsque,
1128 1909 1248 1942 ταῦτα
1284 1907 1351 1954 οὐχ
1384 1907 1506 1953 ὥσπερ
1541 1906 1636 1964 παρ’

976 1967 1103 1989 αυτων
1120 1955 1374 2012 μεμαθηκώς,
1392 1954 1455 1989 διὰ
1474 1954 1517 1990 τὸ
1541 1953 1638 2009 πρὸς

967 1999 1148 2055 ’Έλληνας
1168 2000 1272 2055 δέρς,
1291 1998 1374 2035 ἀλλ’
1396 2015 1447 2041 ως
1464 2013 1567 2043 παρα
1585 2013 1638 2034 τι-

975 2059 1059 2090 νος,
1087 2059 1138 2086 ως
1170 2044 1272 2093 αὐτῷ
1302 2045 1476 2081 πλαττειν
1505 2045 1638 2089 ἐδόκει,

977 2091 1015 2127 έν
1037 2091 1183 2140 πολέμῳ
1202 2082 1479 2149 αναιρεθέντος
1489 2093 1552 2127 καὶ
1570 2093 1640 2128 δω-

978 2127 1176 2173 δεκαταίου
1200 2138 1398 2182 μέλλοντος
1423 2138 1641 2174 θαπτέσθαι

976 2185 1039 2218 καὶ
1060 2182 1119 2219 ἐπι
1135 2186 1201 2240 τῆς
1219 2186 1341 2229 πυρᾶς
1361 2198 1531 2229 κειμενου
1550 2183 1641 2219 οἶνοι-

979 2229 1186 2287 βιώσαντός
1199 2243 1236 2265 τε
1258 2245 1321 2266 και
1333 2231 1390 2287 τὰ,
1403 2230 1478 2267 ἐκεῖ
1494 2232 1641 2287 διηγου-

978 2276 1092 2332 μένου
1133 2275 1302 2332 οἷκηκοως
1342 2275 1476 2318 αὐταῖς
1506 2276 1643 2320 λέξεσιν

980 2320 1079 2357 ον’τω
1104 2321 1296 2367 γέγραφεν.

1028 2378 1263 2437 ερωτωμένῳ]
1283 2387 1360 2426 post
1372 2379 1482 2437 ετέρῳ
1493 2381 1641 2415 Ε101.Τ.

982 2424 1202 2482 ε’ρωτωμένω
1232 2426 1454 2471 ερωτωμένω
1481 2428 1579 2462 Vind.
1601 2427 1643 2461 Ε.

1029 2469 1122 2528 ὑπὸ]
1148 2470 1223 2508 ὐπὸ
1252 2475 1320 2508 τοῦ
1346 2475 1431 2509 Lob.
1458 2474 1534 2508 Vat.
1562 2473 1643 2507 ΒΜ.

982 2515 1076 2561 ὓπερ
1096 2520 1163 2553 τοῦ
1190 2521 1269 2554 Bas.
1291 2522 1323 2554 b.

1030 2575 1109 2619 εἴη]
1137 2572 1183 2610 &v
1209 2577 1264 2620 εἴη
1291 2579 1375 2611 Ven.
1401 2579 1441 2612 B.
1467 2577 1540 2612 Ald.
1565 2577 1644 2611 Bas.

985 2623 1038 2656 ab.
1064 2623 1183 2667 Steph.
1207 2624 1279 2657 Ast.
1305 2635 1356 2668 ρι’.

1029 2665 1230 2712 Ἀρδιαῖος]
1267 2667 1439 2714 ἄρδίαιος
1482 2670 1562 2704 Vat.
1598 2668 1643 2702 H.

986 2711 1157 2757 αριδαῖος
1177 2727 1249 2748 011111
1269 2715 1291 2748 δ
1313 2727 1415 2761 super
1439 2727 1475 2758 ρι
1495 2718 1529 2748 et
1553 2717 1572 2747 ἴ
1589 2725 1645 2748 su-

985 2772 1047 2805 per
1072 2763 1115 2794 αῖ
1138 2762 1214 2796 Par.
1230 2762 1274 2795 K.
1298 2772 1366 2796 sec.
1388 2761 1500 2795 Bekk.
1532 2761 1645 2795 Etiam
