1764 3176
480 171 812 215 CIVITAS
845 171 1118 214 LIB.V]]H.
1143 175 1210 212 576
1444 172 1526 212 127

147 284 367 341 ἄγευστος.
430 282 560 327 Πάνυ
598 283 679 339 μὲν
728 277 824 326 οὖν.
892 277 987 336 Ἆρ’
1031 279 1116 327 οὖν
1163 282 1246 328 οὐκ
1285 282 1433 338 ὀρθῶς
1471 280 1526 324 ἂν

146 352 251 403 τοὺς
289 350 520 403 τοιούτους
556 350 764 402 ἀπίστους
799 355 1031 405 καλοῖμενς
1083 356 1188 403 Πῶς
1235 351 1276 395 6'
1319 350 1396 402 οὔ,
1443 350 1527 393 Καὶ

146 421 234 477 μήν
267 420 447 471 ἀδίκους
484 437 531 476 γε
575 419 634 470 ὦς
673 417 769 463 οἷόν
805 435 850 461 τε
890 417 1101 501 μάλιστα,
1144 421 1264 474 εἴπερ
1299 419 1449 472 ὀρθῶς
1483 417 1529 460 ἐν

143 495 235 541 τοῖς
279 488 475 543 πρόσθεν
527 486 867 544 ωμολογήσαμεν
919 486 1019 540 περὶ
1068 486 1376 544 δικαιοσύνης,
1429 483 1528 530 οἷόν
1558 486 1592 527 Β

142 559 269 602 ἐστιν.
324 555 450 600 Ἀλλὰ
488 557 598 612 μὴν,
638 558 665 611 ἡ
705 553 748 597 δ’
781 553 850 604 ὃς
893 553 1044 609 ὀρθῶς
1083 571 1142 609 γε.
1205 553 1530 611 Κεφαλαιωσώ-

143 630 258 681 μεθα
291 626 469 675 τοίνυν,
507 627 564 680 ἦν
598 622 640 667 δ’
671 621 775 678 ἐγω,
814 621 895 665 τὸν
933 621 1152 666 κάκιστον
1223 624 1313 667 ἔστι
1353 624 1400 667 δέ
1441 635 1530 666 που

145 691 244 738 οἷον
274 692 384 748 ὄναρ
416 690 677 748 διήλθομεν,
725 689 774 741 ὃς
817 689 873 733 ἂν
909 689 1031 747 ὕπαρ
1061 695 1264 743 τοιοῦτος
1293 694 1334 749 ᾖ.
1399 690 1528 734 Πάνυ

144 763 222 818 μὲν
268 757 362 805 οὖν.
426 757 604 819 Ουκοῦν
646 752 778 809 οὗτος
807 761 1001 814 γίγνεται
1031 758 1080 811 ὸς
1117 760 1172 803 ἂν
1203 758 1531 815 τυραννικώτα-

142 847 213 882 τος
243 828 375 886 φύσει
407 826 469 871 ὧν
497 827 769 885 μοναρχήσῃ,
812 829 886 871 καὶ
916 827 1007 885 όσῳ
1038 828 1093 872 ἂν
1130 831 1262 872 πλείω
1288 827 1457 911 χρόνον
1482 827 1530 870 ἐν

140 899 369 952 τυραννίδι
398 899 492 954 βιῷ,
522 895 720 954 τοσούτῳ
749 901 917 951 μᾶλλον
946 901 1161 948 τοιοῦτος.

143 966 448 1021 διαδεξάμενος
484 963 563 1008 τὸν
602 963 734 1020 λόγον
773 962 796 1008 ὁ
842 964 1066 1008 Γλαύκων.

143 1034 248 1091 ἐγώ,
303 1033 349 1085 ὃς
401 1031 456 1076 ἂν
497 1033 705 1088 φαίνηται
747 1031 1069 1088 πονηρότατος,

1220 896 1417 952 Ἀνάγκη,
1445 895 1528 951 ἔφη

1125 961 1220 1048 Ἆρ’
1252 961 1355 1016 οὖν,
1395 966 1450 1020 ἠν
1481 962 1525 1006 6’

143 1102 407 1160 φανήσεται;
435 1101 509 1144 καὶ
544 1100 593 1152 ὃς
623 1100 679 1144 ἂν
708 1106 909 1144 πλεῖστον
937 1099 1102 1156 χρόνον
1131 1101 1205 1145 καὶ
1233 1100 1419 1156 μάλιστα
1450 1117 1526 1143 τυ-

142 1170 384 1227 ραννεύσῃ,
424 1167 610 1225 μάλιστά
650 1186 694 1213 τε
741 1169 816 1212 καὶ
860 1173 1064 1212 πλεῖστον
1110 1167 1271 1224 χρόνον
1320 1173 1526 1220 τοιοῦτος

140 1239 331 1296 γεγονώς
366 1241 419 1296 τῇ
450 1232 658 1296 ἀληθείᾳ,
692 1243 781 1289 τοῖς
818 1237 864 1281 δὲ
900 1241 1079 1288 πολλοῖς
1111 1236 1252 1280 πολλοὶ
1283 1237 1358 1280 καὶ
1391 1239 1523 1281 δοκεῖ,

142 1385 264 1428 πάσας
293 1384 499 1442 προφάσεις
513 1385 804 1444 προφασίζεσθέ

139 1445 178 1468 τε
195 1433 259 1468 καὶ
276 1431 398 1472 πάσας
418 1431 549 1478 φωνὰς
570 1431 711 1478 ἀφίετε.

185 1480 411 1524 τολμῶντες]
448 1480 678 1524 τολμῶνταις
708 1481 802 1514 Μοιι.

140 1527 179 1560 Β.
207 1538 227 1560 a
251 1538 294 1559 m.
319 1537 371 1572 pr.

187 1583 375 1630 ἀλλότριοι
386 1586 413 1630 ς]
446 1587 729 1631 Interrogationis
756 1587 803 1620 si-

139 1643 240 1675 gnum
272 1633 449 1666 Bekkerus
483 1633 576 1666 fecit.
626 1633 666 1666 In
701 1634 801 1668 Vind.

140 1678 182 1711 E.
209 1678 299 1712 nulla
329 1678 556 1723 interpunctio
588 1684 652 1713 est.
687 1686 803 1713 extra-

140 1735 221 1757 neos
244 1736 280 1757 se
305 1736 376 1758 esse
394 1726 585 1758 declarant.
612 1725 685 1765 Fic.
735 1726 804 1758 Su-

140 1770 364 1803 baudiendum
383 1770 587 1825 γίγνονται.

187 1814 229 1849 δέ
246 1816 328 1860 του]
358 1813 398 1850 δὲ
420 1816 490 1850 τοῦ
520 1817 621 1851 Vind.
643 1817 682 1850 F.
709 1817 802 1851 Flor.

188 1904 450 1951 δεσπόζοντες]
487 1906 733 1949 δεσπόζοντος
760 1908 803 1940 ii-

141 1952 227 1987 dem,
254 1951 526 1994 σπουδάζοντες
545 1954 630 1988 Lob.
652 1956 732 1989 Vat.
752 1954 801 1987 Μ.

186 1997 450 2043 δουλεύοντες]
481 1997 700 2040 δολεύοντες
725 2000 802 2034 Ald.

140 2047 220 2080 Bas.
245 2058 276 2080 a.

185 2102 318 2186 &gi-clod
340 2105 448 2151 Vulgo
469 2106 601 2151 plenius
624 2106 803 2153 interpun-

165 2164 208 2186 un

140 2165 163 2197 g
187 2194 372 2252 ἀληθοῦς]
393 2195 554 2238 αλυθοῧς
572 2199 672 2232 Vind.
694 2200 736 2234 E.

183 2239 377 2345 όὲγειέστος]
402 2255 569 2323 ῧγαάστῖῑς
577 2245 678 2282 idem.

310 2301 334 2321 α
432 2301 466 2322 ln

187 2301 387 2390 ἅτῗίστουῗς]
411 2332 608 2376 οἷπείστους
629 2338 659 2371 V
661 2336 729 2370 ind.
759 2337 802 2370 Ε.

142 2428 189 2462 M
189 2378 332 2425 ὀρθῶς]
355 2387 434 2426 post
458 2379 497 2415 ἐν
517 2385 596 2422 τοῖς
619 2383 705 2416 Lob.
723 2384 802 2417 Vat.

187 2467 369 2528 πρόσθεν]
396 2469 605 2517 ἔμπροσθεν
624 2475 716 2509 Flor.
733 2475 778 2508 T.

188 2515 496 2563 ωμολογήσαμεν]
543 2533 607 2555 om.
641 2521 719 2554 Vat.
752 2521 803 2555 M.

142 2565 181 2598 In
206 2565 291 2598 Lob.
318 2568 436 2598 lacuna
460 2570 523 2598 est.

178 2608 568 2664 Κεφαλαιωσωμεθα]
594 2613 800 2656 κεφαλαιω-

143 2655 213 2700 σόμ
216 2658 289 2690 εθα
312 2657 408 2691 Vind.
428 2657 472 2692 F.
495 2659 581 2703 Ang.
600 2659 639 2692 Β.
669 2659 745 2693 Vat.
755 2659 800 2694 H.

141 2703 234 2736 Flor.
258 2702 465 2736 ACRTUV.

88 2762 91 2766 ·
188 2744 244 2793 ὃς]
271 2745 322 2787 ὥς
338 2747 438 2781 Vind.
454 2749 498 2784 F.

185 2794 370 2838 γίγνεται]
403 2794 584 2839 γίγνεται,
628 2794 801 2829 Stallbau-

140 2841 225 2875 mius
258 2841 293 2874 in
326 2851 396 2875 sec.
460 2841 531 2876 de
573 2834 687 2881 οὗτος
721 2846 802 2876 ante

860 1386 1021 1430 γίγνεται
1063 1386 1252 1432 praedicati
1289 1386 1396 1421 locum
1439 1386 1528 1420 obti-

861 1439 930 1467 net.

906 1491 1135 1538 μοναρχήσῃ]
1159 1491 1349 1537 μονάρκης
1373 1487 1399 1536 ἧ
1425 1492 1527 1527 Vind

860 1540 904 1573 F.
937 1539 1023 1583 Aug.
1049 1540 1088 1572 B.
1122 1539 1216 1572 Flor.
1244 1540 1288 1574 R.
1317 1536 1528 1582 μοναρχού-

861 1595 904 1628 ση
932 1585 1012 1619 Pan.
1032 1585 1075 1618 D.
1100 1583 1326 1628 μοναρχήσει
1345 1586 1420 1621 Αῐό.
1446 1586 1525 1618 Bas.

861 1632 914 1664 ab.
949 1636 984 1664 et
1016 1643 1133 1674 margo
1167 1631 1246 1665 Par.
1277 1631 1318 1665 D.
1375 1632 1470 1664 Idem
1494 1632 1527 1664 in

860 1677 951 1709 Flor.
967 1677 1105 1711 ACTV.
1132 1677 1197 1720 legi
1220 1677 1366 1719 videtur,
1389 1689 1431 1710 ex
1454 1677 1527 1722 qui·
1570 1706 1577 1709 ,

862 1723 924 1756 bus
950 1723 1193 1756 Stallbaumius
1227 1723 1261 1756 in
1295 1735 1346 1777 pr.
1372 1724 1461 1757 sicut
1485 1735 1527 1756 ex

861 1768 936 1802 Ald.
961 1768 1041 1802 Bas.
1066 1769 1121 1801 ab.
1148 1766 1381 1812 μοναρχήσαι
1409 1771 1527 1803 refert.

860 1814 944 1847 Post
965 1811 1178 1867 μοναρχήσῃ
1199 1816 1301 1858 vulgo
1324 1815 1450 1849 maiore
1474 1815 1525 1848 in-

860 1859 1095 1913 terpunctione
1119 1864 1271 1895 utuntur.

907 1903 1086 1951 τοσούτῳ]
1109 1906 1269 1940 τοσοῦτο
1292 1907 1372 1942 Par.
1386 1907 1430 1941 Κ.

858 1952 968 1986 Bekk.

905 1994 1183 2042 διαδεξάμενος]
1198 1998 1255 2031 Ita
1265 1999 1345 2031 Par.
1363 1998 1403 2032 A.
1425 1998 1524 2032 Vind.

859 2045 932 2080 BE.
971 2045 1050 2078 vat.
1080 2044 1125 2077 H.
1160 2044 1253 2077 Flor.
1286 2044 1424 2078 ACTV.
1459 2056 1524 2078 non

858 2088 1083 2134 δεξάμενος,
1108 2091 1386 2134 quemadmodum
1412 2090 1444 2123 in
1469 2102 1523 2123 re-

858 2137 959 2181 liquis
994 2136 1168 2170 codicibus
1201 2142 1238 2170 et
1260 2137 1294 2170 in
1319 2136 1525 2171 editionibus

859 2188 938 2216 ante
963 2182 1160 2215 Bekkerum
1183 2183 1319 2227 legitur.
1367 2182 1422 2217 Cf.
1450 2182 1522 2216 Vol.

858 2229 887 2264 Ι.
913 2240 946 2273 p.
967 2229 1048 2270 356,
1071 2240 1102 2261 a.

906 2287 1154 2333 ἀθλιώτατος]
1173 2289 1346 2332 Syllaham
1367 2300 1414 2322 τα
1427 2288 1520 2322 Mon.

860 2336 900 2369 B.
934 2335 993 2369 int.

859 2387 942 2415 tam.

905 2424 1159 2481 τυραννεύσῃ]
1197 2439 1228 2459 τ.
1261 2425 1324 2460 καὶ
1362 2427 1452 2461 Flor.
1481 2428 1528 2461 Τ.

860 2471 1100 2527 τυραννεύσει
1137 2472 1235 2506 Vind.
1270 2473 1310 2506 F.
1355 2473 1448 2507 Flor.
1482 2474 1526 2508 R.

860 2517 1071 2573 τυραννήση
1102 2519 1185 2551 Ven.
1212 2519 1253 2553 Β.
1285 2519 1384 2552 Vind.
1411 2520 1456 2577 Ε.

907 2568 987 2604 τοῖς
1009 2561 1048 2598 ὸε
1070 2566 1220 2603 πολλοῖς
1237 2562 1356 2598 πολλοὶ
1375 2564 1438 2599 καὶ
1465 2566 1525 2600 δο-

857 2613 924 2645 κεῖ.
936 2613 947 2655 ]
974 2623 1039 2643 om.
1065 2610 1165 2645 Vind.
1191 2611 1231 2644 F.
1266 2611 1436 2645 Particula
1460 2611 1523 2646 καὶ

857 2658 1001 2691 inLob.
1031 2657 1110 2690 Vat.
1134 2656 1214 2689 ΒΜ.
1252 2657 1337 2691 Ven.
1364 2658 1402 2692 B.
1440 2659 1521 2691 Bas.

1457 1918 1525 1941 sec.

1018 2347 1108 2369 vers.
1135 2336 1238 2369 habet
1263 2346 1282 2368 a
1306 2346 1350 2369 m.
1373 2346 1399 2368 s.
1425 2335 1524 2369 addi-

858 2705 890 2737 b.
927 2708 1007 2737 ante
1037 2700 1155 2736 πολλὰ
1187 2703 1299 2747 posita
1335 2705 1404 2747 (γρ.
1435 2705 1525 2737 πολ-
1592 2717 1601 2724 ·

858 2751 937 2788 λοῖς
964 2747 1026 2782 καὶ
1048 2746 1164 2782 πολλὰ
1192 2749 1314 2794 steph.
1348 2750 1380 2782 in
1405 2752 1464 2793 m.)
1490 2749 1524 2782 in

859 2798 936 2828 Pa1.
969 2795 1047 2829 ΒΚ.
1082 2794 1175 2829 Μοιι.
1209 2796 1252 2829 Β.
1287 2795 1377 2829 Flor.
1409 2796 1453 2829 U.
1490 2799 1525 2828 et

859 2840 1002 2887 reliquis
1055 2840 1154 2875 editis
1199 2845 1279 2875 ante
1329 2830 1522 2876 Bekkerum

1127 1034 1201 1076 καὶ
1254 1032 1526 1083 αθλιώτατος
1581 1040 1587 1048 ’
