1764 3176
180 2736 212 2778 C

242 134 297 173 44

697 128 1165 173 PLATONIS

242 245 366 283 λιστα
395 235 465 291 εὖ,
503 232 558 294 ἦν
589 236 632 281 δ’
663 237 763 294 ἐγώ.
801 238 902 284 τόδε
932 241 980 283 δὲ
1011 239 1176 284 σκόπει.
1218 238 1494 296 κηφηνώδεις
1522 238 1622 282 ἐπι-

241 307 408 361 θυμίας
449 304 494 348 ἐν
536 304 654 364 αὐτῷ
696 305 767 350 διοὶ
804 306 884 363 τήν
923 307 1210 351 ἀπαιδευσίαν
1253 306 1312 362 μὴ
1359 310 1510 362 φῶμεν
1557 306 1620 362 ἐγ-

242 377 487 430 γίγνεσθαι,
527 373 605 425 τοὶς
645 375 723 430 μὲν
753 374 991 430 πτωχικάς,
1035 375 1112 427 τὰς
1143 375 1189 418 δὲ
1219 372 1514 430 κακούργους,
1544 390 1621 417 κα·

239 443 470 499 τεχομένας
511 444 585 499 βία
631 442 719 486 ὑπὸ
768 447 843 499 τῆς
888 443 1020 499 ἄλλης
1063 444 1323 498 ἐπιμελείας,
1373 443 1462 485 Καὶ
1502 439 1619 496 μάλ’,

239 511 336 567 ἔφη.
399 507 531 552 Οἷσθ’
566 506 673 562 οὖν,
714 509 860 563 εἶπον,
902 508 947 554 οἷ
979 509 1232 567 ἀποβλέψας
1262 510 1443 561 κατόψει
1474 507 1622 552 αὐτῶν

239 577 316 629 τὰς
340 579 632 632 κακουργίας;
665 581 773 628 Ποῖ,-
807 578 902 634 ἔφη.

962 580 1040 630 Εἰς
1070 579 1148 630 τας
1175 583 1263 622 τῶν
1293 577 1504 633 ὀρφανῶν
1538 576 1622 619 ἐπι-

239 645 512 699 τροπεύσεις,
550 646 622 689 καὶ
664 647 703 688 εἴ
738 646 826 689 πού
865 663 906 689 τι
949 644 1099 698 αὐτοῖς
1138 651 1344 690 τοιοῦτον
1384 646 1623 700 ξυμβαίνει,

241 714 349 758 ὥστε
398 717 558 769 πολλῆς
599 714 799 765 ἐξουσίας
842 715 1056 770 λαβέσθαι
1094 719 1174 759 τοῦ
1213 714 1392 758 ἀδικεῖν.

232 777 329 838 Ἆρ’
361 778 444 825 οὖν
486 780 540 824 οὐ
579 781 722 838 τούτῳ
764 784 922 839 δῆλον,
963 783 1031 826 ὅτι
1068 783 1115 827 ἐν
1156 787 1248 834 τοῖς
1289 782 1436 832 ἄλλοις
1466 782 1621 836 ξυμβο-

242 937 356 963 tonem
379 929 428 963 ita
451 929 628 974 scripsisse
652 931 804 965 coniecit.
834 931 903 966 Mi-

242 988 318 1009 rum
343 975 448 1016 enim,
473 976 506 1008 ni
531 977 692 1009 Socrates
713 978 812 1010 valde
837 978 905 1011 sci-

243 1025 313 1054 tum
346 1022 514 1055 Adimanti
552 1033 753 1066 responsum
789 1023 905 1068 aliqua

244 1067 344 1101 laude
391 1069 661 1112 prosequendum
721 1069 903 1113 putaverit.

242 1115 274 1148 V
276 1125 369 1147 erum
391 1118 504 1147 tamen
527 1115 658 1147 codices
682 1114 747 1148 alio
767 1118 904 1148 ducunt.

245 1159 398 1199 Quorum
430 1160 489 1204 qui
523 1164 602 1193 sunt
633 1161 769 1205 optimi,
802 1173 904 1205 quum

243 1217 318 1239 eam
340 1205 516 1239 lectionem
540 1207 699 1247 habeant,
723 1218 811 1251 quae
826 1219 904 1240 sen-

241 1263 316 1286 sum
358 1252 450 1284 illum
488 1252 586 1285 unice
629 1256 744 1296 aptum
784 1255 904 1286 saltem

241 1309 306 1342 per
340 1301 556 1331 transennam
599 1301 776 1340 ostendat,
819 1299 905 1332 hanc

241 1343 404 1387 vulgatae
437 1347 472 1377 et
504 1343 645 1388 reliquis
674 1344 806 1389 pariter
850 1344 903 1378 vel

240 1389 348 1433 magis
381 1390 595 1423 incommodis
630 1392 807 1435 praeferre
838 1402 904 1423 non

240 1435 413 1477 dubitavi,
449 1435 628 1480 genuinam
651 1448 733 1470 vero
757 1436 904 1492 scriptu—

239 1492 313 1515 ram
338 1482 425 1514 hanc
448 1494 522 1515 esse
546 1482 717 1535 suspicor:
758 1479 803 1516 ου’
833 1479 903 1525 γεὶρ

241 1523 289 1560 ἀν
319 1526 465 1581 τυφλὸν
504 1525 667 1571 ἠ)εμόνα
696 1528 765 1562 τοῦ
775 1528 902 1582 χοροῦ

240 1571 420 1628 ἐστήσατο
470 1573 532 1607 καὶ
582 1572 687 1616 ἐτίμα
733 1572 902 1616 μάλιστα.

243 1619 321 1662 Εὐ,
347 1632 395 1663 ην
418 1617 457 1653 δ’
478 1617 563 1663 ἐγω·
591 1618 675 1654 τόδε
706 1618 744 1653 δὲ
763 1619 903 1654 σκόπει.

240 1665 322 1699 Νοιι
368 1666 520 1699 diffiteor
560 1667 643 1699 dicti
691 1670 904 1700 venustatem

243 1711 359 1745 addita
392 1712 650 1757 explicatione
640 1713 810 1754 imminui,
843 1713 904 1746 sed

241 1758 422 1801 explicatio
447 1759 520 1802 ipsa
540 1770 606 1792 non
625 1770 762 1802 prorsus
782 1770 904 1803 super-

241 1815 394 1838 vacanea
425 1804 558 1837 videtur
593 1816 700 1848 eoque
743 1804 852 1837 minus
883 1816 903 1837 a

241 1861 322 1883 vero
348 1849 654 1895 abhor1·et‚quod
680 1855 715 1883 et
740 1851 901 1884 Socrates

240 1895 277 1928 in
302 1895 635 1940 antecedentibusp
673 1897 751 1931 553.
778 1897 817 1928 D.
845 1908 904 1929 eo-

242 1941 320 1974 dem
343 1942 446 1975 verbo
470 1942 580 1988 τιμᾷν
602 1908 716 1985 μηδὲν
745 1938 854 1984 ἄλλο,
879 1954 901 1985 η

241 1987 425 2030 πλοῦτον,
452 1990 487 2020 et
509 1977 583 2032 ipse
600 1988 798 2021 Adimantus
822 2000 905 2033 pro-

243 2033 332 2066 xime
372 2030 542 2076 χρήματα
580 2031 737 2077 μάλιστα
777 2030 904 2076 ε’ντιμα

242 2091 382 2125 παρα
373 2080 423 2124 τῷ
451 2077 610 2125 τοιούτῳ
641 2080 787 2113 dixerat.
839 2081 904 2113 So-

242 2126 308 2159 lum
341 2119 382 2159 εὖ
407 2137 468 2170 pro
499 2126 538 2160 εὐ
558 2137 610 2180 ,γε
645 2126 699 2159 vel
725 2125 763 2159 εὐ
790 2123 904 2169 λέγεις

242 2171 443 2205 Latinorum
486 2172 683 2206 comicorum
733 2184 776 2206 eu
821 2172 906 2206 satis

241 2222 369 2251 tuetur.

286 2272 543 2319 κηφηνώδεις]
579 2273 704 2319 κηφὴν
744 2268 820 2309 τόδ’
854 2274 906 2314 εἰς

241 2321 342 2354 Vind.
368 2322 411 2356 F.

287 2375 550 2422 ἀπαιδευσίαν]
572 2375 817 2413 ἅπαιδεύσιαν
829 2378 904 2412 Ald.

241 2424 321 2458 Bas.
335 2426 366 2457 b.
393 2425 475 2458 miro
501 2437 541 2458 ac
566 2425 680 2458 nescio
701 2437 744 2459 an
763 2424 905 2459 fortuito

240 2481 418 2504 consensu.

286 2525 336 2571 μὴ
374 2527 525 2572 φῶμεν]
576 2527 628 2572 μή
670 2539 791 2572 φαμεν
829 2528 903 2561 Ast.

239 2585 308 2608 sec.
332 2586 444 2607 nonne
462 2594 506 2598 —
529 2575 674 2608 dicimus
690 2575 766 2608 Fic.

287 2627 543 2674 ἐγγίγνεσθαι]
583 2629 691 2675 ε’γγίν.
735 2632 827 2667 Μοιι.
862 2633 904 2667 Β.

240 2677 314 2710 Ald.
339 2678 420 2712 Bas.
445 2678 498 2710 ab
524 2678 645 2721 steph.

287 2741 491 2788 ἐπιμελείας
502 2745 512 2788 ]

561 2742 788 2791 ἐπιθυμίας,
830 2758 903 2792 sup.

242 2791 361 2835 μελεί,
397 2791 477 2825 Par.
502 2791 546 2825 K.

577 2793 670 2827 Sane
701 2805 783 2828 cura
804 2793 863 2828 ina
886 2805 906 2828 a

1447 712 1619 767 Ἀληθῆ.

961 930 1146 975 cupiditate
1178 929 1407 975 proficiscitur
1442 933 1477 962 et
1512 929 1554 961 ob
1588 928 1621 961 id

958 977 1068 1021 ipsum
1099 982 1268 1022 tamquam
1301 979 1447 1020 cognata
1481 971 1503 1019 ἦ
1532 969 1621 1018 αλλη

961 1023 1097 1056 dicitur.

1006 1068 1105 1123 Καὶ]
1132 1082 1195 1102 om.
1229 1069 1313 1111 Ang.
1339 1067 1378 1100 Β.

1007 1111 1090 1162 μάλ’
1103 1116 1129 1170 ]
1140 1111 1223 1162 μᾶλ’
1248 1113 1349 1147 Vind.
1374 1112 1418 1147 Ε.

1012 1157 1129 1194 Οἴσθ’
1141 1161 1154 1205 ]
1186 1157 1299 1194 οἶσθα
1331 1159 1418 1194 Lob.
1453 1156 1555 1193 Vind.
1579 1157 1622 1190 F.

962 1206 1054 1239 Mon.
1088 1207 1128 1240 B.

1008 1249 1065 1296 οἵ]
1107 1251 1144 1285 οι
1178 1252 1278 1285 Vind.
1313 1251 1354 1284 F.
1372 1250 1429 1340 ἢεί
1467 1250 1543 1283 Par.
1578 1248 1622 1281 K.

962 1309 1030 1332 sec.
1057 1299 1168 1332 Bekk.
1193 1302 1248 1339 et,
1273 1309 1348 1341 sup.
1410 1296 1487 1338 ‚.D

1006 1353 1192 1399 κατόψει]
1215 1352 1365 1398 κατόψη
1372 1309 1490 1386 ⁷IVind.
1514 1352 1556 1385 F.

1007 1410 1156 1457 αὐτῶν]
1200 1414 1350 1457 ipsorum
1392 1411 1464 1444 Fic.
1506 1408 1625 1444 Malim

961 1471 1098 1502 earum,
1141 1464 1179 1492 ut
1213 1459 1255 1492 ad
1287 1454 1521 1501 κηφηνώδεις
1548 1467 1624 1488 επι-

959 1505 1100 1548 θυμίας
1125 1505 1305 1550 pel-‚tineat
1354 1504 1567 1555 Quamquam
1591 1501 1624 1533 in

959 1551 1112 1595 proxime
1156 1550 1376 1595 sequentibus
1408 1545 1537 1586 αὐτοῖς
1580 1547 1624 1580 ad

960 1599 1109 1631 homines
1138 1598 1297 1630 refertur.

1006 1655 1097 1698 Ποῖ]
1109 1654 1221 1693 ποίας
1231 1654 1310 1687 Par.
1320 1653 1364 1686 K.
1379 1656 1415 1686 et
1424 1664 1444 1686 a
1455 1663 1498 1685 m.
1512 1663 1563 1696 pr.
1579 1651 1621 1684 D.

1005 1709 1096 1755 τὰς]
1130 1709 1177 1744 τὰ
1212 1711 1312 1745 Vind.
1335 1711 1379 1744 F.

1006 1769 1179 1802 τοιοῦτον
1193 1768 1207 1813 ]
1230 1768 1379 1802 τοιοῦτο
1405 1764 1506 1802 Vind.
1534 1765 1576 1798 B.

1007 1825 1220 1871 ξυμβαίνει]
1244 1825 1442 1871 ξυμβαίνοι
1466 1823 1621 1860 Vind.B.

959 1873 1052 1908 Flor.
1079 1873 1160 1906 TU.

1001 1923 1067 1973 Ἆρ’
1081 1930 1093 1972 ]
1119 1925 1178 1972 αρ’
1204 1929 1303 1964 Vind.
1328 1929 1370 1962 F.

1006 1984 1153 2032 τούτῳ]
1187 1986 1242 2019 Ita
1282 1985 1458 2019 Bekkerus
1499 1995 1622 2018 secun-

960 2034 1039 2067 dum
1062 2033 1142 2066 Par.
1168 2034 1208 2066 A.
1235 2034 1270 2064 et
1295 2043 1315 2064 a
1339 2042 1383 2065 ιιι.
1408 2043 1434 2064 s.
1461 2031 1502 2064 D.
1528 2030 1621 2063 Mon.
1642 2041 1647 2046 ·

959 2081 1000 2113 B.
1027 2080 1110 2112 Ven.
1127 2078 1166 2112 C.
1190 2078 1226 2110 in
1249 2077 1370 2122 quibus
1393 2074 1514 2110 τούτω
1538 2075 1623 2109 scri—

962 2129 1057 2171 ptum
1087 2129 1149 2158 est.
1197 2123 1333 2168 Reliqui
1366 2123 1498 2156 codices
1523 2121 1623 2155 editi-

963 2183 1030 2216 que
1065 2182 1138 2204 cum
1170 2169 1288 2202 Ficino
1321 2169 1462 2212 (Annon
1485 2169 1522 2202 id
1545 2180 1623 2201 con-

962 2218 1053 2260 stat)
1085 2216 1197 2250 τοῦτο
1232 2216 1375 2258 habent,
1404 2216 1492 2260 quod
1523 2225 1624 2259 quum

963 2263 1021 2305 id,
1047 2274 1087 2295 ex
1113 2274 1179 2307 quo
1203 2262 1364 2296 Socrates
1395 2262 1458 2294 hoc
1484 2260 1624 2303 colligit,

963 2310 998 2342 in
1046 2308 1324 2342 antecedentibus
1371 2320 1436 2340 non
1487 2305 1625 2340 disertis

962 2355 1076 2388 veibis
1101 2354 1310 2387 enuntiatum
1335 2356 1443 2395 esset,
1475 2351 1624 2386 librariis

963 2401 1191 2435 necessarium
1214 2400 1405 2433 videbatur.

1011 2458 1155 2501 δοκῶν]
1182 2457 1283 2491 δοκῶ
1307 2458 1405 2493 Vind.
1433 2457 1475 2490 Ε.

1011 2514 1147 2550 εαυτοῦ
1168 2515 1252 2561 βία]
1280 2515 1334 2549 Ita
1353 2516 1432 2548 Par.
1458 2515 1497 2547 A.
1523 2513 1621 2547 Vind.

962 2563 1005 2596 F.
1029 2563 1121 2617 Flpr.
1149 2562 1254 2596 ACV.
1286 2566 1322 2595 et
1355 2573 1375 2594 a
1398 2572 1442 2593 ιιι.
1467 2571 1495 2593 5.
1530 2560 1621 2592 Μοιι.

962 2610 1003 2642 Β.
1029 2606 1147 2643 αὐτοῦ
1178 2608 1242 2660 βία
1274 2608 1372 2642 Vind.
1398 2608 1438 2640 B.
1473 2606 1551 2639 Vat.
1577 2605 1623 2639 H.

962 2654 1027 2699 βία
1051 2652 1170 2689 αὐτοῦ
1198 2653 1297 2687 Vind.
1324 2654 1365 2686 Ε.
1401 2652 1468 2698 βίῳ
1502 2647 1621 2685 αυτοῦ

962 2701 1046 2735 Ven.
1076 2702 1116 2734 Β.
1148 2698 1284 2734 εαυτοῦ
1309 2699 1377 2745 βίῳ
1411 2699 1505 2732 Μοιι.
1528 2698 1566 2730 Β.
1602 2708 1623 2730 a

962 2759 1004 2780 ιιι.
1015 2759 1066 2791 pr.
1089 2758 1163 2780 cum
1186 2746 1326 2791 reliquis
1350 2744 1519 2789 editisque
1543 2747 1622 2776 ante

961 2793 1164 2829 Bekkerum.
1188 2793 1391 2837 competenti
1410 2790 1561 2835 quadam
1586 2790 1622 2822 vi
