1764 3176
570 180 1056 226 EDITORIS.
1411 197 1512 227 xvir

114 305 176 336 aut
201 311 264 347 per
289 299 466 345 συζυγίαν
490 300 594 336 istam
621 300 793 346 producta
820 305 883 335 aut
917 300 985 334 ulla
1011 298 1057 334 ad
1087 296 1285 334 harmonias
1318 299 1511 344 gignendus

114 358 270 394 efficacia
289 358 448 403 praedita
466 361 530 392 est.

227 416 386 459 Denique
413 416 448 450 in
477 414 682 460 explicanda
710 414 886 449 harmonia
905 412 1098 458 posteriore
1126 411 1230 446 semel
1254 415 1290 446 et
1310 412 1433 447 iterum
1455 413 1509 446 la-

113 471 206 506 bitur
227 472 409 515 Barocius,
433 472 514 507 dum
530 477 716 517 praecepta
736 471 900 516 opinione
919 479 1062 504 securus
1083 472 1118 502 et
1137 478 1250 503 rerum
1275 473 1310 502 et
1330 470 1509 504 verborum

112 529 284 564 rationem
305 530 459 573 negligit.
517 529 622 566 Quod
644 529 689 563 ad
716 529 818 563 verba
837 528 981 569 attinet,
1010 536 1080 560 non
1104 531 1185 568 eget
1205 525 1510 569 demonstratione,

111 583 158 630 τῇ
174 579 358 629 προμήκει
375 581 415 619 δὲ
433 585 628 628 significare
646 596 714 620 non
736 595 839 629 posse
865 589 1028 630 tanquam
1043 582 1282 628 praelongam
1299 593 1362 617 seu
1385 584 1509 618 oblon-

111 652 213 686 gam,
243 642 304 677 sed
320 653 383 687 pro
401 643 443 676 iis
458 647 519 676 aut
538 640 582 687 τῇ
596 640 804 688 προμηκείᾳ
826 637 880 685 δέ,
911 645 972 674 aut
990 632 1042 678 aie
1063 634 1236 682 προμήκη
1256 633 1315 681 δέ,
1345 644 1405 674 aut
1423 639 1507 675 sim-

111 699 247 743 pliciter
265 693 435 743 προμήκη
457 694 499 732 δέ
516 700 619 734 scribi
640 699 810 733 debuisse.
868 697 942 732 Nec
961 695 1122 737 defuere,
1148 696 1205 738 qui
1228 696 1297 729 tale
1317 696 1398 739 quid
1419 697 1509 730 scri-

110 759 208 800 ptum
226 766 247 789 a
271 755 420 790 Platone
447 756 679 802 coniicerent,
710 761 749 790 ut
773 756 819 789 H.
845 753 1062 798 Stephanus,
1092 753 1120 786 1.
1149 753 1336 786 Cornarius
1366 757 1402 786 et
1437 753 1508 795 alii,

112 812 170 855 qui
187 823 289 856 quum
314 817 496 856 praeterea
515 812 597 846 nihil
628 813 856 854 coniecerint,
889 822 935 845 ne
954 809 1155 844 nominandi
1174 808 1310 852 quidem
1338 809 1506 844 videntur.

111 868 184 903 Sed
219 869 448 905 concedamus
479 869 645 912 Barocio,
675 869 766 913 quod
794 869 936 903 concedi
965 878 1035 901 non
1063 867 1190 909 debet,
1213 866 1317 899 verba
1351 867 1507 910 recipere

111 935 189 960 eam
206 926 540 971 interpretationem,
568 931 606 960 ut
631 937 752 960 sensus
781 927 837 967 sit,
869 926 1014 959 alteram
1033 922 1258 968 harmoniam,
1289 923 1505 967 quandoqui-

111 981 190 1017 dem
208 986 249 1017 ut
265 983 372 1018 cubus
393 983 651 1026 consideretur,
680 983 802 1017 eadem
821 993 896 1017 esse
915 992 981 1025 qua
1008 981 1159 1025 priorem
1179 979 1412 1022 longitudine,
1443 980 1504 1014 sed

111 1043 151 1073 ut
168 1050 345 1074 numerum
363 1041 548 1084 oblongum
567 1045 728 1087 constare
747 1044 882 1073 centum
901 1038 1051 1073 numeris
1067 1048 1087 1070 a
1108 1037 1289 1074 diametris,
1303 1037 1504 1080 quibusdam

110 1096 308 1140 productis,
339 1101 374 1131 et
403 1101 538 1131 centum
569 1097 665 1131 cubis
687 1097 846 1131 ternarii:
877 1105 991 1129 nonne
1019 1099 1158 1128 centum
1172 1093 1238 1127 illis
1259 1093 1503 1128 diametrorum

108 1154 260 1187 numeris
288 1154 536 1197 longitudinem
565 1152 765 1187 harmoniae
789 1154 978 1195 oblongae,
1009 1156 1147 1185 centum
1175 1154 1290 1184 autem
1315 1151 1410 1184 cubis
1431 1155 1502 1184 ter—

108 1209 198 1243 narii
215 1210 430 1245 latitudinem
446 1211 598 1244 eiusdem
617 1215 775 1244 constare
792 1208 1014 1253 putabimus?
1044 1208 1236 1243 Verborum
1255 1207 1390 1250 quidem
1411 1212 1502 1242 stru-

109 1270 208 1300 ctura
239 1267 301 1310 per
327 1261 394 1310 μὲν
423 1272 458 1301 et
486 1263 526 1300 δὲ
546 1266 737 1301 iunctorum
755 1267 788 1301 id
806 1267 918 1308 iubet,
945 1276 1011 1309 qua
1037 1276 1106 1299 non
1130 1264 1305 1298 intellecta
1335 1264 1503 1298 Barocius

110 1327 266 1357 extrema
294 1317 428 1357 ἑκατὸν
453 1319 493 1357 δὲ
515 1318 640 1368 κύβων
662 1319 815 1366 τριάδος
835 1334 856 1356 a
877 1323 1048 1367 prioribus
1071 1322 1223 1355 diiuncta
1242 1331 1365 1355 novam
1381 1321 1502 1354 defini-

109 1380 406 1415 tionem'eiusdem
427 1381 559 1415 numeri
589 1381 710 1415 millies
732 1380 925 1422 millenarii,
955 1390 1021 1414 nec
1040 1379 1132 1412 velut
1148 1378 1300 1420 oblongi,
1331 1378 1393 1412 sed
1411 1379 1504 1412 velut

109 1437 238 1480 cubici,
264 1436 393 1472 habere
422 1438 606 1472 existimat.
663 1438 734 1471 Sed
764 1448 878 1472 rerum
910 1446 1046 1480 quoque
1078 1436 1249 1469 rationem
1273 1434 1504 1468 adversariam

107 1491 213 1527 habet
236 1495 406 1536 maxime,
437 1505 540 1538 quum
571 1495 695 1528 cubum
723 1495 865 1528 ternarii
907 1505 976 1528 non
1004 1502 1182 1526 numerum
1214 1491 1334 1534 viginti
1357 1496 1503 1536 septem,

107 1550 170 1584 sed
191 1551 328 1585 omnino
354 1551 476 1586 cubum
494 1552 689 1595 significare
709 1551 898 1586 contendit.
958 1551 1071 1587 Quam
1094 1549 1288 1592 opinionem
1311 1559 1413 1591 quum
1433 1559 1503 1583 non

106 1607 292 1642 verendum
317 1608 362 1642 sit
399 1619 445 1642 ne
463 1609 518 1643 cui
535 1609 760 1652 persuadeat,
793 1608 922 1642 diutius
941 1607 975 1640 in
994 1617 1035 1640 ea
1055 1605 1238 1640 refutanda
1258 1605 1389 1639 morari
1411 1606 1505 1643 nolo,

221 1665 287 1699 His
315 1666 421 1709 igitur
452 1665 707 1707 fundamentis,
739 1676 807 1699 non
843 1664 1027 1698 admodum
1057 1663 1184 1707 firmis,
1215 1661 1383 1695 Barocius
1412 1660 1503 1696 hanc

107 1720 215 1754 totius
237 1722 305 1756 loci
326 1722 486 1756 instruxit
504 1722 844 1766 interpretationem,
877 1730 980 1763 quam
998 1719 1104 1763 ipsius
1132 1718 1265 1761 verbis,
1297 1728 1502 1762 quamquam

106 1777 277 1811 interdum
299 1778 442 1820 vitiosis,
469 1789 645 1822 exponere
672 1780 779 1811 visum
804 1782 868 1813 est.

219 1835 345 1876 „cum
373 1835 583 1868 ostendisset
605 1835 708 1868 Plato
746 1836 868 1876 finem,
899 1834 956 1878 qui
984 1833 1058 1868 dari
1084 1836 1199 1877 potest
1229 1832 1264 1866 in
1300 1832 1501 1876 corporibus

106 1891 331 1932 coelestibus;
371 1891 474 1925 modo
509 1891 664 1925 declarat
693 1892 795 1925 finem
821 1902 934 1925 rerum
973 1890 1123 1926 omnium
1154 1889 1419 1933 generabilium,
1467 1894 1503 1923 et

107 1948 375 1991 corruptibilium
411 1947 561 1991 quodam
587 1959 751 1990 numero,
782 1959 882 1992 quem
913 1947 1150 1982 circunscribit
1179 1946 1246 1979 illis
1283 1945 1502 1988 difficillimis,

70 2028 82 2030 -
104 2014 149 2038 ac
170 2003 444 2048 profundissimis
463 2004 714 2039 mathematicis
742 2005 1123 2048 circunscriptiouibus,
1152 2014 1237 2046 quas
1273 2003 1308 2036 in
1342 2003 1502 2047 superio-

105 2061 199 2094 ribus
230 2061 489 2099 declaravimus.
550 2062 652 2106 Quod
685 2062 880 2096 autem'hic
907 2063 955 2095 ait
976 2061 1078 2094 Plato
1102 2064 1155 2093 est
1172 2059 1378 2094 huiusmodi.
1437 2059 1502 2093 Fi-

105 2117 158 2152 nis
172 2128 286 2152 rerum
307 2119 458 2152 omnium
479 2120 747 2162 generabilium,
778 2124 813 2152 et
828 2118 1096 2162 corruptibilium
1120 2121 1173 2150 est
1198 2117 1254 2150 ille
1276 2114 1367 2161 (sic)
1387 2126 1502 2150 rerum

105 2175 288 2218 periodus,
322 2186 423 2218 quem
453 2177 556 2210 etiam
586 2176 742 2219 superius
775 2176 879 2217 dixit,
908 2177 943 2210 in
978 2185 1046 2218 quo
1075 2174 1244 2208 coelestes
1269 2173 1501 2207 revolutiones

104 2231 247 2274 singulis
270 2232 373 2266 rebus
411 2233 614 2266 circulorum
646 2234 900 2275 generationis,
946 2236 980 2266 et
1018 2230 1249 2274 corruptionis
1288 2230 1502 2273 coniungunt

104 2288 292 2330 ambitum3
322 2289 461 2332 quando
489 2290 621 2323 scilicet
651 2300 876 2333 unaquaeque
905 2300 960 2323 res
983 2289 1100 2331 genita
1129 2287 1173 2320 ad
1204 2297 1290 2321 suae
1316 2287 1428 2328 vitae,
1458 2297 1501 2320 ac

104 2344 295 2379 durationis
326 2346 508 2380 terminum
540 2347 748 2391 pervenerit.
819 2347 923 2381 Hunc
951 2350 1066 2380 autem
1101 2344 1305 2384 terminum,
1336 2344 1499 2386 quoniam

103 2401 168 2435 soli
187 2402 261 2436 Deo
282 2403 438 2445 cognitus
457 2407 521 2445 est,
551 2414 613 2447 per
631 2403 806 2437 cuiusdam
829 2403 960 2437 numeri
977 2401 1232 2436 similitudinem
1258 2399 1361 2433 Plato
1379 2400 1499 2434 decla-

103 2458 214 2500 ravit,
245 2469 370 2503 nempe
391 2460 498 2503 ipsius
525 2461 617 2494 mille
649 2461 867 2504 septingenta
897 2460 1015 2503 viginti
1039 2462 1141 2499 octo,
1172 2467 1272 2500 quem
1297 2457 1498 2491 Geometri—

104 2525 181 2548 cum
206 2516 394 2550 rationibus
423 2517 580 2560 superius
609 2517 710 2550 dictis
737 2517 931 2560 appellavit.
989 2515 1091 2549 Hunc
1124 2513 1292 2557 siquidem
1319 2523 1499 2548 numerum

103 2571 215 2614 inquit
235 2571 338 2606 Plato
354 2577 511 2607 autorem
538 2584 613 2607 esse
646 2574 901 2617 generationis,
933 2577 968 2606 et
987 2571 1216 2614 corruptionis
1242 2580 1380 2611 rerum;
1410 2581 1499 2614 quo-

102 2627 196 2662 niam
228 2629 304 2662 cum
331 2629 376 2664 ad
402 2630 504 2664 finem
524 2641 623 2664 suum
645 2641 700 2664 res
731 2631 972 2674 pervenerint,
1003 2628 1118 2662 statim
1140 2631 1425 2670 corrumpuntur,
1457 2637 1501 2662 ex

104 2684 226 2727 eisque*
247 2685 338 2720 aliae
362 2691 595 2730 generantur-3
627 2688 752 2731 quippe
775 2688 851 2721 cum
872 2688 970 2721 unius
999 2685 1175 2728 corruptio
1197 2684 1379 2726 generatio
1410 2685 1499 2718 alte-

103 2741 174 2775 rius
194 2741 251 2787 sit,
281 2746 320 2775 ut
337 2742 484 2777 affirmat
502 2744 606 2778 etiam
630 2744 854 2778 Aristotelen
884 2744 930 2777 nil
953 2741 1045 2775 aliud
1065 2746 1180 2775 autem
1201 2740 1295 2784 apud
1313 2740 1498 2775 Platonem

103 2807 264 2832 numerus
286 2798 352 2832 iste
377 2800 571 2842 significat,
601 2801 665 2835 nisi
690 2811 803 2835 rerum
822 2802 946 2842 finem,
976 2802 1127 2840 statum,
1156 2802 1191 2832 et
1214 2798 1500 2841 generationem3

104 2858 141 2888 et
160 2853 228 2888 boe
247 2865 315 2889 non
331 2855 513 2892 immerito.
543 2867 705 2891 numerus
728 2857 817 2892 enim
846 2857 912 2892 iste
929 2856 1064 2890 scilicet
1081 2855 1174 2890 mille
1198 2855 1418 2898 septingenta
1447 2854 1498 2888 vi·
1533 2847 1535 2852 ’

175 2916 384 2961 Pru-roms
411 2918 488 2961 ΟΡ.
508 2919 582 2962 ΙΠ.
1267 2915 1304 2959 Β
