1764 3176
425 201 764 244 CIVITAS
809 203 1162 247 LIB.VHI.543
1443 210 1471 250 3

83 309 130 354 δὲ
165 308 359 368 ἀθλητάς
398 329 443 357 τε
473 312 670 369 πολέμου
709 314 783 358 καὶ
820 313 1042 370 φύλακας,
1080 314 1246 371 μισθὸν
1274 319 1350 373 τῆς
1379 333 1468 373 φυ-

80 381 216 435 λακῆς
256 381 517 437 δεχομένους
555 384 616 434 εἰς
657 381 861 425 ἐνιαυτὸν
906 380 987 438 τὴν
1023 383 1082 433 εἰς
1118 386 1258 426 ταῦτα
1295 382 1469 440 τροφὴν
1499 392 1530 434 C

81 447 203 502 παρὰ
239 451 329 491 τῶν
367 447 537 504 ἄλλων,
578 447 726 494 αὐτῶν
773 466 817 494 τε
857 452 949 494 δεῖν
988 449 1061 492 καὶ
1104 453 1179 505 τῆς
1216 449 1347 507 ἄλλης
1384 449 1470 494 πό-

81 517 190 566 λεως
217 514 522 573 ἐπιμελεῖσθαι.
579 516 763 574 Ὀρθῶς,
793 518 920 575 ἔφην,
950 516 1095 572 λέγεις.
1128 515 1236 561 ἀλλά
1266 516 1314 573 γ’
1345 517 1467 562 ἐπει-

81 581 136 639 δὴ
174 582 296 628 τοῦτ’
337 583 673 643 ἀπετελέσαμεν,
731 585 1108 643 ἀναμνησθῶμεν,
1145 584 1288 629 πόθεν
1335 587 1467 640 δεῦρο

80 649 427 709 ἐξετραπόμεθα,
468 655 541 698 ἵνα
571 654 704 698 πάλιν
741 653 822 712 τὴν
862 652 1003 711 αὐτήν
1042 654 1190 709 ἴωμεν.
1251 652 1316 697 Οὐ
1343 659 1467 710 χαλε-

79 718 166 762 πὰν
177 753 190 773 ,
245 719 343 778 ἔφη.
399 722 553 779 σχεδὸν
601 722 706 780 γάρ,
754 723 952 777 καθάπερ
1000 724 1108 772 νῦν,
1165 719 1225 773 ὦς
1274 723 1467 779 διεληλυ-

78 785 173 839 θώς
218 789 316 844 περὶ
360 793 436 846 τῆς
482 789 650 842 πόλεως
698 792 805 844 τούς
859 790 1022 847 λόγους
1071 788 1246 842 ἐποιοῦ,
1303 790 1467 846 λέγων,

123 902 162 924 τε
155 890 284 947 δεῖν]
307 895 423 928 τελεῖν
448 893 548 929 Vind.
573 894 614 928 F.

122 936 192 981 τῆς
214 934 352 985 ἄλλης]
388 941 470 980 τοῖς
500 936 626 981 ἅλλοις
650 941 738 976 idem

79 987 158 1016 ante
182 995 270 1018 corr.

125 1027 243 1085 ε’φην]
269 1028 343 1087 ἔφη
363 1031 464 1065 Vind.
483 1032 555 1066 BE.
585 1034 672 1077 Ang.
698 1033 739 1067 B.

239 1073 369 1121 y']Ita
393 1078 496 1114 Vind.
519 1079 625 1113 BEF.
651 1081 739 1123 Ang.

315 1125 355 1167 (·
367 1121 459 1158 ἄλλα
486 1122 524 1168 γ’
551 1125 651 1159 Vind.
673 1126 737 1169 Ε.)

78 1165 174 1201 οἷλλοὲ
199 1179 237 1212 γε
276 1170 356 1204 Bas.
389 1171 422 1204 b.
468 1172 543 1204 Ast.
574 1183 629 1216 pr.
669 1183 738 1206 sec.

76 1213 189 1259 (Flor.
208 1215 366 1272 ACRV.)
390 1213 489 1250 Ἀλλοὲ
508 1228 548 1260 γε
566 1217 642 1250 Ald.
656 1218 735 1251 Bas.

76 1272 108 1294 a.
133 1260 254 1304 Steph.
281 1258 365 1295 ἀλλ’
389 1258 436 1318 ἅγ
440 1274 454 1296 ε
477 1263 562 1296 Lob.
588 1263 680 1297 Mon.
694 1264 735 1297 Β.

75 1306 172 1340 Flor.
189 1307 269 1342 TU.
296 1304 372 1342 ἄλλ’
393 1305 441 1352 &y
451 1305 629 1343 'Thomas
642 1309 734 1353 Mag.

74 1364 109 1398 p.
120 1353 200 1388 891.
223 1352 259 1386 in
284 1352 378 1397 Φέρε
402 1355 486 1388 haec
509 1356 615 1388 verba
627 1366 736 1400 usque

75 1398 120 1432 ad
153 1395 435 1443 ἐξετραπόμεθα
461 1401 550 1434 inter
581 1401 737 1446 exempla

75 1445 283 1478 coniunctivi
305 1458 380 1479 cum
397 1447 570 1480 adverbiis
594 1448 737 1481 hortan-

74 1490 110 1524 di
134 1492 319 1525 constructi
344 1494 508 1527 referens.
535 1490 645 1535 „0222'
671 1489 718 1537 c’c'y
721 1505 737 1527 ε

74 1536 130 1570 vel
158 1534 245 1570 ἀλλ’
333 1535 450 1575 ’Vat.
475 1539 553 1573 ΒΜ.
589 1541 675 1575 Ven.
696 1540 737 1573 C.

73 1582 153 1616 Par.
177 1583 254 1617 DK.
276 1551 387 1618 αΜοιι.
421 1586 484 1620 B.‘
543 1582 632 1619 Ἀλλ’
670 1581 736 1630 ἄγε

73 1629 275 1671 Bekkerus,
325 1631 442 1665 Astius
489 1631 526 1664 in
571 1635 651 1665 tert.
702 1638 737 1666 et

75 1675 329 1710 Stallbaumius.
352 1684 363 1693 ²
388 1677 440 1711 De
473 1677 551 1711 Par.
585 1679 624 1711 A.
651 1678 736 1712 Ven.

74 1720 117 1754 B.
143 1721 242 1756 Vind.
266 1722 306 1755 Β.
333 1723 513 1757 Bekkerus
537 1724 668 1765 tacuit,
699 1729 738 1757 ut

75 1766 119 1800 de
142 1766 222 1800 Par.
248 1767 294 1803 K.
319 1769 507 1814 Bipontini.
556 1771 626 1803 Sed
641 1775 736 1813 post-

75 1824 182 1857 quam
213 1814 299 1847 haec
333 1816 560 1857 absolvimus,
595 1821 734 1859 repeta-

75 1870 152 1892 mus
176 1859 248 1892 iam
279 1865 344 1894 etc.
390 1861 466 1895 Fic.
499 1862 558 1907 qui
588 1873 654 1895 non
684 1861 735 1894 vi-

75 1904 177 1938 detur
202 1916 267 1949 αγε
287 1906 421 1952 legisse.
453 1907 547 1941 Idem
570 1908 650 1941 mihi
673 1907 737 1941 im-

75 1951 218 1996 probari
240 1953 315 1986 Vol.
338 1953 369 1987 1.
381 1964 433 2007 ...ρ
454 1956 509 1994 16,
535 1965 566 1988 a.
591 1953 733 1988 ostendi.

75 1997 241 2031 Scilicet
232 2009 268 2032 m
290 1999 453 2043 proximis
473 2000 605 2034 Glauco
630 2011 734 2053 argu-

73 2046 222 2077 mentum
268 2044 348 2078 libri
393 2046 491 2080 tertii
541 2051 578 2079 et
622 2046 734 2091 partis

75 2090 211 2134 quarti,
245 2102 346 2136 quam
369 2093 476 2126 verba
500 2092 573 2126 eius
598 2096 733 2136 postre—

71 2146 130 2169 ma
160 2137 368 2180 respiciunt,
414 2138 464 2171 ita
507 2138 641 2172 indicav
645 2141 732 2182 erat,

73 2185 114 2214 ut
157 2181 296 2215 Socrati
341 2183 475 2218 omnino
516 2185 732 2229 probaretur.

75 2227 147 2261 Sed
169 2228 254 2261 haec
282 2229 428 2263 nondum
453 2232 612 2263 sufficere
637 2234 732 2264 ratus

127 1072 220 1109 ἄλλά

76 1121 116 1155 Β.
143 1122 223 1155 Vat.
243 1123 288 1158 H.

75 2272 215 2318 insuper
232 2275 428 2309 sciscitatur
451 2276 626 2318 Socrates,
650 2288 736 2321 quo-

75 2319 196 2360 modo,
234 2326 416 2365 postquam
445 2325 596 2366 primam
633 2323 732 2356 illam

75 2365 228 2399 civitatis
257 2371 291 2400 et
317 2368 387 2401 viri
421 2369 499 2402 boui
531 2370 733 2414 descriptio-

75 2422 154 2444 nem
172 2412 413 2455 absolvissent,
439 2415 482 2448 ad
504 2414 668 2449 librorum
687 2417 730 2450 V.

75 2457 136 2492 VI.
160 2462 195 2491 et
219 2458 296 2493 VII.
322 2471 495 2495 sermones
519 2461 624 2495 delati
651 2462 729 2495 sint.

74 2502 167 2537 Huic
198 2505 409 2546 sententiae,
445 2518 547 2552 quam
584 2508 731 2541 aoristus

75 2545 343 2594 απετελέσαμεν
364 2552 453 2586 male
483 2554 527 2587 ab
558 2553 731 2598 interpre-

73 2595 167 2629 tibus
195 2606 257 2639 pro
279 2598 431 2641 perfecto
436 2604 611 2654 acceptus
632 2611 734 2644 aper-

75 2644 111 2674 te
149 2641 381 2694 demonstrat,
421 2641 513 2678 ἄλλά
555 2657 595 2689 γε
634 2645 732 2679 unice

75 2687 258 2721 convenire
279 2669 425 2724 videtiir.
457 2702 496 2746 γε
520 2692 562 2725 ad
588 2703 731 2746 sequen·

74 2731 125 2766 tia
157 2729 284 2778 ἐπειδὴ
317 2732 426 2770 τοῦτ’
462 2734 731 2779 ἀπετελέσαμεν

74 2779 226 2823 pertinet
258 2783 294 2813 et
324 2781 444 2825 priora
472 2788 567 2818 recte
597 2783 732 2828 quidem

75 2825 169 2860 dicta
191 2837 212 2859 a
236 2826 429 2869 Glaucone,
460 2830 520 2863 sed
555 2841 658 2863 unum
680 2829 731 2862 id-

75 2882 143 2915 que
166 2883 231 2906 non
253 2872 330 2906 leve
347 2873 513 2919 reliquum
533 2887 608 2910 esse
627 2875 730 2919 signi-

796 892 898 936 ficat,
935 893 1024 938 quod
1070 892 1151 927 item
1193 892 1239 927 sit
1269 892 1306 926 in
1336 903 1463 926 memo-

795 939 883 973 riam
922 939 1170 980 revocandum,
1224 943 1262 972 ut
1310 939 1465 972 relictam

795 986 886 1019 viam
932 986 1041 1019 denuo
1091 996 1273 1030 capessere
1316 985 1461 1030 possint.

795 1031 920 1088 Itaque
974 1031 1069 1064 initio
1136 1032 1301 1064 Socrates
1360 1043 1462 1076 quum

797 1075 923 1121 ἐπειδὴ
956 1073 1068 1112 τοῦτ’
1102 1073 1371 1120 απετελέσαμεν
1409 1077 1463 1110 di-

796 1128 901 1164 ceret,
926 1124 1007 1157 nihil
1032 1122 1124 1157 aliud
1149 1123 1212 1156 nisi
1229 1134 1398 1166 quaerere
1418 1135 1461 1156 ex

797 1169 974 1203 Glaucone
996 1170 1155 1203 vzolebat
1198 1168 1322 1202 πόθεν
1349 1169 1462 1212 δεῦρο

796 1212 1102 1259 εξετραπόμεθας
1146 1215 1207 1248 sed
1244 1215 1326 1268 quia
1362 1226 1462 1248 caus-

794 1273 865 1295 sam
882 1261 1102 1316 quaestionis
1134 1260 1218 1304 (ἴνα
1246 1258 1360 1294 πάλιν
1387 1258 1455 1304 τήν

794 1304 914 1351 αὐτὴν
955 1307 1094 1363 ἴωμεν)
1147 1307 1325 1340 additurus
1368 1313 1456 1348 erat,

791 1354 932 1387 verbum
959 1350 1263 1410 a'vocpwrlotficou’ev
1303 1353 1334 1386 ei
1357 1364 1458 1397 prae-

792 1399 896 1433 misit.
945 1399 1012 1434 Cui
1036 1400 1065 1433 si
1091 1396 1178 1432 ἄλλ’
1212 1394 1253 1442 ἅ
1253 1410 1278 1432 ἐ
1313 1399 1459 1442 tribuas,

794 1446 885 1491 quod
918 1446 1168 1480 coniunctivum
1205 1424 1458 1488 ἀναμνησθῶ-

793 1503 860 1535 μεν
890 1493 1061 1537 loquentis
1097 1492 1206 1526 animo
1245 1491 1310 1524 iam
1336 1492 1459 1525 obver-

793 1543 926 1572 santem
966 1537 1101 1582 arguit,
1145 1537 1324 1571 dictionem
1368 1537 1459 1571 haud

794 1584 1059 1628 probabiliorem
1094 1583 1249 1624 efficias,
1294 1595 1395 1629 quam
1429 1583 1459 1617 si

794 1630 918 1664 Latine
943 1630 1058 1664 dicas:
1084 1631 1153 1664 Sed
1178 1630 1295 1663 hortor
1325 1636 1380 1671 te,
1405 1634 1456 1670 ut,

790 1683 974 1720 postquam
1004 1677 1065 1709 Ιιοο
1095 1677 1374 1717 absolveramus,
1400 1687 1456 1709 re-

794 1723 962 1765 corderis,
997 1723 1087 1756 unde
1110 1723 1176 1755 huc
1206 1722 1455 1755 devenerimus.

792 1767 949 1813 Denique
990 1780 1112 1802 caussa
1145 1779 1213 1801 non
1253 1772 1349 1810 erat,
1394 1778 1455 1801 cur

793 1814 1003 1849 Glauconem
1036 1815 1246 1859 superiorum
1272 1820 1342 1848 tam
1367 1815 1455 1847 bene

791 1872 973 1893 memorem
1015 1861 1153 1913 gravius
1196 1861 1365 1894 hocloco
1410 1860 1454 1894 ad

789 1906 1036 1940 recordandum
1063 1906 1243 1940 excitaret.

836 1949 960 1996 τοῦτ’]
998 1949 1111 1986 ταῦτ’
1149 1952 1245 1985 Vind.
1281 1952 1324 1986 Ε.
1362 1954 1452 1997 Ang.

788 1998 829 2031 B.
851 2000 931 2033 Vat.
965 1999 1010 2034 H.
1036 1999 1066 2032 F
1070 2000 1132 2035 lor.
1155 1999 1328 2034 ACRTV.
1347 2000 1451 2033 Stall-

787 2044 951 2078 baumius.

836 2088 964 2134 σχεδὸν
995 2110 1038 2115 -
1074 2086 1229 2133 ὁμοίους
1269 2090 1347 2125 544.
1383 2090 1451 2135 A.]

788 2137 962 2182 excerpsit
985 2137 1155 2170 Stobaeus
1169 2147 1268 2170 serm.
1282 2135 1446 2169 XXXXI.

788 2195 823 2229 p.
850 2184 918 2218 265
956 2183 1193 2216 Trincavellus
1218 2182 1339 2216 omisit.

835 2226 887 2269 ιὸς
920 2227 1175 2273 διεληλυθὼς]
1219 2228 1273 2262 Ita
1305 2228 1386 2263 Par.
1410 2230 1451 2261 A.

788 2275 887 2310 Vind.
897 2276 1004 2309 BEF.
1018 2277 1097 2310 Vat.
1108 2275 1151 2308 H.
1171 2274 1201 2306 F
1204 2275 1265 2307 lor.
1278 2274 1450 2307 ACRTV.

788 2322 886 2355 Stob.
928 2322 1001 2355 cod.
1042 2322 1082 2355 A.
1129 2317 1181 2359 ὥς
1221 2320 1453 2363 διεληλυθώς

787 2368 874 2412 Ang.
899 2368 939 2401 Β.
967 2364 1018 2406 ὥς
1040 2365 1266 2410 διελήλυθας
1298 2368 1380 2402 Vat.
1410 2366 1450 2400 B.

790 2414 873 2447 Ven.
913 2414 953 2448 C.
991 2414 1068 2447 Par.
1102 2413 1179 2447 DK.
1211 2412 1310 2447 Flor.
1338 2413 1381 2446 U.
1416 2417 1451 2446 et

788 2472 862 2494 cum
892 2460 1028 2504 punctis
1053 2471 1073 2492 a
1096 2470 1175 2492 m.s.
1192 2459 1254 2492 sub
1279 2455 1332 2498 οἷς
1356 2458 1450 2493 Μοιι.

788 2507 828 2540 Β.
856 2503 1078 2549 διελήλυθας
1099 2505 1183 2538 Lob.
1211 2505 1295 2538 Ven.
1307 2506 1347 2538 B.
1370 2506 1449 2539 Vat.

787 2553 836 2586 M.
872 2553 972 2586 Stob.
1017 2551 1092 2584 Ald.
1134 2551 1214 2584 Bas
1251 2562 1282 2584 a.
1324 2551 1448 2595 Steph.

788 2598 864 2632 Ast.
890 2595 1131 2650 διεληλύθας
1138 2597 1219 2630 Bas.
1252 2597 1286 2630 b.
1326 2598 1380 2630 Cf.
1407 2597 1449 2630 L.

789 2645 830 2678 V.
864 2656 900 2698 p.
923 2645 1002 2678 450.
1031 2643 1079 2676 A:
1115 2638 1206 2677 ὅσον
1235 2640 1346 2686 λόγον
1376 2640 1448 2675 πά-

789 2692 844 2723 λιν
867 2687 990 2733 ὦ’σπερ
1013 2685 1050 2730 ἐξ
1070 2685 1186 2743 ἀρχῆς
1213 2692 1345 2722 κινεῖτε
1362 2687 1448 2732 περὶ

787 2736 854 2780 τῆς
880 2735 1082 2774 πολιτείας·
1109 2732 1155 2791 ἣν
1189 2747 1241 2774 ως
1271 2731 1345 2779 ἤδη
1376 2734 1446 2768 διε-

788 2780 962 2839 ληλυθώς
982 2780 1063 2837 ἐγω)
1064 2792 1089 2815 ε
1119 2778 1277 2825 ε’χαιρον.

835 2826 990 2871 ἐποιοῦ]
1018 2824 1149 2861 ε’ποίου
1173 2828 1270 2862 Vind.
1284 2827 1323 2861 F
1346 2824 1446 2860 ἐποί-

790 2886 857 2908 ουν
879 2875 976 2908 Stob.
1002 2874 1076 2908 cod.
1100 2874 1141 2907 A.

1184 2932 1258 2970 ΑΞ
