1764 3176
276 121 333 161 5⁰

729 108 1195 154 PLATONIS

276 228 486 270 τοιοῦτον
532 220 670 266 κακὸν
716 218 986 276 ἐκκαόμενον
1033 219 1263 264 ἐθέλουσιν
1315 214 1655 273 ἀποσβεννύναι,

279 296 498 372 εἴργοντες
523 289 575 333 τὰ
605 288 745 333 αὑτοῦ
775 286 860 344 ὅπη
896 304 960 338 τις
997 285 1202 343 βούλεται
1227 285 1420 340 τρέπειν,
1451 283 1551 327 οὔτε
1577 285 1655 339 τῇ-

280 364 349 411 δε,
379 362 408 417 ᾑ
442 360 498 402 αὐ
528 355 638 401 κατὰ
667 355 815 409 ἕτερον
852 355 992 411 νόμον
1022 354 1074 398 τὰ
1103 358 1286 399 τοιαῦτα
1313 352 1471 397 λύεται.

1532 349 1659 399 Κατὰ

280 429 333 485 δὴ
363 430 483 477 τίνας
515 424 594 475 “09
624 422 716 480 μετ’
748 420 918 467 ἐκεῖνόν
947 422 1037 466 ἐστι
1067 423 1269 477 δεύτερος
1298 421 1372 464 καὶ
1400 417 1658 475 ἀναγκάζων

279 495 436 553 ἀρετῆς
465 495 760 550 ἐπιμελεῖσθαι
788 489 893 542 τούς
922 495 1112 542 πολίτας
1154 488 1232 533 ἐαν
1260 488 1345 545 γὰρ
1376 488 1443 531 ἐπὶ
1483 491 1545 542 τῷ
1575 484 1662 529 ati-³

278 598 403 643 reliqui
425 596 558 631 codices
582 599 631 629 et·
642 594 820 628 editiones.
869 594 941 627 Ho-

279 645 385 680 mines
417 643 500 676 istos
525 641 686 687 pecuniae
711 640 942 674 corradendae

280 692 379 725 unice
403 689 572 723 studiosos
591 687 680 721 nulla
699 686 832 719 ratione
855 685 943 719 velle

281 736 464 782 impedire,
502 746 568 779 quo
602 734 711 766 minus
741 731 861 776 reliqui
895 731 941 764 ci-

281 794 341 817 ves
367 791 560 826 pauperes,
592 779 656 824 ipsi
678 778 818 811 ditiores
841 777 939 818 fiant,

282 828 384 863 facile
407 825 619 869 intelligitur,
645 835 754 868 neque
774 834 859 876 opus
877 828 941 863 est,

282 879 321 908 ut
345 873 443 907 huius
465 870 652 904 voluntatis
685 869 840 903 absentia
869 880 944 902 cum

282 921 340 954 illo
365 918 477 952 studio
502 916 682 950 coniuncta
712 927 788 948 esse
812 915 945 948 dicatur

284 966 406 1000 nedum
439 968 610 1007 tamquam
642 962 677 995 in
717 961 835 1006 primis
874 972 946 993 me-

285 1009 455 1046 morabilis
488 1007 656 1053 particula
696 1018 735 1050 γε
775 1006 946 1050 significe-

284 1063 353 1092 tur.
400 1056 547 1089 Remota
571 1065 655 1087 vero
680 1052 823 1097 copula,
846 1062 947 1096 quam

285 1103 399 1137 multis
433 1101 515 1135 locis
537 1099 777 1152 interpolatam
802 1097 946 1131 V01.11.

286 1162 320 1195 p.
356 1149 444 1189 322,
479 1148 512 1180 b.
556 1145 677 1186 docui,
708 1145 849 1189 primum
883 1143 947 1176 hoc

286 1194 458 1235 efficitur,
480 1196 518 1225 ut
531 1192 628 1225 verbi
648 1188 842 1225 ἐθέλουσιν
867 1190 949 1222 sub-

285 1242 411 1276 iectum
446 1250 513 1272 non
546 1237 674 1271 omnino
708 1235 743 1270 οὶ
775 1247 947 1279 χρηματι-

287 1285 390 1327 σταὶ,
415 1285 458 1318 de
481 1284 605 1329 quibus
631 1283 666 1316 in
691 1283 851 1327 proximis
875 1292 948 1314 ser-

287 1345 339 1366 mo
371 1331 458 1372 fuit,
500 1341 642 1374 quorum
673 1332 787 1362 tamen
818 1328 950 1372 aliquos

288 1389 394 1412 censu
433 1376 476 1410 ad
509 1376 742 1419 magistratum
785 1374 951 1406 evehente

288 1424 433 1458 nondum
457 1422 582 1467 potitos
606 1431 738 1454 sumere
758 1420 858 1460 licet,
891 1418 951 1451 sed

291 1469 326 1504 οἱ
350 1467 373 1503 ἅ
378 1479 526 1513 ρχοντες
549 1479 628 1500 esse
651 1466 802 1511 possint,
835 1465 893 1510 qui
917 1469 953 1497 et

291 1528 396 1561 supra
420 1527 453 1560 p.
479 1515 558 1549 555.
584 1514 624 1547 C.
661 1513 844 1556 legitimum
872 1510 952 1543 illud

291 1561 564 1613 impedimentum
607 1558 758 1592 aversari
792 1564 826 1591 et
864 1557 953 1589 infra

291 1610 332 1642 B.
375 1608 466 1640 cives
501 1606 536 1639 in
567 1608 803 1653 paupertatem
835 1602 955 1647 impel-

292 1655 363 1688 lere
386 1654 567 1705 dicuntur3
610 1650 734 1684 deinde
766 1649 957 1694 particulae

292 1711 331 1744 ιε
365 1699 503 1744 propiia
537 1698 587 1731 vis
619 1696 846 1742 conspicitur,
887 1705 955 1739 qua

293 1746 393 1779 dictis
426 1745 557 1789 pondus
590 1743 687 1776 addit
726 1743 794 1782 ita,
832 1745 871 1774 ut
913 1740 956 1773 ad

294 1803 385 1832 rem,
420 1802 488 1834 qua
519 1790 562 1822 de
586 1789 721 1832 agitur,
753 1787 854 1821 valde
877 1798 957 1831 per-

293 1836 437 1871 tinentia
466 1841 501 1868 et
534 1835 634 1879 plane
657 1833 851 1866 necessaria
882 1843 958 1865 esse

294 1883 433 1917 indicet.
481 1881 601 1925 Itaque
628 1891 729 1924 quum
760 1879 958 1912 Adimantus

295 1930 368 1963 sine
408 1927 476 1961 ulla
510 1926 722 1960 dubitatione
761 1927 882 1957 multos
923 1924 957 1956 in

295 1976 364 2009 ista
409 1973 548 2007 civitate
581 1973 678 2006 fucos
719 1976 754 2004 et
787 1970 958 2003 mendicos

298 2020 482 2055 exstituros
515 2030 591 2052 esse
625 2018 849 2057 affirmasset,
892 2017 960 2049 So-

299 2071 413 2101 crates
453 2076 574 2098 caussa
615 2064 746 2097 demum
786 2063 856 2095 eius
897 2061 958 2100 rei,

300 2124 389 2158 quae
422 2111 567 2144 nondum
600 2114 676 2143 tota
708 2113 831 2154 aperta
855 2112 957 2149 esset,

299 2158 473 2193 intellecta
517 2156 642 2190 nullum
673 2154 875 2188 dubitationi
908 2156 959 2186 lo-

302 2216 377 2239 cum
396 2203 542 2257 relinqui
564 2203 705 2235 innuens
724 2202 862 2234 Scilicet
877 2212 960 2233 neu

300 2257 379 2292 tr,a
412 2249 540 2294 inquit,
577 2249 655 2290 via,
689 2259 758 2292 qua
789 2248 847 2280 isti
870 2247 962 2280 malo

301 2300 518 2337 occurratur,
554 2295 607 2328 uti
638 2295 769 2327 volunt.
816 2292 964 2326 Similem

302 2341 447 2376 enclitici
485 2352 600 2383 usum,
635 2352 701 2396 quo
735 2340 778 2373 ab
812 2344 889 2372 orta
922 2349 964 2372 ex

301 2389 375 2432 ipso
411 2387 579 2432 particula
613 2385 684 2431 γὰρ
717 2397 783 2419 non
827 2384 890 2417 nisi
924 2395 964 2418 eo

305 2434 440 2474 diflert,
471 2433 561 2477 quod
595 2443 737 2466 caussae
767 2431 877 2464 instar
904 2442 965 2463 ne-

307 2479 491 2513 cessarium
528 2479 655 2523 aliquid
691 2489 767 2511 esse
805 2488 871 2510 non
905 2476 965 2510 de-

307 2528 492 2565 monstrat,
524 2525 584 2558 sed
620 2523 856 2558 necessitatem
887 2528 964 2556 tan-

306 2577 380 2605 tum
414 2550 602 2614 significat,
634 2570 728 2604 locus
758 2568 920 2603 Isocratis
945 2580 966 2602 a

309 2616 458 2651 Devario
507 2621 543 2649 et
578 2616 819 2660 Hoogeveenio
859 2615 903 2648 T.
936 2614 962 2647 Ι.

308 2675 344 2708 Ρ.
379 2663 459 2697 221.
493 2661 662 2695 adbibitus
704 2662 808 2695 habet
838 2660 965 2704 Paneg.

308 2711 342 2751 ἓ.
368 2709 446 2743 153.
469 2708 579 2741 Bekk.
603 2708 644 2741 de
661 2711 874 2762 satraparum
894 2718 966 2740 mo-

310 2754 404 2787 ribus
436 2765 518 2787 vere
547 2753 715 2787 Persicis.
760 2749 807 2786 ov'
840 2764 964 2786 καται-

310 2797 484 2843 σχύνουσι
529 2796 596 2843 τήν
643 2795 717 2833 ἐκεῖ
757 2798 964 2842 παίδευσιν,

999 590 1074 627 ἀλλ’
1101 590 1139 626 ἐν
1169 593 1249 631 τοῖς
1281 587 1394 634 ἤθεσι
1420 592 1501 629 τοῖς
1529 586 1660 627 αὐτοῖς

999 637 1239 694 διαμένουσι.
1273 635 1368 680 πρὸς
1396 634 1462 690 μὲν
1482 633 1573 675 τοὺς
1599 634 1660 689 φί-

998 687 1083 724 λους
1125 682 1308 726 απίστως,
1351 679 1445 737 πρὸς
1486 679 1526 716 δὲ
1569 678 1661 719 τοὺς

1000 729 1159 786 ἐχθροὺς
1196 727 1388 772 ἀνάνδρως
1423 726 1567 771 ἔχοντες
1597 724 1661 760 καὶ

998 776 1045 810 τὰ
1073 774 1138 819 μὲν
1165 775 1369 817 ταπεινῶς,
1403 772 1451 807 τὰ
1488 771 1531 808 3’
1568 769 1661 807 ’ὕπε-

999 820 1178 877 ρηφάνως
1197 822 1351 863 ζῶντες,
1376 820 1452 853 τῶν
1479 818 1545 863 μὲν
1573 829 1660 861 συμ-

999 867 1129 923 μάχων
1174 866 1521 920 καταφρονοῦντες,
1572 863 1662 903 τοὺς

1001 911 1040 948 δὲ
1061 913 1258 969 πολεμίους
1284 909 1568 966 θεραπεύοντες.
1589 909 1664 953 τὴν

1000 958 1121 1015 μένγε
1140 956 1223 1002 μετ’
1245 955 1457 1012 Ἀγησιλάου
1487 955 1663 1011 στρατιὰν

1003 1004 1098 1040 ὀκτὼ
1132 1006 1253 1048 μῆνας
1278 1007 1362 1043 ταῖς
1389 1000 1517 1037 αυτῶν
1542 1000 1666 1037 δαπά-

1001 1064 1084 1090 ναις
1118 1050 1348 1094 διέθρεψαν,
1379 1061 1471 1089 τους
1502 1046 1541 1084 δ’
1569 1046 1666 1092 νπὲρ

1004 1095 1131 1131 αὐτῶν
1193 1075 1481 1135 κινδυνεύοντας
1537 1093 1666 1150 ετέρου

1003 1154 1186 1178 τοσουτου
1232 1139 1368 1186 χρόνον
1413 1139 1482 1176 τὸν
1526 1138 1666 1185 μισθὸν

1005 1187 1276 1232 ἀπεστέρησαν,
1311 1187 1375 1221 και
1404 1190 1484 1226 τοῖς
1510 1185 1576 1243 μὲν
1601 1187 1667 1221 Κι-

1005 1233 1150 1290 σθήνην
1206 1234 1478 1289 καταλαβοῦσιν
1534 1230 1668 1267 ἑκατὸν

1005 1279 1171 1315 τοῦαντα
1221 1278 1428 1323 διένειμαν,
1486 1278 1577 1319 τοὺς
1627 1273 1668 1312 δὲ

1005 1324 1101 1371 μεθ’
1136 1323 1263 1360 αυτῶν
1290 1326 1342 1365 εἰς
1371 1324 1531 1383 Κύπρον
1560 1335 1669 1368 στρα-

1007 1371 1185 1415 τευσαμέν
1189 1384 1253 1412 ους
1293 1372 1459 1428 μᾶλλον,
1508 1370 1531 1416 ἢ
1579 1369 1671 1409 τοὺς

1007 1416 1264 1463 αἰχμαλώτους
1284 1415 1450 1463 ν’βριζον.
1486 1418 1522 1451 in
1545 1429 1612 1463 quo
1630 1426 1671 1461 γε

1009 1466 1138 1510 pariter
1163 1470 1266 1509 atque
1289 1465 1323 1498 in
1348 1470 1464 1498 nostro
1489 1464 1588 1497 simul
1611 1476 1674 1497 co-

1009 1512 1110 1556 pulae
1141 1511 1218 1543 vice
1244 1511 1406 1554 fungitur.
1453 1510 1559 1543 Plane
1582 1509 1675 1543 eius-

1009 1558 1085 1590 dem
1112 1557 1246 1600 generis
1269 1562 1322 1589 est
1345 1556 1440 1590 locus
1464 1556 1510 1590 ib.
1534 1557 1566 1600 5.
1592 1556 1671 1591 126.

1009 1602 1129 1644 initio,
1172 1602 1304 1646 qualem
1337 1603 1516 1635 Bekkerus
1547 1613 1673 1635 secun-

1011 1650 1090 1682 dum
1137 1648 1287 1681 codicem
1328 1649 1531 1682 Urbinatem
1574 1647 1673 1681 exhi-

1010 1695 1094 1728 buit.
1142 1694 1218 1727 Nec
1242 1694 1345 1727 multo
1378 1694 1478 1728 aliter
1502 1694 1674 1727 Lucianus

1014 1740 1170 1774 Convivii
1213 1740 1475 1796 descriptionem
1511 1740 1588 1773 finit
1625 1740 1670 1773 T.

1014 1786 1129 1820 VIIII.
1167 1797 1199 1827 p.
1234 1785 1302 1821 80:-
1336 1784 1453 1820 ἐκεῖνό
1481 1797 1532 1841 γε
1557 1782 1672 1840 μεμά-

1012 1834 1115 1888 θηκα
1155 1830 1250 1875 ἤδη,
1301 1829 1353 1871 ὥς
1402 1829 1472 1866 ov’n
1510 1829 1673 1875 ἀσφαλες

1014 1875 1236 1921 ἀπράγμονα
1276 1874 1369 1912 ὄντα
1409 1879 1676 1912 συνεστιᾶσθαι

1013 1923 1200 1963 τοιούτοις
1221 1922 1453 1968 φιλοσόφοις
1475 1924 1573 1957 Adde
1590 1935 1676 1957 eun-

1014 1970 1089 2003 dem
1123 1970 1164 2003 de
1197 1970 1262 2003 dea
1297 1971 1376 2012 Syr.
1407 1971 1452 2004 ib.
1478 1981 1513 2014 p.
1538 1972 1600 2006 83:
1627 1966 1672 2003 τό

1013 2026 1052 2060 γε
1096 2016 1164 2049 τοῦ
1201 2011 1399 2060 Ηρακλέος
1435 2021 1500 2049 etc.
1549 2015 1675 2060 Neque

1013 2073 1094 2095 vero
1120 2062 1252 2095 Platoni
1274 2062 1472 2106 infrequens
1496 2062 1550 2095 hic
1571 2072 1674 2095 usus.

1014 2111 1146 2140 tantum
1175 2107 1335 2141 breviora
1367 2109 1440 2141 fere
1469 2111 1504 2141 et
1536 2107 1676 2152 supple-

1015 2154 1119 2186 menti
1157 2165 1176 2185 e
1207 2153 1369 2197 proximis
1399 2153 1539 2198 petendi
1562 2153 1678 2197 indiga

1016 2200 1166 2232 membra
1189 2200 1239 2232 sic
1262 2200 1411 2233 adiicere
1430 2199 1527 2233 solet.
1575 2199 1680 2233 Velut

1019 2256 1122 2298 quum
1162 2245 1202 2282 L.
1239 2246 1268 2278 Ι.
1310 2257 1344 2289 p.
1377 2247 1458 2282 333
1488 2247 1531 2279 A.
1576 2245 1679 2279 dicit:

1019 2288 1210 2334 Χρήσιμον
1234 2287 1307 2334 ἄρα
1330 2290 1393 2325 καὶ
1416 2289 1454 2325 ἐν
1476 2288 1633 2349 εἰρήνῃ
1623 2290 1678 2324 δι-

1020 2335 1221 2380 nato615v713
1235 2335 1455 2393 Χρήσιμον.
1502 2337 1579 2371 Καὶ
1607 2335 1677 2381 γὰρ

1019 2383 1192 2426 yscooyia·
1229 2379 1252 2426 ἢ
1278 2380 1346 2424 οὕ,-
1378 2383 1468 2417 Ναί.
1511 2379 1615 2427 Πρός
1639 2394 1679 2438 γε

1020 2429 1167 2486 καρποῦ
1188 2430 1323 2472 κτῆσιν.
1371 2429 1462 2464 Ναί.
1509 2428 1586 2463 Καὶ
1607 2426 1680 2473 μὴν

1021 2474 1083 2509 καὶ
1107 2473 1367 2531 σκυτοτομική;
1394 2474 1484 2509 Ναί.
1518 2473 1621 2519 Πρός
1627 2486 1680 2532 γε

1021 2518 1276 2565 υποδημάτων
1303 2534 1373 2565 αν,
1408 2518 1534 2565 οἶμαι,
1563 2533 1680 2575 φαιης

1021 2567 1157 2611 κτῆσιν.
1207 2566 1316 2602 Πανυ
1341 2579 1391 2611 γε.
1424 2579 1567 2613 quorum
1588 2567 1681 2601 simi·

1020 2614 1066 2647 lia
1077 2613 1255 2669 permulta
1279 2615 1393 2648 habet.

1068 2656 1304 2705 ἐκκαόμενον]
1325 2657 1560 2703 ἐκκαιόμενον
1578 2657 1680 2693 Vind.

1022 2705 1062 2739 F.

1067 2748 1362 2806 αποσβεννυναι]
1387 2746 1683 2802 ἄποσβαιννύναι

1022 2798 1119 2832 Vind.
1145 2799 1187 2833 E.
1214 2794 1492 2842 οἷποσβεννῦναι
1517 2794 1618 2832 Vind.
1635 2795 1678 2828 F.
