1764 3176
266 113 353 153 264

725 111 1198 155 PLATONIS

266 221 460 265 δυνατόν
511 222 577 277 ε’ίη
630 225 768 266 ταῦτα
823 223 1063 268 λανθάνειν
1121 224 1196 268 καὶ
1257 224 1393 277 θεοὺς
1448 226 1522 269 καὶ
1580 224 1654 270 ἄν·

267 289 500 342 θρώπους,
549 288 665 345 ὅμως
713 291 867 334 δοτέον
909 290 1021 336 εἶναι
1069 296 1152 336 τοῦ
1201 290 1338 348 λόγου
1385 292 1532 344 ἕνεκα,

1582 295 1656 337 ἵνα

203 357 243 399 D
274 356 383 415 αὐτ-ἦ
427 358 686 416 δικαιοσύνη
735 360 845 414 πρὸς
891 358 1069 404 ἀδικίαν
1108 358 1245 415 αὐτὴν
1289 363 1472 418 κριθείη.
1529 361 1558 418 ἢ
1599 361 1656 407 ου’

266 423 578 481 μνημονεύεις;
622 425 844 484 Ἀδικοίην
882 427 1006 483 μέντ’
1039 427 1118 482 ἂν,

1161 429 1269 484 ἔφη,
1310 431 1347 472 εἰ
1385 429 1458 486 μή.
1519 429 1656 475 Ἐπει-

266 494 319 550 δή
364 496 517 537 τοίνυν
562 495 813 551 κεκριμέναι
854 496 986 547 εἰσὶν,
1025 497 1108 552 ἐγώ
1160 495 1295 540 πάλιν
1335 494 1504 540 ἀπαιτῶ
1542 497 1653 553 ὑπὲρ

267 561 577 618 δικαιοσύνης,

633 561 778 617 ὥσπερ
828 563 911 619 ἔχει
952 565 1082 621 δόξης
1131 565 1206 608 καὶ
1249 565 1370 619 παρὰ
1417 570 1535 609 θεῶν
1580 567 1655 610 καὶ

265 628 386 684 παρὰ
449 628 720 685 ἀνθρώπων,
780 632 853 675 καὶ
912 631 1025 688 ἡμᾶς
1080 631 1313 688 ὁμολογεῖν
1363 634 1461 688 περὶ
1520 633 1655 691 αὐτῆς

269 700 500 743 δοκεῖσθαι
549 697 694 750 οὕτω,
746 700 820 743 ἴνα
876 700 950 743 καὶ
1010 699 1065 743 τὰ
1119 701 1350 757 νικητήρια
1407 705 1654 759 κομίσηται,

270 767 299 811 ἃ
328 765 414 810 ἀπὸ
445 770 526 810 τοῦ
565 769 712 810 δοκεῖν
749 768 946 824 κτωμένη
978 770 1130 813 δίδωσι
1170 775 1262 820 τοῖς
1292 769 1467 824 ἔχουσιν
1503 769 1655 826 αὐτὴν,

268 835 416 891 ἐπειδὴ
445 836 518 879 καὶ
548 836 601 879 τὰ
631 834 718 880 ἀπὸ
749 840 830 880 τοῦ
860 835 974 880 εἶναι
1013 835 1162 892 ἀγαθοὶ
1194 839 1380 880 διδοῦσα
1408 836 1552 895 ἐφάνη
1581 839 1656 883 καὶ

204 903 238 944 Ε
271 903 353 948 οὐκ
384 903 636 956 ἐξαπατῶσα
665 904 769 956 τούς
805 908 868 963 τῷ
902 903 997 949 ὄντι
1025 903 1332 962 λαμβάνοντας
1364 902 1517 963 αὐτήν.

267 1042 320 1076 vel
344 1041 491 1087 λαβεῖν,
527 1042 626 1087 quasi
658 1040 806 1086 ἠξιοῦτε
831 1055 933 1089 prae-

268 1089 449 1129 cessisset,
483 1088 630 1133 positum
664 1090 823 1123 excusari
852 1102 931 1146 pos-

267 1140 341 1174 set,
378 1134 443 1168 nisi
476 1134 635 1168 continuo
668 1136 854 1170 subiectum
884 1132 931 1170 ἂν

266 1182 407 1214 verbum
433 1180 569 1234 aliquod
594 1192 659 1214 non
686 1182 846 1225 rogandi,
871 1183 932 1216 sed

267 1226 481 1260 existimandi
514 1227 761 1271 significatione
797 1229 932 1274 praedi—

264 1280 336 1306 tum
363 1256 567 1318 requireret?
599 1273 653 1307 Cf.
678 1274 752 1307 Vol.
765 1275 792 1307 I.
807 1287 837 1319 p.
849 1274 930 1318 294,

266 1320 300 1353 b.
351 1319 407 1352 lta
432 1319 520 1352 enim
544 1319 577 1353 h.
602 1319 625 1354 1.
656 1332 728 1353 καν
761 1320 933 1378 interpre-

266 1364 407 1398 tandum
442 1371 477 1398 et
508 1366 550 1398 ab
585 1366 739 1410 optativo
765 1366 844 1410 εἷ’,η
879 1367 933 1400 cui

266 1411 467 1454 Bernhardy
503 1415 591 1455 sjffnt
626 1423 659 1456 p.
685 1412 765 1448 412.
790 1413 934 1457 iungen-

265 1458 342 1491 dum
368 1457 509 1499 statuit,
533 1458 760 1502 separandum
783 1459 930 1493 videtur.

264 1504 475 1538 Litterarum
510 1510 625 1537 autem
656 1517 676 1548 γ
702 1508 737 1538 et
768 1518 788 1538 τ
814 1507 933 1539 confu-

265 1549 361 1583 sione
397 1549 476 1583 nihil
509 1550 724 1595 frequentius
753 1563 827 1586 esse
853 1563 933 1585 con-

263 1601 345 1629 stat.

314 1639 502 1685 δυνατὸν]

266 1688 363 1722 Flor·
381 1688 435 1732 U.

314 1733 382 1777 εἴη]
409 1734 432 1777 η’
460 1733 559 1768 vind.
585 1734 626 1768 B.

312 1779 448 1823 ταῦτα]
473 1780 610 1813 τοῦτον
635 1781 713 1814 vat.
738 1781 786 1814 M.

273 1862 276 1865 ,
312 1824 432 1865 θεοὺς
455 1825 542 1869 και]
580 1825 644 1860 καὶ
676 1839 742 1861 om.
769 1827 863 1862 Flor.
888 1826 934 1860 U.

267 1876 302 1906 et
327 1884 347 1904 a
373 1884 415 1905 m.
441 1883 493 1927 pr.
518 1872 610 1905 Mon.
636 1873 677 1906 B.

315 1918 377 1952 ἵνα
389 1916 520 1973 αυτ-ὴ]
557 1915 609 1951 ἵν’
637 1914 733 1973 αὕτη
759 1918 843 1953 Lob.
880 1915 932 1951 ἵν’

267 1961 290 2009 ἡ
308 1961 402 2008 αὐτὴ
416 1965 514 1997 Stob.
534 1963 595 1998 ινα
618 1961 711 2008 αὐτὴ
731 1961 840 2008 ⁷7‘Ast
863 1977 932 1999 sec.

316 2010 484 2067 κριθείη]
510 2011 669 2053 κριθείη
692 2012 790 2044 Stob.
815 2011 932 2044 Τιίιιο.

312 2053 351 2100 ἢ]
380 2055 401 2100 ἠ
429 2056 530 2091 Vind.
556 2057 596 2089 Ε.

300 2101 490 2159 Ἀδικοίην
521 2100 610 2146 μένι·
617 2100 647 2145 ’“Ι
677 2099 833 2147 Ἀδικοίη
862 2100 931 2144 μέν

300 2146 412 2182 '.Ald
438 2150 517 2182 Bas.
546 2150 600 2182 ab.
628 2147 753 2182 ἄδικοι
775 2148 867 2192 ἠμεν
892 2145 930 2181 τ’

266 2196 353 2229 Lob.
379 2196 459 2230 Vat.
485 2195 565 2228 ΒΜ.
599 2201 634 2229 et
661 2206 748 2228 am.
774 2206 825 2238 pr.
851 2194 930 2227 Par.

267 2241 310 2277 D.
347 2237 494 2284 αδικοίη
529 2238 597 2284 μὲν
637 2241 738 2274 Vind.
770 2241 809 2274 F.
843 2237 931 2274 α’δι-

266 2287 417 2331 κοίημεν
453 2290 540 2330 Aug.
570 2288 612 2320 B.
649 2287 741 2320 Flor.
776 2287 818 2319 R.
853 2283 933 2320 οἱδι-

268 2336 395 2376 κοῖμεν
420 2331 527 2375 μέντ’
554 2334 647 2367 Mon.
677 2333 718 2366 Β.
748 2333 838 2365 Flor.
867 2334 909 2366 U.

317 2379 351 2412 εἰ
372 2377 448 2423 μή]
480 2378 515 2413 εἰ
536 2376 611 2423 μή;
635 2380 716 2413 Bas.
743 2379 796 2413 ab.
821 2375 843 2422 ἢ
870 2376 932 2422 μή.

268 2425 348 2459 vat.
383 2425 427 2459 H.
470 2425 565 2460 Flor
611 2425 684 2459 Ac.
727 2437 793 2459 om.
834 2426 932 2459 Stob.

267 2471 389 2505 Trinc.
514 2509 529 2516 -

315 2516 466 2559 τοίνυν]
503 2516 551 2560 ἠν
587 2529 619 2551 τ
653 2517 733 2550 Par.
767 2519 807 2551 A.
846 2517 932 2550 Lob.

271 2563 371 2596 vind.
404 2562 479 2596 BE.
515 2563 594 2597 Vat.
628 2563 744 2596 BHM.
784 2564 866 2597 Ven.
894 2564 933 2597 C.

271 2602 342 2643 οὖν
368 2621 399 2642 τ.
437 2609 530 2641 Mon.
566 2609 606 2641 B.
641 2609 720 2644 Par.
754 2609 830 2645 ΒΚ.
863 2621 934 2644 sec.

270 2655 381 2689 Bekk.
426 2654 521 2687 Flor.
563 2654 609 2689 U.
642 2667 671 2688 τ.
709 2649 756 2699 ἦν
789 2652 827 2689 δ’
864 2653 932 2699 ἐΙώ

272 2701 356 2734 Ven.
384 2701 422 2734 B.
458 2700 558 2733 Vind.
584 2700 625 2733 F.
657 2701 807 2745 Ang.13.
844 2702 934 2736 Flor.

271 2748 413 2782 ARTV.
437 2752 480 2790 γρ
506 2746 585 2780 Par.
611 2747 649 2781 A.
676 2714 775 2782 Stgob.
800 2749 877 2781 Bas.
900 2749 933 2782 b.

272 2793 345 2828 Ast.
382 2805 449 2827 sec.
486 2796 568 2826 tert.
603 2793 724 2827 Stallb.
759 2794 850 2839 quod
882 2806 936 2827 me

555 1641 698 1676 δυνατὰ
755 1643 847 1677 Mon.
894 1644 933 1677 B.

1574 908 1655 951 Δί-

989 1043 1125 1087 quidem
1147 1042 1258 1077 iudice
1281 1048 1353 1077 tam
1376 1055 1484 1089 prope
1507 1043 1653 1079 alterum

989 1088 1057 1133 ἐγώ
1084 1090 1183 1123 vaide
1206 1090 1347 1123 insuave
1372 1095 1435 1123 est.
1480 1091 1528 1124 Et
1551 1103 1654 1136 quum

989 1137 1053 1170 hoc
1077 1136 1232 1176 alterum,
1254 1148 1320 1180 quo
1344 1148 1440 1170 nemo
1465 1148 1529 1170 non
1550 1149 1654 1181 aegre

990 1188 1127 1224 careat,
1153 1181 1188 1214 in
1212 1182 1289 1215 Par.
1312 1183 1353 1215 A.
1378 1182 1463 1215 Ven.
1493 1183 1533 1217 C.
1558 1184 1652 1218 Flor.

988 1229 1032 1263 T.
1053 1228 1211 1261 omissum
1228 1231 1262 1260 et
1286 1227 1321 1261 in
1345 1228 1496 1271 margine
1519 1229 1600 1264 Par.
1611 1231 1654 1264 A.

989 1286 1061 1308 cum
1086 1274 1202 1306 variae
1227 1274 1381 1307 lectionis
1406 1280 1486 1307 nota
1507 1275 1654 1319 positum

987 1321 1052 1363 sit,
1078 1320 1131 1363 (id
1155 1319 1245 1352 enim
1273 1319 1498 1363 significatum
1525 1326 1608 1363 puto
1631 1335 1654 1357 a

987 1366 1168 1406 Bekkero,
1203 1366 1261 1410 qui
1290 1365 1324 1398 in
1361 1377 1476 1400 comm.
1513 1365 1583 1410 ἐγώ
1618 1369 1653 1403 in

988 1411 1068 1445 Par.
1093 1413 1134 1444 A.
1159 1411 1245 1444 Ven-
1272 1411 1314 1444 C.
1339 1413 1422 1456 legi,
1447 1412 1483 1445 in
1506 1425 1549 1456 γρ
1574 1414 1653 1448 Par.

989 1459 1030 1492 Α.
1071 1458 1186 1490 omitti
1221 1457 1394 1502 perhibet,
1437 1470 1538 1503 quum
1581 1457 1653 1504 ἐγω

990 1503 1165 1547 vulgatum
1193 1507 1227 1536 et
1258 1504 1423 1537 Faehsius
1454 1505 1524 1538 id·
1515 1517 1549 1539 1n
1574 1506 1653 1542 Par.

991 1553 1032 1583 A.
1059 1549 1167 1582 omitti
1191 1553 1336 1583 testatus
1360 1551 1421 1593 sit)
1446 1551 1479 1584 in
1503 1553 1655 1596 margine

990 1595 1133 1640 primum
1158 1589 1205 1639 ἦν
1231 1593 1270 1628 δ’
1299 1597 1342 1629 ab
1367 1597 1490 1641 aliquo,
1509 1599 1568 1642 qui
1586 1611 1654 1634 non

990 1642 1218 1685 intelligeret,
1254 1653 1320 1686 quo
1360 1643 1568 1686 pertineret,
1613 1658 1654 1679 eo

992 1688 1181 1732 adiectum,
1214 1688 1336 1721 deinde
1366 1689 1402 1721 in
1426 1693 1585 1724 contextu
1610 1693 1653 1726 ab

992 1734 1070 1768 aliis
1100 1733 1148 1777 ἠν
1178 1733 1268 1767 inter
1295 1732 1421 1789 ἐπειδὴ
1457 1741 1493 1769 et
1525 1737 1653 1771 τοίνυν

991 1780 1212 1822 collocatum,
1245 1777 1340 1825 ἐγώ
1349 1792 1409 1814 5υο
1442 1781 1515 1815 loco
1539 1784 1655 1816 reddi-

991 1831 1084 1867 turn,
1126 1827 1169 1859 ab
1202 1826 1276 1859 aliis
1314 1826 1362 1869 ἠν
1396 1823 1437 1860 δ’
1471 1824 1538 1871 ἐγώ
1574 1833 1654 1886 post

990 1872 1118 1905 τοίνυν
1153 1878 1349 1916 receptum,
1397 1873 1538 1908 alterum
1583 1873 1651 1919 ἐγώ

989 1918 1114 1962 partim
1139 1917 1308 1959 omissum,
1333 1918 1456 1962 partim
1481 1919 1653 1964 iteratum,

989 1975 1105 1997 veram
1140 1967 1254 1996 autem
1290 1964 1468 2001 lectionem
1499 1966 1534 1999 in
1559 1967 1651 2001 Flor.

993 2009 1032 2042 C.
1058 2015 1093 2042 et
1117 2009 1195 2042 Aldi
1229 2009 1346 2043 codice
1380 2016 1549 2046 servatam
1578 2025 1653 2047 esse

988 2055 1148 2090 arbitror.

1035 2099 1266 2146 κεκριμέναι]
1302 2099 1520 2145 κεκρυμέναι
1552 2105 1652 2140 Stob.

990 2148 1064 2182 cod.
1113 2148 1153 2182 Β.
1194 2146 1432 2191 κεκριμμέναι
1475 2149 1554 2184 Bas.
1597 2152 1651 2186 ab.

987 2196 1062 2227 Ast.
1088 2205 1140 2237 pr.

1038 2236 1218 2293 α’παιτῶ]
1218 2237 1377 2293 ἄπαιτῷ
1403 2241 1476 2275 Ald.

1037 2281 1174 2340 ὥσπερ]
1203 2282 1304 2325 ὅπως
1329 2275 1407 2320 V‘at.
1433 2287 1482 2320 Μ.

1036 2328 1140 2374 παρά
1182 2327 1423 2376 ἀνθρώπων]
1474 2331 1569 2378 παρ’
1615 2331 1651 2368 οἷ.

989 2377 1076 2411 Lob.
1115 2377 1214 2410 Vind.
1240 2379 1303 2411 BF
1306 2378 1348 2411 F
1383 2381 1470 2423 Ang.
1494 2381 1536 2415 B.
1574 2380 1653 2415 vat.

990 2424 1075 2457 HM.
1101 2424 1197 2456 Stob.

1037 2466 1150 2513 ἡμᾶς]
1176 2466 1276 2511 ὐμᾶς
1300 2469 1392 2505 Mon.
1417 2471 1456 2503 B.
1482 2471 1560 2504 Par.
1574 2472 1650 2506 DK.

990 2516 1084 2550 Flor.
1103 2516 1148 2550 U.
1173 2516 1249 2548 Ald.
1278 2517 1397 2560 Steph.
1423 2522 1459 2550 et
1481 2518 1653 2551 recentio-

991 2575 1058 2596 res.
1107 2563 1150 2594 At
1174 2562 1335 2595 Socrates
1359 2562 1434 2606 ipse
1458 2563 1567 2596 adhuc
1585 2576 1651 2597 una

991 2621 1065 2642 cum
1090 2608 1136 2641 rei
1132 2608 1228 2652 1iquis
1251 2607 1416 2641 iustitiam
1446 2609 1534 2642 male
1555 2610 1651 2643 audi-

991 2667 1029 2688 re
1054 2660 1090 2688 et
1123 2653 1204 2686 deos
1239 2654 1474 2710 hominesque
1487 2667 1585 2689 secus
1609 2656 1650 2689 de

991 2713 1033 2734 ea
1055 2705 1208 2735 statuere
1231 2700 1300 2734 τοῦ
1324 2698 1434 2744 λόγου
1461 2698 1566 2735 ἕνεκα
1590 2713 1649 2746 po-

992 2752 1119 2781 suerat.
1159 2746 1269 2779 Recte
1292 2746 1396 2789 igitur
1421 2759 1508 2781 nunc
1531 2753 1649 2792 postu-

991 2793 1052 2836 lat,
1076 2798 1115 2826 ut
1138 2803 1252 2825 onmes
1274 2792 1375 2826 talem
1398 2793 1518 2836 videri,
1541 2794 1649 2840 qualis
