1764 3176
161 2247 232 2284 558

247 107 251 111 ¹
281 97 338 137 58

277 222 385 257 των,
437 205 513 248 ἐὰν
559 205 618 261 μὴ
666 206 884 263 ἐπιθυμῇς
935 206 1136 264 εἰρήνης,

734 96 1200 140 PLATONIS

1185 206 1291 263 μηδ
1331 202 1408 259 αὖ,
1465 208 1544 252 ἐάν
1592 225 1655 261 τις

277 272 425 329 ἄρχειν
454 272 590 327 νόμος
621 285 669 316 σε
699 274 919 357 διακωλύῃ
949 276 979 332 ἢ
1009 274 1219 329 δικάζειν,
1257 275 1392 330 μηδὲν
1420 269 1551 332 ἧττον
1580 278 1654 321 καὶ

183 345 252 379 558
277 341 425 397 ἄρχειν
455 343 528 384 καὶ
557 340 759 394 δικάζειν,
788 342 864 386 ἐὰν
894 343 1014 401 αὐτῷ
1044 356 1115 387 σοι
1144 343 1266 399 ἐπίῃ,
1306 341 1380 396 ἀρ’
1414 359 1468 386 ου
1494 349 1654 389 θεσπε-

272 412 346 453 σία
385 410 458 452 καὶ
498 408 624 466 ἡδεῖα
671 410 697 468 ἡ
739 411 920 468 τοιαύτη
970 409 1164 467 διαγωγὴ
1202 410 1247 453 ἐν
1285 412 1347 468 τῷ
1383 414 1651 465 παραυτίκα;

257 477 414 530 Ἴσως,
439 478 546 534 ἔφη,
577 477 623 521 ἔν
651 495 698 534 γε
728 477 882 537 τούτῳ.

313 647 520 695 ἐπιθυμῇς]
560 647 756 693 ἐπιθυμεῖ,
798 661 873 695 sup.
904 650 926 694 ἦ

267 708 369 741 super
394 700 448 739 εἴ,
485 698 563 731 vat.
582 697 630 730 Β.
657 694 822 740 ἐπιθυμῆ
851 698 929 730 Par.

265 743 375 777 ΑΒΚ.
399 754 467 776 sec.
492 743 600 776 Bekk.
626 743 725 777 Vind.
740 743 812 776 BE.
842 744 927 777 Ven.

267 789 308 823 C.
335 794 370 822 et
394 801 414 822 a
438 801 480 821 m.
507 801 558 833 pr.
586 789 624 821 B.
650 789 729 822 vat.
753 789 798 822 H.
834 788 927 822 Flor.

264 835 371 870 ACV.
396 834 487 879 quod
509 835 608 868 etiam
632 834 660 868 si
685 835 829 868 medium
851 831 926 867 ἐπι·

264 882 473 924 θυμεῖσθαι
497 881 532 913 in
556 892 618 913 usu
644 886 753 922 esset,
789 881 831 913 ob
857 891 930 913 am-

265 927 470 972 biguitatem
509 926 613 959 vitari
646 926 805 960 debebat.
854 926 929 959 Ne-

266 985 334 1026 que
357 984 439 1006 vero
465 973 569 1005 semel
593 973 705 1014 facta,
739 984 825 1017 quae
849 971 928 1004 fieri

264 1020 385 1064 utique
415 1022 575 1063 poterat,
617 1029 783 1071 personae
817 1022 927 1050 muta-

262 1066 356 1099 tione
399 1076 476 1098 mox
520 1065 563 1098 ad
607 1064 754 1109 p1iorem
786 1065 927 1097 formam

262 1111 470 1145 redeundum
509 1117 612 1155 atque
655 1111 776 1143 iterum
819 1107 854 1143 σὲ
891 1116 926 1143 et

264 1157 324 1191 σοὶ
347 1156 537 1201 ponendum
561 1160 647 1190 erat.
689 1156 843 1201 Denique
868 1167 926 1189 co—

263 1203 372 1236 dicem
397 1203 558 1247 optimum
589 1202 703 1247 paullo
728 1207 807 1246 post
829 1202 880 1235 bis
905 1214 925 1235 a

259 1260 342 1283 vero
376 1249 593 1282 aberrantem
627 1249 693 1282 iam
725 1249 781 1282 hic
816 1247 924 1281 minus

259 1298 406 1339 gravate
430 1294 591 1328 deserere
613 1294 704 1330 licet.

303 1349 423 1396 μηδ’]
456 1349 506 1396 μή
543 1349 583 1385 δὲ
619 1352 705 1385 Lob.
753 1351 855 1386 Vind.
882 1351 921 1385 F.

258 1398 355 1432 Mon.
381 1398 422 1431 Β.

305 1440 451 1489 ἄρχειν]
476 1440 570 1488 ἄρχη
605 1445 684 1479 Vat.
708 1445 753 1478 H.

258 1500 421 1583 Βλαὶόμος
446 1513 484 1536 σε
494 1504 505 1547 ]
532 1513 569 1536 σε
593 1500 709 1545 νόμος
732 1501 818 1535 Lob.
846 1500 922 1534 vat.

303 1592 439 1650 μηδὲν]
467 1591 578 1652 ονδὲν
608 1595 693 1631 xen
720 1594 759 1627 B.

306 1637 430 1684 ἄρχειν
470 1640 532 1674 καὶ
568 1638 755 1684 δικάζειν]
810 1634 923 1682 ἅρχης

260 1687 323 1721 καὶ
348 1686 498 1731 δικάζῃς
522 1687 600 1720 Par.
629 1689 669 1720 A.
706 1686 791 1720 Lob.
821 1685 919 1718 Vind.

258 1734 364 1767 BEF.
398 1736 475 1767 iat.
503 1733 615 1767 BHM.
650 1734 737 1767 Ven.
763 1732 802 1765 C.
834 1732 919 1774 Ang.

257 1780 302 1814 B.
350 1780 442 1813 Flor.
469 1781 510 1813 R.
556 1779 631 1812 Hoc
663 1790 746 1812 vero
781 1776 922 1822 probari

256 1826 350 1859 nullo
366 1833 467 1879 pacto
489 1831 613 1870 potest.
648 1824 787 1857 Erroris
806 1835 921 1856 ansam

257 1871 531 1951 {ompendiorum
588 1870 772 1949 5ὶιιιίἰὲῖιιᾶὶ)
808 1880 921 1949 lprate}

255 1919 395 1998 ιέΐζῗζὲ
434 1928 750 2009 ἓὲιῖἳοὲῗὲῗιῘ-ιέἒέ
784 1927 920 2005 (ὴὲΞέ

255 2010 309 2044 rio
339 2011 420 2043 Cor.
449 2010 632 2043 adiunctae
668 2009 697 2042 Ι.
723 2010 754 2043 7.
790 2007 852 2040 ΙΙΙ.
885 2008 918 2041 3.

257 2062 293 2090 et
325 2056 408 2090 IIII.
441 2058 473 2092 6.
519 2053 638 2100 (φασὶ
670 2052 718 2098 μὴ
755 2053 833 2087 δεῖν
863 2050 919 2086 λέ-

253 2105 405 2229 gazin]
434 2144 533 2227 {grin
553 2148 631 2227 11³)ar.
644 2147 688 2181 K.
701 2143 808 2190 ἐποίη
820 2145 920 2179 Vind.

326 2206 431 2238 επηει
485 2206 523 2227 ar

303 2252 506 2296 θεσπεσία]
550 2248 734 2285 &angnia
765 2250 851 2284 Lob.
884 2252 919 2283 et

255 2311 330 2333 cum
357 2311 396 2338 ος
421 2310 524 2342 super
549 2311 573 2331 α
602 2298 687 2331 Ven.
714 2298 753 2330 Β.

301 2353 482 2400 τοιαύτη]
519 2352 614 2398 αὐτὴ
643 2355 722 2388 Par.
748 2354 789 2387 A.
815 2352 915 2386 Vind.

254 2403 294 2437 B.
319 2404 399 2437 Vat.
425 2403 469 2435 H.
497 2402 588 2435 Flor.
601 2401 706 2434 ACV.
733 2400 808 2433 Hoc
832 2411 916 2444 quo-

254 2461 321 2494 que
350 2453 469 2492 aperte
504 2448 664 2481 xitiosum
702 2452 736 2480 et
760 2445 915 2479 fortassis

253 2495 461 2547 syllabarum
490 2491 574 2537 ήδει
609 2500 644 2527 et
676 2490 700 2537 ή
735 2505 793 2527 τοι
815 2492 917 2527 simili

249 2540 517 2586 pronuntiationi
550 2546 729 2584 acceptum
762 2540 914 2573 reseren—

250 2588 328 2621 dum
353 2591 415 2620 est.

288 2630 430 2689 Ἴσως]
447 2631 512 2665 ἴσω
537 2631 638 2665 Vind.
664 2632 706 2665 E.

298 2676 357 2722 ἕν]
387 2675 453 2712 ἐάν
479 2678 553 2712 Ald.
581 2679 660 2711 Bas.
690 2679 743 2711 ab.

297 2723 362 2759 δέ·
352 2726 387 2768 ,]
436 2721 475 2759 δε
522 2724 594 2758 sine
640 2724 913 2768 interpunctione

251 2771 341 2805 Mon.
369 2772 408 2805 B.
442 2770 519 2804 Ald
555 2771 634 2804 Bas.
666 2771 718 2804 ab.
745 2770 809 2804 δαί
833 2771 911 2804 Par.

945 481 996 522 Τί
1026 478 1096 530 δέ;
1125 478 1164 534 ἡ
1183 474 1378 534 πραότης
1406 478 1534 521 ἐνίων
1561 483 1652 523 τῶν

986 650 1026 682 A.
1059 654 1095 684 et
1118 649 1260 695 reliqui,
1293 649 1352 695 qui
1388 662 1493 696 supra
1516 651 1553 685 in
1575 662 1650 685 τοι·

986 693 1082 739 αὕτη
1113 700 1310 749 peccarunt.

1031 741 1221 786 πραότης]
1264 739 1432 787 πρᾳότης
1468 742 1549 775 Bas.
1593 743 1648 776 ab.

985 788 1106 832 Steph.
1131 788 1346 821 Basileenses
1368 788 1418 821 ita
1441 788 1551 821 solere
1569 787 1645 822 Vol.

984 833 1011 866 Ι.
1049 844 1082 878 p.
1120 835 1208 874 175,
1250 834 1282 866 b.
1323 834 1540 867 observatum
1579 838 1646 867 ·.est

984 879 1099 912 Etiam
1132 876 1280 924 πραέως
1313 879 1476 912 exhibent
1506 884 1545 912 ut
1569 879 1648 913 Ste-

984 925 1130 976 phanus
1138 925 1226 958 Tim.
1245 936 1277 968 p
1293 920 1347 959 17.
1364 925 1408 958 D.
1432 925 1522 969 quod
1546 936 1648 970 quum

985 982 1006 1003 a
1029 968 1151 1013 πραῢς
1181 970 1373 1004 derivatum
1397 969 1454 1011 sit,
1477 971 1542 1004 hoc
1561 982 1648 1015 quo-

984 1027 1051 1060 que
1095 1017 1201 1049 fuisse
1244 1016 1303 1061 qui
1345 1013 1470 1062 πραῢς
1516 1017 1649 1050 scribe-

983 1065 1078 1103 rent,
1101 1062 1323 1105 intelligitur,
1356 1052 1447 1107 quod
1470 1062 1648 1096 Buttman-

982 1119 1046 1141 nus
1070 1119 1209 1152 gramm.
1234 1108 1262 1141 Ι.
1286 1120 1318 1152 p.
1330 1110 1410 1143 261.
1429 1116 1532 1152 negat
1548 1109 1645 1142 ideo-

983 1166 1049 1198 que
1092 1154 1213 1199 πρᾷος
1253 1160 1375 1198 utpote
1410 1154 1646 1199 frequentissi-

982 1211 1070 1233 mum
1111 1207 1232 1234 vetere
1279 1201 1425 1245 quadam
1463 1201 1647 1234 traditione

981 1252 1208 1290 propagatum
1244 1252 1280 1279 et
1318 1247 1531 1281 retinendum
1568 1258 1646 1280 esse

983 1298 1110 1325 censet.
1158 1292 1231 1325 Ista
1254 1303 1337 1325 vero
1355 1293 1550 1337 frequentia
1565 1293 1644 1326 Pla-

981 1338 1070 1371 tonis
1097 1337 1230 1382 quidem
1261 1338 1296 1371 in
1328 1338 1427 1373 libris
1459 1350 1571 1383 neque
1602 1350 1646 1372 ex

979 1383 1149 1417 codicibus
1172 1395 1284 1428 neque
1309 1396 1352 1417 ex
1378 1384 1527 1418 editione
1547 1384 1644 1429 prin-

980 1430 1057 1475 cipe
1090 1430 1255 1473 originem
1289 1430 1401 1472 ducit3
1441 1441 1644 1475 quamquam

978 1476 1064 1509 haec
1095 1476 1266 1509 interdum
1290 1488 1303 1509 ι
1326 1476 1555 1521 subscriptum
1582 1477 1642 1510 ha-

978 1523 1047 1556 bet.

1026 1565 1155 1612 ἐνίων]
1181 1567 1380 1624 „Suspicor
1403 1568 1524 1601 deesse
1539 1579 1642 1613 prae-

978 1614 1179 1659 positionem
1201 1612 1289 1647 κατ’
1314 1619 1397 1648 ante
1417 1612 1538 1648 ἐνίων.
1575 1614 1644 1648 Est

981 1664 1095 1694 autem
1126 1660 1188 1694 illa
1219 1658 1387 1707 πρᾳότης
1424 1660 1459 1693 in
1492 1671 1534 1694 ea
1564 1660 1642 1704 ipsa

977 1717 1017 1740 re
1058 1718 1159 1751 quam
1203 1708 1317 1740 statim
1356 1712 1604 1741 commemorat.

978 1753 1099 1796 Steph.
1125 1753 1160 1786 in
1183 1764 1226 1786 m.
1251 1752 1341 1787 haud
1357 1758 1487 1786 temere
1511 1758 1640 1786 certam

975 1799 1125 1832 lenitatis
1154 1798 1244 1832 illius
1268 1799 1501 1833 definitionem
1524 1798 1640 1844 requi-

976 1856 1065 1878 rens.
1091 1845 1210 1879 Potest
1230 1845 1316 1878 enim
1329 1845 1480 1890 ipsorum
1499 1845 1639 1878 damna-

976 1894 1087 1924 torum
1110 1891 1356 1935 aequanimitas
1379 1902 1494 1932 casum
1517 1891 1551 1924 in
1575 1891 1639 1924 hac

975 1936 1035 1969 tali
1067 1936 1209 1970 civitate
1242 1936 1332 1970 haud
1362 1929 1501 1970 moleste
1524 1938 1638 1970 feren—

975 1982 1061 2015 tium
1093 1983 1231 2016 laudata
1264 1982 1396 2024 videri,
1435 1994 1502 2040 quo
1534 1993 1637 2016 sensu

976 2029 1140 2062 Socrates
1164 2029 1409 2062 damnationem
1428 2027 1567 2075 ῥαδίως
1586 2028 1635 2061 di-

977 2074 1063 2107 citur
1095 2074 1157 2108 καὶ
1188 2073 1316 2118 πράως
1343 2073 1471 2118 φέρειν
1502 2075 1636 2108 Criton.

975 2132 1009 2164 p.
1043 2121 1100 2155 43.
1137 2122 1177 2154 Β.
1234 2125 1348 2166 Atque
1386 2121 1435 2154 ita
1466 2120 1635 2154 Ficinus:

979 2168 1069 2209 Quid
1089 2173 1206 2202 autem
1234 2168 1460 2201 mansuetudo
1489 2168 1637 2200 damna-

975 2219 1086 2248 torum
1112 2215 1347 2258 quorundam,
1390 2226 1500 2248 norme
1534 2215 1635 2246 deco—

975 2260 1046 2293 ra?
1077 2272 1141 2293 nee
1177 2272 1243 2294 non
1280 2260 1633 2294 Schleiermacherus:

983 2308 1059 2340 Und
1084 2306 1175 2340 wie?
1205 2308 1260 2340 die
1283 2307 1391 2340 Milde
1415 2307 1477 2340 der
1507 2306 1634 2339 Verur-

972 2354 1140 2395 theineri,
1165 2354 1208 2388 ist
1236 2353 1292 2386 die
1319 2354 1412 2387 nicht
1436 2352 1634 2386 manchmal

970 2399 1167 2445 prc'ichtig?
1214 2398 1279 2432 nisi
1303 2400 1393 2432 forte
1416 2399 1449 2433 hi
1474 2400 1636 2432 Graecae

971 2446 1129 2480 dictionis
1152 2445 1406 2488 ambiguitatem
1427 2444 1556 2478 imitari
1571 2455 1633 2477 vo-

968 2494 1115 2527 luerunt.
1163 2491 1235 2526 Sed
1274 2492 1433 2546 quoniam
1468 2492 1632 2525 Socrates

969 2540 1003 2573 in
1044 2539 1185 2572 civitate
1224 2537 1435 2592 imperioque
1475 2535 1632 2582 populari

968 2584 1159 2626 laudando,
1190 2595 1256 2617 non
1279 2584 1314 2617 in
1338 2585 1460 2618 civium
1481 2594 1630 2628 quorun-

971 2632 1048 2665 dam
1079 2631 1205 2664 virtute
1236 2634 1271 2663 et
1305 2632 1407 2664 animi
1435 2628 1629 2674 tranquilli-

970 2683 1042 2711 tate
1066 2676 1325 2711 commendanda
1350 2683 1528 2718 xersatur‚
1565 2686 1628 2719 po-

968 2724 1039 2758 tius
1089 2723 1262 2757 lenitatem
1315 2735 1403 2769 erga
1445 2724 1629 2757 damnatos

968 2771 1157 2814 elegantem
1189 2769 1303 2803 dicere
1334 2775 1371 2805 et
1402 2769 1511 2815 plebis
1541 2769 1628 2802 hanc
