1764 3176
195 123 250 162 84
826 119 971 157 volum.
1001 119 1067 156 III.

198 234 288 284 Pag.
301 234 396 284 293,
410 246 444 283 a,
467 232 491 270 8
521 232 611 295 posut
639 227 938 283 ἀδαμαντίνως)
972 231 1133 269 inseras:
1170 251 1227 261 -·
1253 247 1284 271 ω
1314 254 1371 262 —-
1399 233 1436 270 in
1466 231 1578 269 litura
1606 231 1692 272 Par.

417 348 454 394 b,
469 285 668 384 33:1¹5&
700 345 783 394 γνῶ
812 343 895 381 Par.
928 343 972 382 A.
1000 342 1073 384 Dii.

472 399 499 438 3
529 402 618 449 post
645 394 726 449 οἷεὶ)
756 400 920 437 inseras:
949 412 1031 437 cum
1060 415 1073 439 ι
1093 412 1207 451 super
1237 395 1281 440 αέ
1311 400 1396 438 Par.
1421 399 1467 441 A
1501 399 1574 442 Dii.

474 455 530 495 10
565 467 586 492 a
617 455 642 495 f.
678 461 766 506 post
798 453 936 509 ἤγγελε
968 456 1131 493 inseras:
1172 457 1258 496 Par.
1299 456 1344 497 A
1382 456 1456 498 Du.
1496 469 1517 493 a
1551 469 1598 495 m.
1639 470 1698 508 pr.

476 508 655 563 (ἤγγελλε
684 512 778 565 rec.)

200 574 292 623 Pag-
307 570 399 619 294,
420 569 528 622 a‚11
564 572 652 618 post
694 567 783 605 Par.
823 569 865 607 A.
905 569 1068 605 inseras:
1107 567 1236 618 (habet
1279 569 1375 607 inter
1413 580 1545 606 versus
1591 583 1612 607 a
1651 581 1699 608 m.

477 628 549 663 vet.
581 623 656 664 Du

418 686 458 731 b..
476 680 529 719 10
541 622 695 718 addag-
727 680 785 718 Cf.
817 681 913 718 idem
944 680 979 716 in
1007 678 1107 717 Tim.
1136 694 1171 730 p.
1198 681 1292 728 311,
1315 682 1364 723 21
1388 680 1459 719 huc
1481 681 1703 732 respiciens.

482 736 535 775 18
565 741 653 786 post
680 753 742 775 αν.
772 737 937 774 inseras:
970 734 1055 774 Par.
1085 737 1128 774 A.
1156 736 1230 774 Dii.

205 797 293 847 Pag·
308 797 403 848 295>
423 811 458 847 a,
480 791 536 831 20
562 798 651 842 post
683 808 737 839 ως
768 790 809 831 δὲ
833 792 899 832 καὶ
932 792 1071 840 εἰπεῖν,
1101 789 1191 838 ου’κ)
1232 793 1394 830 inseras:
1426 792 1500 832 Pro
1521 791 1589 831 καὶ
1613 793 1705 830 scri-

476 851 584 896 ptum
615 853 673 886 est
699 851 753 895 ’ἠν
785 850 885 899 apud
917 848 1089 886 Proclum
1120 850 1155 885 in
1180 848 1262 888 Civ.
1286 849 1466 899 Spic'nleg.
1489 849 1598 886 Rom.
1621 849 1705 888 Vol.

477 902 581 944 VIII.
622 918 673 954 p.
694 907 788 946 669
828 906 864 941 in
905 905 1078 942 lemmate
1112 904 1205 942 haec
1238 909 1459 955 ponentem:
1500 903 1551 952 ὥς
1584 902 1625 944 δὲ
1653 899 1707 956 ἦν

477 959 627 1007 εἰπεῖν,
665 957 741 1000 οὐκ
775 958 958 1008 ἐλάττους
989 957 1091 1000 εἶναι
1123 960 1165 1000 ἐν
1197 963 1278 1008 τοῖς
1315 957 1510 1008 τοιούτοις
1548 959 1708 1000 αλισκο·

477 1015 624 1067 μένους
653 1032 748 1064 τους
778 1017 819 1057 ἐκ
858 1019 930 1057 τοῦ
959 1014 1135 1069 οὐρανοῦ
1162 1011 1335 1067 ἥκοντας
1365 1017 1437 1065 ε’ως
1469 1017 1536 1058 τοῦ
1567 1013 1641 1057 ov'n
1669 1017 1708 1066 ἐξ

418 1108 420 1110 ,
480 1071 703 1125 ἐπιδρομῆς
729 1071 798 1121 τὰς
831 1072 962 1126 αἷοέσε
966 1089 1002 1121 ις
1033 1078 1251 1114 ποιεῖσθαι.

426 1129 508 1185 b‚8
538 1143 608 1180 pro
640 1145 705 1182 ραι
735 1131 876 1168 scribas
907 1142 970 1170 σαι

481 1186 534 1225 13
563 1199 584 1224 a
613 1187 637 1229 f,
667 1187 806 1225 addas:
837 1187 936 1224 Tim.
967 1201 1004 1237 p.
1040 1187 1107 1234 22,
1135 1186 1206 1227 39.
1234 1189 1272 1223 et
1301 1186 1338 1223 in

204 1246 298 1296 Pag.
312 1248 406 1296 296
421 1260 456 1295 a,
480 1243 531 1334 Al
558 1248 655 1335 ΙῙΞοεῐ
693 1240 925 1294 ἀφικνοῖτο)
964 1244 1128 1283 inseras:
1175 1265 1216 1270 —
1253 1246 1294 1282 οῖ
1320 1265 1373 1271 —
1409 1244 1445 1280 in
1477 1243 1588 1281 litura
1623 1243 1710 1282 Par.

425 1359 463 1409 b,
483 1314 682 1394 6·ad111158:
720 1355 876 1394 proclus
911 1355 948 1392 in
984 1355 1253 1393 commentario
1300 1355 1323 1395 1.
1362 1369 1394 1395 c.
1432 1370 1470 1407 p,
1512 1356 1605 1396 670.
1645 1354 1714 1397 τόν

480 1413 633 1463 κλῆρον
662 1409 717 1466 μή
749 1413 791 1453 ἔν
817 1415 901 1459 τοῖς
932 1407 1110 1463 ἐσχάτοις
1138 1411 1296 1451 πίπτειν
1317 1413 1466 1477 posuit.

207 1470 299 1521 Pag.
312 1473 406 1520 297,
429 1473 466 1522 Ι),
485 1468 510 1506 3
540 1469 681 1507 addas:
712 1474 748 1507 et
776 1469 931 1506 Proclus
962 1469 984 1509 l
1016 1482 1047 1507 c.
1079 1482 1116 1519 p.
1145 1470 1239 1509 677.
1267 1470 1389 1518 quiin
1421 1482 1506 1520 sqq.
1544 1484 1617 1520 την
1641 1471 1717 1510 τοῦ

482 1523 576 1565 ποτὲ
599 1520 780 1579 Ὀρφέως
809 1523 1076 1590 γεγενημένην
1108 1524 1235 1564 habet.

484 1580 581 1618 inter
607 1594 640 1623 v
670 1585 723 1624 16
752 1587 790 1621 et
821 1584 873 1622 17
904 1583 1072 1621 inseras:
1103 1581 1352 1635 γυναικείου)
1378 1603 1436 1610 --
1466 1581 1529 1622 ίου
1554 1581 1641 1620 Par.
1667 1581 1714 1622 A.

483 1635 558 1674 Dii.
588 1650 611 1674 a
639 1652 689 1679 m.
722 1653 779 1690 pr.

207 1695 300 1748 Pag.
315 1699 411 1748 298,
434 1699 468 1746 b
490 1695 539 1733 11
574 1695 717 1734 addas:
749 1695 953 1733 Proclusl
985 1709 1016 1734 c.
1037 1708 1075 1746 p.
1097 1695 1197 1736 682·
1230 1694 1265 1733 εἰ
1289 1692 1331 1734 δὲ
1361 1691 1411 1745 δη
1441 1708 1515 1744 την
1545 1692 1720 1742 Αἴαντος

485 1749 673 1802 εἰκοστήν
703 1748 812 1793 εἶπεν
832 1755 988 1803 λαχεῖν,
1013 1748 1189 1802 δηλούτω
1207 1748 1302 1819 μὲν,
1331 1750 1367 1790 εἶ
1386 1746 1534 1803 βούλει,
1560 1748 1626 1790 διοῖ
1648 1753 1719 1802 τῆς

484 1804 699 1856 εἰκοσᾰδος
734 1806 807 1860 τήν
848 1806 947 1848 και-οἳ
990 1806 1126 1860 θυμον
1164 1805 1269 1858 ζωήν
1305 1820 1507 1859 προσεχως
1542 1806 1720 1859 ἐκβᾶσαν

485 1859 562 1903 vind
600 1866 675 1916 τῆς
707 1863 807 1905 κατοὲ
839 1861 981 1918 λόγον,
1011 1867 1066 1920 τῷ
1101 1862 1174 1916 μὲν
1200 1860 1307 1930 λόγῳ
1336 1867 1408 1916 τῆς
1435 1859 1601 1911 δεκαδος
1628 1879 1720 1915 πρε-

486 1917 670 1970 πούσης,
701 1919 834 1973 ω’σπερ
861 1924 917 1989 τῷ
942 1923 999 1974 νῷ
1028 1924 1102 1973 τῆς
1131 1917 1334 1972 μονάδος,
1364 1923 1417 1975 τῷ
1437 1917 1480 1960 δὲ
1499 1922 1622 1975 θυμῷ
1650 1924 1721 1973 τῆς

484 1972 692 2024 εἰκοσᾶδος
729 1994 785 2025 ως
819 1975 915 2028 μετὰ
952 1962 1071 2029 λόγον
1116 1976 1354 2042 τεταγμένῳ·
1391 1979 1554 2017 τοιαῦτα
1584 1992 1665 2044 γαρ
1699 1993 1719 2017 ο

484 2031 676 2099 ἡμέτερος
710 2038 932 2086 φιλοσοφεῖ
965 2033 1054 2085 περὶ
1087 2049 1239 2073 τουτων
1255 2030 1431 2101 πατήρ’
1469 2030 1649 2085 δηλούτω
1680 2031 1722 2073 δὲ

484 2089 551 2129 καὶ
582 2085 659 2131 σ’σα
690 2091 821 2144 φησιν
852 2088 874 2131 ὁ
905 2086 1143 2141 Πορφύριος
1166 2105 1245 2142 παρ
1255 2085 1514 2142 Ἀἰγυπτίων
1538 2086 1723 2141 μαθόντα

484 2162 554 2186 τον
574 2146 783 2189 mamm
803 2147 904 2213 περὶ
933 2161 1014 2186 των
1044 2144 1309 2198 α’ναφορικῶν
1340 2144 1494 2197 χρόνων
1523 2146 1723 2186 ἐνδείκνυ-

487 2207 585 2242 σθαι
625 2203 694 2246 διοὶ
740 2200 918 2251 τούτων,
957 2219 1011 2250 ως
1043 2200 1122 2254 α’ρα
1159 2200 1258 2243 και-οὶ
1299 2200 1368 2250 τὰς
1406 2199 1614 2256 ἅναφορας
1643 2206 1723 2243 τῶν

487 2275 581 2307 τους
609 2262 728 2312 βίους
760 2258 978 2313 οριζόντων
1007 2256 1159 2311 χρόνων
1191 2257 1376 2311 εἰκοστήν
1425 2257 1525 2311 εἶχεν
1561 2257 1673 2308 τάξιν
1698 2256 1723 2306 ἦ

488 2318 560 2356 τοῦ
590 2319 767 2366 Αἴαντος
797 2315 898 2368 αὕτη
930 2314 1055 2367 ψυχή.

211 2375 302 2425 Pag.
316 2376 413 2424 299,
431 2374 469 2423 b,
491 2374 588 2411 inter
617 2388 653 2414 v.
688 2377 740 2417 22
775 2379 813 2413 et
846 2375 898 2416 23
929 2373 1091 2411 inseras:
1125 2368 1317 2423 ασμὲνην)
1349 2370 1441 2423 ἆσμ.
1468 2371 1553 2411 Par.
1581 2370 1627 2412 A.
1649 2371 1723 2414 Dii,

213 2431 305 2482 Pag.
317 2431 467 2480 300‚b,
491 2431 544 2469 16
575 2443 598 2467 a
636 2431 662 2471 f.
702 2436 792 2483 post
835 2430 927 2470 Lob.
969 2431 1129 2467 inseras·
1169 2434 1206 2466 et
1247 2441 1328 2466 cum
1357 2445 1384 2480 μ
1418 2442 1532 2480 super
1563 2428 1610 2469 ἐπ
1635 2428 1721 2468 Par.

488 2485 653 2581 ᾒιῐεῗὺν.
691 2546 716 2584 6
752 2547 790 2581 et
820 2543 843 2582 5
879 2554 901 2579 a
931 2541 958 2581 f.
990 2542 1153 2579 inseras:
1186 2540 1317 2592 δίνης)
1346 2565 1399 2571 —-
1418 2542 1432 2582 ί
1451 2565 1505 2569 —
1535 2541 1571 2578 in
1598 2541 1721 2591 litura,

489 2604 577 2636 ante
601 2600 754 2638 lituram
784 2600 948 2636 sortasse
977 2613 1011 2639 ει
1038 2597 1123 2636 Par.
1154 2598 1200 2636 A.
1228 2597 1299 2638 Dii.

220 2657 421 2708 pag-301,
439 2656 476 2706 b,
497 2655 521 2694 5
553 2660 641 2705 post
671 2653 977 2709 οἷμεταστρεπτὶ)
1008 2656 1172 2693 inseras:
1211 2678 1264 2683 ——
1297 2653 1311 2694 ὶ
1340 2655 1376 2692 ἱῃ
1406 2654 1530 2704 litura,
1559 2658 1647 2692 ante
1680 2655 1724 2692 li-

496 2715 617 2750 turam
645 2727 692 2762 ει,
724 2714 809 2753 Par,
830 2711 877 2750 A.
902 2711 976 2751 Dii.

499 2768 550 2808 25
581 2773 670 2818 post
694 2768 743 2806 B.
775 2771 941 2807 inseras:
977 2768 1056 2805 Sed
1093 2767 1151 2805 his
1189 2780 1339 2818 quoque
1375 2769 1411 2806 in
1441 2768 1532 2805 locis
1560 2766 1644 2805 Par.
1679 2766 1722 2804 A.

496 2822 572 2865 Dii.
599 2837 621 2862 a
648 2838 697 2866 m,
727 2839 784 2877 pr,
814 2840 871 2875 ει,
902 2840 916 2864 ι
944 2827 1132 2863 correctus
1158 2824 1284 2865 habet.
