1764 3176
426 165 756 222 QIVITAS
793 165 1082 208 LIB.V1111.
1113 171 1180 205 589

1406 167 1489 207 177

108 279 286 326 Οὐκοῦν
314 272 373 322 αὖ
410 276 434 322 ὁ
465 276 518 322 τὰ
550 279 698 322 δίκαια
726 277 864 332 λέγων
893 280 1133 320 λυσιτελεῖν
1170 277 1280 332 φαίη
1311 274 1367 318 ἄν
1397 276 1489 319 δεῖν

105 351 242 393 ταῦτα
270 346 476 401 πράττειν
504 346 578 389 καὶ
609 349 749 389 ταῦτα
778 344 944 400 λέγειν,
984 343 1092 388 ὅθεν
1123 347 1205 386 τοῦ
1242 341 1488 399 ἀνθρώπου

106 416 132 461 ὁ
171 415 294 467 ἐντὸς
326 414 574 470 ,ἄνθρωπος
613 414 732 458 ἔσται
760 413 1094 470 ἐγκρατέστατος
1132 412 1206 455 καὶ
1235 414 1317 455 τοῦ
1345 415 1486 455 πολυ-
1514 407 1551 448 Β

105 482 305 540 κεφάλου
340 484 593 538 θρέμματος
631 480 956 538 ἐπιμελήσεται,
1009 480 1154 533 ὥσπερ
1194 478 1386 535 γεωργὸς
1433 477 1487 522 τοὶ

104 553 186 609 μὲν
213 551 354 609 ἥμερα
383 550 557 607 τρέφων
588 550 663 594 καὶ
691 547 961 600 τιθασεύων,
992 547 1047 591 τὰ
1082 547 1129 591 δὲ
1160 547 1289 602 ἄγρια
1319 546 1489 591 ἀποκω-

104 620 225 665 λύων
255 620 475 677 φύεσθαι,
507 618 735 674 ξύμμαχον
763 618 1058 674 ποιησάμενος
1090 614 1172 672 τήν
1204 620 1284 659 τοῦ
1312 615 1489 668 λέοντος

106 688 266 744 φύσιν,
297 689 371 732 καὶ
399 690 527 745 κοινῇ
555 686 735 730 πάντων
765 685 1029 744 κηδόμενος,
1060 686 1168 742 φίλα
1198 683 1491 740 ποιησάμενος

105 755 308 814 ἀλλήλοις
345 772 391 801 τε
430 757 504 801 καὶ
545 754 686 815 αὐτῷ,
729 755 845 799 οὕτω
885 755 1062 809 θρέψεις
1106 754 1279 810 Κομιδῇ
1316 751 1401 807 γάρ
1434 747 1492 795 αὖ

104 898 223 985 Εναῦ]
264 917 328 940 om.
362 905 444 942 Par.
475 904 519 939 Κ.
553 915 622 939 sec.
655 903 768 939 Bekk.

138 963 180 985 ιο.

151 1009 370 1053 λυσιτελεῖν]
396 1009 554 1043 λυτελεῖν
577 1006 679 1042 Vind.
704 1006 745 1040 F.

151 1054 263 1099 φαίη]
288 1054 382 1100 φαίῃ
406 1055 484 1089 Ald.
508 1055 586 1088 Bas.
611 1054 666 1088 ab.

54 1124 56 1126 ’
152 1112 245 1156 δεῖν]
273 1111 334 1145 δεῖ
353 1112 452 1145 Stob.
477 1111 550 1145 cod.
575 1108 622 1144 N.
647 1109 767 1144 Trinc.

106 1169 172 1192 om.
198 1158 292 1191 Mon.
316 1158 357 1192 B.
382 1158 461 1191 Par.
486 1158 563 1191 DK.
587 1156 680 1189 Flor.
700 1156 746 1189 U.

149 1213 349 1259 πράττειν]
387 1212 508 1258 λέγειν·
526 1214 606 1248 Par
632 1213 677 1246 Κ.
703 1224 769 1246 om.

107 1261 207 1295 Stob.
233 1261 351 1295 Trinc.
377 1262 450 1295 Ge
433 1272 484 1294 gn.

153 1316 288 1374 λέγειν]
307 1329 483 1372 πραττειν
507 1317 586 1350 Par.
610 1316 654 1351 K.

155 1361 392 1419 ἄνθρωπον]
403 1360 589 1397 ανθιόπου
612 1360 688 1395 Ald.

153 1407 273 1453 ἐντὸς]
303 1406 420 1449 αὐτὸς
443 1410 542 1443 Stob.
569 1408 642 1443 cod.
667 1406 745 1442 BN.

153 1463 460 1511 ἐγκρατέστατος]
508 1465 620 1508 „Vide
660 1475 769 1499 annon

106 1513 257 1548 scribere
270 1514 378 1547 satius
393 1513 441 1546 sit
449 1510 768 1557 ἐγκρατέστεροςέ(

107 1559 228 1604 steph.
253 1564 366 1593 annot.
388 1571 425 1613 p.
444 1561 500 1593 27.
558 1558 671 1598 Quum
701 1557 770 1590 tria

107 1605 176 1639 sint
204 1616 292 1650 quae
323 1605 366 1638 de
388 1604 526 1649 imperio
551 1603 771 1643 contendant,

108 1651 340 1695 superlativus
363 1657 459 1684 recte
489 1650 594 1683 habet
617 1661 680 1682 nec
702 1649 770 1682 sol-

106 1697 255 1737 licitatus
287 1701 340 1730 est
374 1697 417 1730 ab
451 1696 569 1729 eodem
594 1695 769 1748 Stephano

107 1743 142 1776 in
166 1742 366 1778 schediasm.
389 1742 430 1775 L.
448 1742 476 1776 1.
498 1754 532 1786 p.
549 1743 581 1777 7.
606 1740 663 1774 ubi
681 1741 770 1773 hunc

107 1787 262 1822 Platonis
294 1788 460 1821 hominem
493 1787 662 1820 internum
695 1797 770 1819 cum

108 1834 250 1868 Paulino
281 1833 314 1867 in
347 1833 491 1878 epistola
521 1833 565 1866 ad
598 1833 768 1866 Romanos

110 1891 149 1913 c.
164 1881 197 1915 7.
221 1880 401 1924 componit.
423 1899 468 1904 —-
491 1879 576 1913 Post
600 1874 768 1929 ἐγκρατέ-

110 1928 244 1965 στατος
275 1925 377 1970 vulgo
410 1925 506 1959 colon
545 1924 602 1958 vel
641 1917 769 1957 conima

110 1975 184 2014 est3
218 1971 279 2005 sed
310 1972 490 2005 verborum
515 1967 770 2027 ἐπιμελήσεται

110 2022 151 2052 et
161 2015 299 2062 θρέψει
313 2016 413 2058 idem,
431 2017 540 2072 quod
538 2016 636 2073 vesbi
656 2014 769 2056 ε’σται,

109 2063 299 2098 subiectum
329 2043 486 2107 videtur,
517 2059 540 2098 ὁ
574 2060 681 2102 ἐντὸς
706 2059 770 2096 ἄν·

109 2110 277 2154 θρωπος.

154 2162 382 2218 θρέμματος]
398 2164 566 2210 θέματος
586 2166 684 2200 Stob.
699 2166 772 2200 cod.

112 2210 158 2246 N.
184 2212 304 2246 Trinc.

157 2265 427 2313 ἐπιμελήσεται,
452 2279 575 2313 ωσπερ
599 2266 772 2324 γεωργὸς]

112 2315 171 2348 Ita
207 2314 282 2349 Ald.
321 2316 402 2350 Bas.
443 2327 474 2350 a.
520 2312 773 2358 ἐπιμελήσεται

114 2356 236 2415 ὥσπερ
274 2359 435 2416 γεωργὸς
469 2362 550 2396 Bas.
584 2362 616 2395 b.
652 2359 773 2404 ἐπιμε-

113 2404 274 2450 λήσεται,
300 2403 422 2463 ὥσπερ
445 2404 623 2462 γεωργὸς,
649 2407 770 2461 Steph.

111 2453 186 2485 Ast.
208 2463 259 2506 pr.
284 2464 353 2488 sec.
376 2449 630 2497 ἐπιμελήσεται
648 2449 770 2497 ὥσπερ

112 2495 283 2542 γεωργός,
306 2499 525 2533 recentiores.
573 2499 770 2532 Similitudi-

113 2555 190 2578 nem
205 2543 314 2588 magis
333 2545 376 2578 ad
395 2545 570 2589 sequentia
587 2545 771 2590 pertinere,

114 2594 216 2635 quam
250 2590 293 2623 ad
326 2591 556 2634 praecedens,
589 2591 670 2624 mihi
705 2602 771 2624 non

113 2637 248 2670 dubium
273 2635 418 2671 videtur.

126 2698 139 2726 .'
158 2691 392 2738 τιθασεύων]
427 2694 482 2727 Ita
513 2695 592 2728 Par.
623 2696 664 2728 A.
697 2694 770 2727 Pal.

113 2740 154 2774 A.
180 2740 258 2774 Vat.
272 2740 315 2772 H.
341 2740 433 2773 Flor.
453 2740 526 2774 AC.
552 2745 588 2773 et
612 2752 632 2773 a
656 2752 698 2774 m.
717 2752 770 2784 pr.

113 2786 213 2821 vind.
238 2786 276 2819 B.
312 2783 487 2820 τισσεύων
517 2786 616 2819 vind.
643 2786 682 2819 F.
715 2798 773 2819 τι-

112 2829 308 2866 θασσεύων
338 2826 460 2877 1³e2iqui
490 2832 623 2866 codices
652 2832 772 2876 (Vind.

164 2889 371 2931 meoms
402 2891 480 2954 ΟΡ.
509 2890 581 2931 ΠΙ.

823 903 863 937 Β.
889 914 909 936 a
933 913 975 936 m.
1001 902 1049 944 5.)
1073 901 1202 936 Euseb.
1227 901 1326 935 Stob.
1352 903 1387 934 et
1412 899 1488 934 Ald.

823 949 904 984 Bas.
929 949 982 982 ab.
1017 948 1138 992 Steph.
1177 948 1251 982 Ast.
1283 946 1407 980 Stallb.
1436 958 1490 1001 pr.

825 995 982 1048 (Iambl.)
1017 993 1187 1027 Litteram
1219 1003 1240 1026 6
1272 993 1307 1026 in
1331 989 1491 1031 τιθασὸς

825 1044 861 1075 et
883 1039 1049 1074 derivatis
1073 1039 1182 1072 minus
1205 1044 1301 1072 recte
1322 1038 1491 1082 duplicari

825 1086 1056 1120 Schneiderus
1102 1086 1137 1119 in
1175 1085 1285 1118 lexico
1330 1084 1490 1118 ostendit.

826 1132 1021 1177 Simplicem
1045 1143 1120 1164 esse
1144 1131 1269 1164 debere
1293 1142 1358 1163 non
1383 1130 1490 1163 solum

825 1181 1004 1223 poetarum
1050 1188 1169 1210 versus
1215 1177 1278 1220 (cf.
1330 1176 1490 1210 Anaxilas

826 1224 917 1269 apud
939 1224 1149 1257 Athenaeum
1174 1223 1214 1257 L.
1233 1222 1347 1256 XIIII.
1366 1234 1399 1267 p.
1411 1223 1490 1256 655

826 1271 873 1304 Α.
908 1269 970 1303 καὶ
994 1267 1091 1312 πρὸς
1125 1266 1185 1302 ἐπὶ
1208 1265 1357 1307 τούτοις
1381 1268 1492 1302 τιθα-

826 1313 892 1354 σὸς
924 1313 1090 1359 οἰμώζων
1124 1312 1253 1357 ταώς.)
1290 1315 1350 1348 sed
1387 1314 1492 1348 etiam

825 1362 977 1396 Platonis
1012 1361 1146 1395 codices
1180 1360 1298 1404 optimi
1334 1362 1366 1393 h.
1400 1362 1422 1395 1.
1457 1362 1492 1393 et

825 1407 897 1441 Pol.
926 1406 1062 1452 p..264
1086 1408 1126 1440 A.
1151 1406 1298 1451 τιθασῷ
1323 1410 1359 1439 et
1382 1407 1493 1439 τιθα-

825 1420 1015 1496 σεύεσθαι,
1040 1453 1084 1486 ib.
1105 1453 1145 1485 C.
1158 1452 1379 1494 τιθασείαις,
1400 1452 1491 1486 Tim.

825 1511 860 1544 p.
880 1501 936 1534 77.
957 1500 998 1533 A.
1019 1498 1187 1537 τιθασῶς
1211 1498 1409 1531 exhibentes
1431 1498 1494 1531 do·-

828 1549 916 1579 cent.
944 1564 990 1570 —-
1020 1542 1168 1588 τρέφων
1191 1543 1255 1578 καὶ
1279 1541 1492 1577 τιθασεύων

826 1591 969 1625 Εὶοῑῐωε
993 1592 1103 1624 tribus
1128 1590 1243 1624 verbis
1260 1593 1406 1632 fovens,
1440 1591 1491 1622 ir-

826 1639 950 1679 rimans
974 1650 1015 1670 ac
1038 1638 1194 1670 nutriens
1222 1636 1381 1675 reddidit,
1406 1648 1491 1688 quo-

827 1695 901 1716 rum
935 1686 1073 1716 tertium
1107 1683 1244 1716 Graeco
1278 1679 1491 1716 τιθασεύων

826 1729 926 1774 plane
953 1728 1119 1763 convenit.

873 1794 913 1831 δὲ
937 1792 1062 1841 ἄγρια]
1090 1793 1128 1831 δ’
1155 1792 1236 1840 ἄγρ.
1262 1797 1361 1831 Stob.

871 1862 1103 1899 ἀποκωλύων
1127 1862 1317 1919 φύεσθαι]
1332 1865 1491 1909 protinus

825 1917 1009 1956 amputans
1032 1911 1104 1945 Fic.
1131 1909 1309 1955 (φύεσται
1332 1912 1425 1956 AJd.)

871 1978 1060 2035 ξύμμαχον
1116 1990 1367 2036 ποιησαμενος
1419 1977 1491 2023 τὴν

827 2027 894 2061 τοῦ
921 2024 1072 2066 λέοντος
1096 2025 1235 2070 φύσιν]
1270 2024 1339 2070 τὴν
1364 2027 1432 2060 τοῦ
1460 2028 1491 2060 λ.

829 2085 869 2117 φ.
893 2083 1015 2117 ποιησ.
1042 2070 1150 2116 ξύμμ.
1175 2073 1271 2105 Flor.
1298 2073 1343 2106 T.

874 2130 1002 2185 κοινῇ]
1028 2141 1132 2184 κοινη
1159 2128 1258 2162 Vind.
1285 2129 1330 2163 F.

876 2172 1009 2222 αὐτῷ]
1045 2173 1106 2211 αὖ.
1143 2175 1242 2208 Vind.
1273 2175 1352 2208 EF.
1390 2175 1491 2209 Stob.

829 2234 909 2256 εαν.
935 2210 1021 2255 Lob.
1045 2223 1124 2255 Vat.
1147 2221 1198 2255 M.

875 2276 974 2313 οὕτω
998 2268 1150 2322 θρέψει]
1174 2279 1238 2321 θρ.
1264 2273 1384 2317 οὕτως
1408 2280 1489 2313 Vat.

828 2325 877 2359 M.
904 2337 968 2359 om
1003 2325 1101 2358 Stob.
1126 2324 1200 2358 cod.
1224 2324 1301 2358 BN.
1333 2324 1407 2357 Fic.
1431 2325 1495 2369 qui

828 2384 891 2417 pro
901 2369 1106 2415 κηδόμενος
1117 2375 1217 2404 curat
1221 2370 1359 2422 posuit.
1395 2370 1489 2404 Con-

827 2418 969 2451 stmctio
993 2419 1076 2450 haec
1100 2420 1170 2449 est·
1205 2410 1299 2449 ὅθεν
1332 2421 1351 2449 ο·
1384 2413 1490 2456 ἐντὸς

829 2459 1033 2507 ἄνθρωπος
1066 2461 1168 2495 «ἔσται
1190 2460 1253 2494 καὶ
1283 2458 1489 2506 ἐπιμελήσε-

827 2522 890 2543 ται
930 2508 993 2543 καὶ
1027 2508 1132 2552 κοινῇ
1165 2505 1370 2551 κηδόμενος
1399 2506 1489 2551 θρέ-

827 2561 901 2599 ψει,
949 2555 1092 2598 Signum
1113 2554 1349 2597 interrogandi
1372 2555 1414 2587 ob
1435 2566 1490 2588 se-

828 2601 968 2647 quentia
1000 2600 1175 2644 plobabile
1205 2600 1336 2633 addidit
1359 2601 1492 2635 Astius'.

874 2646 1028 2701 Κομιδῇ
1042 2665 1086 2670 -
1104 2642 1278 2680 ἐπαινῶν.
1286 2646 1299 2690 ]
1324 2658 1389 2679 om.
1415 2646 1487 2679 Pal.

828 2695 868 2728 A.
901 2690 1032 2736 κομιὸὴ
1069 2694 1133 2725 etc.
1156 2692 1274 2735 vind.
1312 2691 1355 2724 F.
1391 2692 1489 2725 Stob.

829 2739 949 2773 Trinc.
985 2740 1092 2772 Gesn.
1126 2737 1272 2782 Κομιδῆ
1307 2740 1373 2771 etc.
1412 2737 1488 2771 Am.

829 2785 988 2830 Baskab.
1012 2784 1131 2828 steph.

877 2831 940 2875 αὑ]
963 2842 1028 2864 om.
1053 2829 1138 2864 Lob.
1162 2830 1242 2865 Vat.
1266 2828 1344 2862 ΒΜ.
1368 2828 1445 2862 Fic.

1230 2887 1277 2927 M
