1764 3176
407 186 736 232 CIVITAS
785 179 1060 227 LIB.v111.
1100 185 1165 221 551

1426 177 1484 219 35

95 306 176 363 τὴν
206 304 252 348 δὲ
279 302 528 353 πλουσίων,
566 300 801 348 οἰκοῦντας
833 294 880 338 έν
919 295 982 349 τῷ
1021 288 1140 348 αὐτῷ
1153 322 1162 341 ,
1204 287 1271 332 dez
1311 288 1482 343 ἐπιβου-

97 371 306 422 λεύοντας
338 369 554 427 ἀλλήλοις.
597 365 740 412 Οὐδὲν
769 362 830 421 μὰ
861 359 953 413 Δί’,
986 360 1092 416 ἔφη,
1127 358 1313 401 ἔλαττον.
1357 353 1481 398 Ἀλλα

96 439 186 498 μήν
213 438 314 484 τόδε
341 437 503 490 καλὸν,
532 435 582 480 τό
614 432 860 482 ἀδυνάτους
890 427 1004 475 εἶναι
1032 429 1138 477 ἴσως
1160 421 1355 478 πόλεμόν
1384 438 1482 466 τινα

95 513 301 564 πολεμεῖν
336 508 409 552 διὰ
436 507 486 552 τὸ
518 502 840 561 ἀναγκάζεσθαι
869 498 898 554 ἢ
926 496 1182 554 χρωμένους
1221 495 1282 550 τῷ
1323 490 1482 547 πλήθει

97 575 352 634 ὦπλισμέυῳ
393 574 582 620 δεδιέναι
620 576 812 630 μᾶλλον,
854 565 883 623 ἢ
919 564 1022 616 τοὺς
1059 562 1313 617 πολεμίους,
1354 559 1381 616 ἢ
1421 558 1479 615 μή
1510 559 1544 600 Ε

97 645 348 702 χρωμένους
393 644 453 696 ὥς
491 640 669 700 ἀληθῶς
705 631 1012 692 ὀλιγαρχικούς
1051 633 1249 686 φανῆναι
1288 628 1334 672 έν
1365 627 1485 684 αὐτῷ

95 717 161 774 τῷ
190 713 426 770 μάχεσθαι,
468 711 544 755 καὶ
582 709 671 766 ἅμα
708 704 906 762 χρήματα
943 699 1002 756 μὴ
1046 699 1214 743 ἐθέλειν
1254 695 1484 753 εἰσφέρειν,

98 781 172 826 ἅτε
207 778 575 839 φιλοχρημάτους.
640 774 704 820 Οὐ
737 770 884 817 καλόν.
950 771 1001 813 Τί
1031 767 1098 818 δέ,·
1140 765 1166 809 ὃ
1203 764 1337 810 πάλαι
1378 764 1486 808 έλοι-

101 929 306 967 οἰκούντων
353 949 398 956 -

101 980 188 1033 Aug.
211 979 265 1022 B.-
278 978 308 1010 F
310 977 370 1011 lor.
396 977 441 1010 R.

151 1021 341 1069 αλλήλοις]
368 1019 548 1066 ἀλλήλους
579 1018 657 1052 Par.
684 1015 762 1050 DK.

101 1082 170 1105 sec.
197 1070 307 1103 Bekk.

148 1113 229 1161 Δί’]
257 1112 311 1149 δι’
336 1113 411 1148 Ald.

149 1159 222 1207 μὴν
252 1159 366 1204 τόδε]
409 1159 463 1192 Ita
497 1168 583 1190 unus
614 1156 693 1188 Par.
723 1154 766 1186 A.

103 1221 125 1243 a
148 1221 191 1243 m.
215 1219 269 1253 pr.
303 1205 438 1251 Reliqui
466 1213 582 1239 omnes
611 1202 666 1244 (et
691 1200 767 1243 ipse

102 1255 183 1290 Par.
207 1257 248 1289 A.
273 1265 293 1287 a
315 1264 359 1285 m.
385 1252 431 1295 s.)
467 1260 541 1282 cum
561 1247 660 1281 editis
687 1250 767 1279 ante

103 1301 297 1335 Bekkerum
323 1295 411 1332 οὐδὲ
431 1297 662 1339 interponunt,
676 1291 765 1336 quod

102 1347 206 1382 etiam
238 1358 259 1380 a
284 1345 404 1378 Ficino
432 1341 628 1386 agnoscitur
667 1337 766 1381 (Sed

102 1404 212 1437 neque
238 1392 300 1425 hoc
329 1391 507 1423 honestum
539 1392 589 1420 est
614 1385 697 1427 -.)
732 1388 767 1416 et

105 1439 262 1483 exiguam
281 1447 341 1481 per
357 1448 395 1469 se
411 1434 633 1469 offensionem
651 1430 765 1463 habet.

104 1485 228 1530 Neque
253 1483 348 1517 Astio
382 1484 417 1516 et
439 1477 683 1518 Stassbaumio,
707 1474 766 1520 qui

106 1531 195 1570 ἴσως
218 1530 252 1563 in
278 1528 429 1575 proxime
457 1525 678 1571 sequentibus
701 1532 767 1554 non

101 1576 335 1622 recipiendum
353 1578 516 1619 putarent
529 1597 539 1613 ,
562 1570 647 1604 satis
669 1579 768 1601 caus-

102 1635 166 1659 sae
190 1622 298 1656 fuisse
318 1621 475 1661 videtur,
511 1628 571 1651 cur
597 1615 678 1649 illud
706 1613 767 1646 eii-

104 1672 235 1703 cerent.
294 1668 448 1711 Recepto
491 1675 572 1697 vero
605 1659 767 1695 adverbio

105 1715 216 1757 ἴσως,
240 1713 330 1758 quod
357 1711 508 1746 codicum
529 1712 564 1742 et
587 1707 694 1752 ipsius
712 1716 769 1739 re—

103 1767 199 1795 mota
219 1771 240 1793 a
257 1757 473 1803 glossematis
493 1753 685 1799 suspicione
710 1762 770 1785 ra-

107 1807 154 1841 tio
172 1817 275 1851 quam
296 1804 440 1838 maxime
460 1799 682 1840 commendat,
703 1794 768 1831 015-

107 1851 149 1888 δὲ
173 1852 248 1886 sine
280 1848 550 1893 interrogatione
576 1852 670 1879 stare
704 1853 769 1877 non

105 1901 243 1945 potest,
266 1896 321 1931 cui
343 1907 409 1930 non
433 1893 540 1928 solum
563 1889 770 1937 praeceden-

109 1945 154 1980 tis
180 1941 454 1987 interrogationis
480 1938 659 1973 diversitas
675 1962 685 1979 ‚
709 1936 771 1969 sed

108 1991 212 2026 etiam
246 1988 416 2034 panicula
446 1983 520 2030 μὴν
555 1984 772 2018 vehementer

107 2041 288 2083 repugnat.
335 2035 409 2068 Iam
433 2043 536 2078 quum
557 2034 592 2064 et
615 2029 695 2063 alibi
713 2040 772 2062 ne-

107 2082 279 2129 gationem
301 2093 322 2116 a
344 2079 492 2114 librariis
511 2077 555 2111 de
575 2075 684 2109 ironia
706 2085 774 2108 non

106 2128 341 2173 cogitantibus
374 2126 540 2160 intrusam
579 2134 655 2156 esse
693 2132 775 2154 con-

106 2179 201 2215 stet,
226 2173 321 2208 cuius
345 2171 399 2206 rei
425 2170 581 2214 exempla
603 2168 669 2201 duo
696 2166 775 2202 Vol.

107 2221 158 2257 II.
196 2232 231 2265 p.
258 2222 314 2254 10.
344 2229 396 2263 sq.
427 2215 581 2256 ostendi,
615 2213 777 2259 optimum

110 2267 262 2302 codicem
292 2276 335 2299 ea
365 2266 536 2298 carentem
569 2260 667 2306 sequi
708 2270 775 2293 non

109 2311 277 2348 dubitavi.

161 2358 281 2401 z'ooeg}
305 2356 382 2390 Hoc
404 2354 505 2398 vulgo
529 2352 686 2387 omissum
717 2362 775 2384 re-

113 2410 170 2439 cte
193 2404 370 2438 Bekkerus
387 2412 431 2435 ex
453 2401 533 2434 Par.
558 2400 599 2432 A.
626 2398 709 2431 Ven.
733 2397 774 2430 Β.

113 2451 214 2484 Vind.
238 2450 278 2483 B.
302 2450 380 2483 Vat.
406 2447 451 2481 H.
476 2445 617 2490 recepit.
665 2447 775 2477 Acce-

114 2497 200 2531 dunt
228 2494 329 2532 Vind.
361 2494 405 2528 Ε.
448 2492 542 2527 Flor.
572 2490 678 2524 ACV.
713 2488 774 2522 Sic

115 2543 246 2577 scilicet
268 2545 429 2576 aeternae
445 2538 539 2584 pacis
563 2548 640 2582 spes
661 2538 775 2570 osten-

119 2589 224 2624 ditur.

116 2629 466 2715 Αιοῖναγκάζεσθαι]
522 2624 780 2669 ἄνοικοὶζεσθαι

163 2726 215 2773 τῷ
241 2721 380 2769 πλήθει
413 2742 456 2749 -
487 2719 536 2765 μὴ
572 2715 782 2764 χρωμένους

119 2774 187 2817 Ε.]
230 2784 294 2806 om.
332 2771 413 2805 Vat.
437 2769 480 2803 B.
513 2767 613 2801 Vind.
636 2765 679 2798 E.
714 2764 782 2797 Pro

118 2816 257 2863 πλήθει
293 2817 326 2851 in
358 2817 440 2851 Bas.
473 2814 530 2848 ab.
566 2810 711 2846 πλείθει
733 2808 782 2845 le·-

120 2869 221 2911 gutur.

443 922 762 975 ἐπιβουλευόντων

864 916 889 964 ἢ
914 916 1030 962 τοὺς]
1054 913 1078 961 ἢ
1105 929 1170 951 om.
1196 916 1276 950 Par.
1301 915 1344 948 K.

867 973 933 1011 ἅτε
956 972 1268 1021 φιλοχρημάτους]
1293 972 1348 1006 Ita
1370 981 1484 1004 omnes
1514 969 1548 1009 E

823 1024 957 1058 codices
992 1026 1134 1067 excepto
1161 1020 1246 1055 Ven.
1271 1019 1309 1052 Β.
1335 1017 1394 1062 qui
1423 1012 1484 1050 ὅν-

822 1082 890 1108 τας
913 1069 957 1103 ad
983 1064 1048 1102 ἅτε
1069 1067 1220 1102 additum
1240 1065 1355 1098 habet.
1393 1062 1489 1095 Idem

822 1117 857 1150 in
882 1116 957 1148 Ald.
985 1115 1064 1148 Bas.
1091 1114 1145 1146 ab.
1178 1111 1298 1155 Steph⁴
1322 1109 1490 1143 adiectum

824 1173 890 1196 non
909 1161 1014 1195 solum
1034 1159 1170 1198 Astius,
1195 1158 1256 1191 sed
1275 1156 1375 1189 etiam
1395 1155 1490 1188 Bek-

822 1208 927 1241 kerus
965 1206 1086 1240 tenuit.
1145 1204 1224 1238 Non
1262 1200 1489 1236 necessarium

824 1265 899 1287 esse
925 1252 1140 1298 participium
1169 1249 1276 1283 verba
1305 1248 1367 1280 sub
1390 1247 1492 1279 finem

823 1300 922 1333 huius
952 1297 1031 1332 libri
1060 1309 1093 1341 p.
1119 1297 1197 1331 568.
1230 1296 1270 1328 B.
1293 1293 1404 1339 posita
1432 1292 1491 1325 do—

824 1348 921 1379 cent:
954 1339 1017 1378 ὅτι
1041 1339 1183 1381 αὐτοὺς
1212 1341 1263 1380 εἰς
1290 1337 1360 1383 τὴν
1389 1339 1492 1372 πολι-

823 1391 928 1425 τείαν
951 1387 996 1424 ου’
1018 1385 1312 1433 παραδεξόμεθα
1344 1381 1409 1419 ἅτε
1432 1395 1492 1417 τυ·

823 1436 1000 1482 ραννίδος
1018 1432 1197 1478 ύμνητάς.
1245 1432 1409 1466 Similiter
1421 1430 1494 1466 Lu·-

825 1484 942 1517 cianus
980 1482 1121 1515 Conviv.
1162 1493 1192 1514 c.
1228 1481 1262 1514 9.
1299 1479 1343 1512 T,
1377 1476 1492 1511 VIIII.

824 1542 857 1575 p.
889 1530 947 1564 49.
980 1529 1098 1562 Lehm.
1134 1523 1213 1560 εἶτα
1247 1520 1493 1564 ἐνεδοιάζετο,

825 1574 987 1618 πότερον
1023 1572 1090 1617 χρὴ
1117 1570 1301 1615 πρότερον
1330 1566 1493 1613 Ζηνόθε-

822 1633 886 1665 μιν
920 1619 988 1655 τὸν
1019 1618 1190 1654 Στωϊκὸν
1224 1615 1290 1651 ἅτε
1323 1614 1494 1660 γέροντα,

824 1664 847 1713 ἢ
867 1663 1041 1711 ’Ἑρμωνα
1062 1663 1131 1699 τὸν
1152 1661 1410 1705 Ἐπικούρειον
1428 1662 1495 1705 (sc.

824 1711 1144 1754 κατακλίνεσθαι.)
1192 1712 1242 1744 Ac
1281 1707 1417 1748 nescio,
1453 1719 1495 1740 an

824 1759 1036 1793 intercedens
1067 1755 1179 1796 ὄντας
1196 1755 1322 1802 prioris
1351 1752 1497 1789 adiecti-

825 1806 859 1840 vi
878 1801 1173 1849 φιλοχρημάτους
1194 1802 1301 1847 partis
1329 1812 1403 1833 curn
1420 1799 1492 1832 ictu

824 1850 1096 1898 pronuntiandae
1124 1849 1191 1883 vim
1222 1846 1388 1881 debilitet.
1414 1846 1494 1878 Sin-

825 1897 975 1942 gularem
1011 1892 1103 1930 ὄντα
1131 1895 1168 1928 in
1205 1894 1360 1938 pluribus
1399 1890 1496 1925 libris

826 1943 1066 1987 interpolatum
1117 1941 1265 1974 vidimus
1325 1939 1367 1974 L.
1420 1937 1495 1970 VII.

827 2002 863 2034 p.
884 1989 961 2025 535.
988 1989 1028 2022 D.
1078 1988 1239 2021 Ceterum
1261 1985 1400 2019 Ficinus
1423 1995 1496 2017 ma-

828 2037 902 2070 iore
920 2040 998 2080 post
1016 2031 1202 2077 μάχεσθαι
1222 2029 1495 2076 interpunctione

828 2082 925 2115 illata
949 2081 1070 2125 (etiam
1100 2079 1296 2124 Stephanus
1324 2077 1370 2110 ibi
1396 2076 1494 2110 colon

824 2127 931 2171 fecit)
956 2128 1041 2161 haec
1070 2130 1224 2160 extrema
1257 2135 1344 2165 non,
1368 2127 1407 2155 ut
1438 2122 1498 2155 de-

831 2174 958 2215 bebat,
984 2184 1059 2207 cum
1084 2172 1150 2208 illis
1179 2168 1243 2205 διὰ
1264 2166 1307 2204 τὸ
1336 2164 1499 2212 ἀναγκά-

834 2221 963 2262 ζεσθαι
1002 2218 1195 2259 coniunxit,
1238 2216 1298 2249 sed
1340 2217 1499 2256 alterum,

830 2265 921 2310 quod
954 2263 1268 2310 reprehendendum
1296 2261 1359 2303 sit,
1393 2260 1499 2305 signi-

830 2313 936 2346 ficare
961 2311 1100 2346 statuit:
1137 2323 1179 2344 ac
1203 2310 1308 2343 etiam
1331 2307 1498 2352 pecunias

832 2359 1023 2402 expendere
1080 2358 1168 2390 nolle
1229 2366 1284 2388 eos
1330 2360 1496 2398 tanquam

831 2417 957 2440 avaros
994 2404 1166 2444 homines,
1210 2401 1307 2435 haud
1342 2401 1502 2434 decorum

833 2457 894 2485 est.
944 2461 1085 2495 quorum
1118 2449 1153 2483 in
1187 2447 1255 2482 fine
1297 2447 1442 2492 positum
1482 2456 1502 2479 a

830 2496 990 2531 Bekkero
1021 2493 1259 2538 interrogandi
1287 2494 1417 2538 signum
1446 2503 1501 2526 re-

832 2547 887 2577 cte
911 2544 953 2576 ab
974 2543 1028 2576 ed.
1053 2541 1139 2574 Ven.
1165 2552 1197 2576 a.
1224 2541 1324 2575 1517.
1351 2540 1461 2573 abest.

881 2598 950 2644 δέ]
977 2597 1040 2633 δαὶ
1065 2597 1158 2631 Flor.
1185 2596 1292 2632 Acv.
1326 2601 1362 2631 et
1386 2597 1502 2639 „Vat.

836 2646 881 2680 H.
906 2651 943 2679 et
961 2649 1148 2684 correctus,
1172 2646 1212 2677 ut
1227 2643 1326 2686 solet,
1342 2643 1422 2678 Par.
1436 2643 1503 2677 A.“

839 2693 894 2726 Cf.
920 2692 996 2726 Vol.
1023 2691 1051 2725 1.
1075 2702 1109 2736 p.
1136 2690 1222 2732 155,
1246 2690 1281 2725 b.

885 2747 1023 2793 πάλαι]
1050 2748 1089 2782 L.
1114 2747 1199 2782 1111.
1225 2759 1258 2793 p.
1283 2747 1363 2782 434.

885 2805 1148 2851 ἐλοιδοροῦμεν
1161 2806 1175 2850 ]
1261 2802 1505 2847 λοιδοροῦμεν

841 2853 941 2889 Vind.
974 2854 1016 2887 F.
1053 2855 1140 2898 Ang.
1173 2852 1215 2886 B.

1213 2908 1300 2950 ΟΩ
