1764 3176
551 185 1029 228 EDITORIS.
1460 204 1500 228 ιι

109 303 242 338 ratione
261 306 342 337 sunt
367 302 537 346 quadrati,
570 303 606 338 in
630 307 800 338 concentu
819 313 929 346 aeque
956 302 1212 346 discrepabunt,
1240 311 1283 337 ac
1302 300 1448 337 XXVII.
1466 308 1501 338 et

109 359 254 394 LXIIII.
272 359 334 393 Sin
346 360 497 394 rationes
509 360 637 395 medias
647 360 843 402 inserueris,
859 359 991 394 scilicet
1001 358 1219 395 CCCXXIII.
1232 358 1500 395 CCCCXXXII.

108 415 302 450 DLXXVI.
323 416 573 452 DCCLXVIII.
602 418 775 461 proximus
799 417 942 460 quisque
967 416 1110 450 finitimo
1137 420 1206 450 tam
1231 415 1319 450 bene
1341 416 1501 451 concinet

108 476 144 506 et
162 471 379 515 cohaerebit,
409 473 510 517 quain
537 474 646 508 tribus
673 478 840 517 quatuor3
872 473 952 516 quia
970 473 1004 507 in
1027 471 1183 506 omnibus
1199 473 1418 516 sesquitertia
1443 484 1501 509 ra-

108 529 157 563 tio
176 533 239 569 est.
297 529 336 563 In
364 529 431 564 hoc
460 530 565 564 etiam
590 529 812 565 vehementer
840 530 984 571 labitur,
1015 528 1106 572 quod
1133 529 1276 563 aliorum
1304 530 1501 573 opinionem

107 590 247 620 secutus
275 597 436 629 magnum
465 587 622 621 Platonis
654 597 832 622 numerum
870 586 1072 620 duodenarii
1102 585 1225 619 cubum
1267 585 1370 627 facit3
1409 586 1500 629 quod

106 642 242 685 quidem
262 643 291 676 si
309 653 426 677 verum
441 648 545 685 esset,
565 655 626 678 cur
644 644 747 679 Plato
770 646 877 677 altera
896 648 995 686 parte
1015 642 1206 685 longiorem
1227 643 1345 685 quaeri
1365 643 1501 679 voluit?

105 698 177 733 Sed
206 699 367 742 quoniam
395 698 477 734 nibil
512 701 692 735 obscurius
716 712 759 735 ac
787 701 957 734 difficilius
987 698 1143 734 Platonis
1170 700 1321 734 numeris
1355 700 1499 741 videtur,

104 755 186 790 nihil
202 760 332 790 temere
349 755 542 791 affirmabo:
573 757 655 791 illud
687 757 842 799 tantum,
872 756 964 800 quod
993 757 1036 790 ad
1070 755 1310 790 conversiones
1336 755 1500 799 imperio-

104 822 180 847 rum
200 813 369 857 pertinet,
397 810 543 848 voluisse
560 815 739 851 Platonem
777 813 1003 857 Respublicas
1026 811 1240 857 quantumvis
1259 812 1347 846 bene
1370 814 1500 848 consti-

104 869 218 912 tutas,
249 870 350 903 etiam
379 869 569 904 domestico
598 871 700 913 vitio,
729 871 782 905 vel
812 875 955 905 externa
984 870 1016 903 vi
1047 874 1142 904 certo
1166 868 1313 912 quodam
1333 880 1500 904 annorum

103 925 252 961 decursu
277 925 500 961 labefactari:
531 932 568 961 ut
596 928 740 962 adamas
766 931 800 961 et
830 937 951 962 aurum
983 930 1079 960 tanta
1108 930 1254 961 naturae
1276 926 1306 960 vi
1336 937 1379 960 ac
1398 938 1499 970 prae-

103 983 232 1017 stantia
255 983 417 1027 colligata
445 989 544 1026 sunt,
579 989 617 1018 ut
645 996 706 1028 per
723 995 761 1019 se
785 985 876 1028 ipsos
904 984 1021 1018 violari
1042 994 1109 1018 non
1132 993 1234 1026 posse
1251 983 1449 1018 videantur:
1478 995 1498 1017 n

104 1050 143 1073 se
160 1043 276 1074 tamen
291 1041 479 1083 violantur,
509 1041 545 1075 id
572 1041 662 1084 quod
695 1053 736 1075 ex
755 1042 929 1085 principiis
947 1044 1102 1082 constat3
1133 1043 1205 1074 tum
1234 1039 1338 1073 etiam
1357 1045 1499 1074 externa

102 1096 147 1137 vi,
176 1097 256 1139 quia
273 1096 440 1131 diuturnis
455 1098 590 1141 ignibus
614 1102 674 1132 aut
703 1109 792 1142 aqua
817 1097 995 1142 chrysulca
1016 1097 1180 1141 paulatim
1206 1095 1348 1130 effluunt
1369 1101 1404 1132 et
1422 1107 1501 1131 cor-

101 1157 316 1197 rumpuntur.

216 1209 316 1244 Haec
334 1210 490 1244 Bodinns
513 1211 547 1244 in
569 1211 761 1251 Meth0d0,·
790 1211 852 1245 sed
882 1210 1060 1253 aliquanto
1091 1207 1142 1242 his
1165 1207 1343 1243 subtiliora
1362 1209 1395 1242 in
1416 1209 1501 1244 libro

104 1266 148 1301 de
172 1266 364 1311 Republica
383 1271 519 1310 quarto,
549 1268 664 1310 capite
681 1268 846 1309 secundo,
879 1278 946 1310 quo
964 1266 1114 1310 quaerit,
1145 1276 1193 1298 an
1215 1266 1501 1309 Rerumpublica·

101 1334 179 1357 rum
208 1324 442 1359 conversiones
466 1325 621 1369 prospici
647 1325 795 1368 possint.
852 1325 903 1358 Ibi
935 1328 1117 1368 postquam
1148 1321 1192 1358 de
1214 1323 1397 1366 Coperuici
1422 1323 1499 1367 opi-

100 1380 224 1422 nione,
254 1381 310 1424 qui
332 1392 390 1415 eas
410 1381 453 1414 ab
480 1381 675 1415 eccentrico
699 1385 813 1415 terrae
839 1386 935 1415 motu
965 1380 1116 1424 pendere
1154 1380 1306 1422 putavit,
1336 1379 1498 1415 iudicium

99 1437 247 1480 iniquius
267 1436 362 1482 fecit,
391 1449 424 1481 p.
444 1435 523 1472 640.
547 1435 622 1483 (ed.
640 1440 800 1482 Francos.
825 1436 948 1482 1609.)
969 1436 1057 1471 haec
1075 1435 1216 1471 scribit:

214 1494 286 1527 Sed
329 1494 374 1528 ad
405 1494 563 1528 Platonis
603 1496 811 1529 sententiam
841 1495 1028 1529 veniamus.
1105 1494 1139 1527 Is
1166 1493 1257 1528 enim
1288 1492 1501 1535 respublicas

99 1551 299 1584 conturbari
321 1555 356 1585 et
374 1551 533 1585 occidere
550 1553 701 1596 putavit,
732 1562 810 1586 cum
838 1552 1015 1586 suavitatis
1034 1550 1122 1584 illius
1151 1560 1242 1592 quae
1260 1549 1304 1583 ab
1321 1548 1500 1584 harmonia

100 1607 256 1650 exsistit,
285 1612 476 1642 concentus
499 1609 756 1652 interrumpitur
779 1613 840 1642 aut
861 1609 1028 1643 violatur:
1060 1607 1094 1643 id
1119 1610 1235 1640 autem
1263 1606 1322 1647 fit,
1356 1617 1434 1640 cum
1465 1607 1499 1643 in

99 1673 242 1698 numero
274 1665 419 1708 nuptiali
443 1665 486 1698 ab
512 1665 576 1699 illis
607 1664 660 1708 (in
692 1666 778 1699 libro
806 1669 859 1698 est
888 1664 990 1710 aliis)
1018 1663 1231 1703 rationibus,
1263 1673 1349 1705 quas
1378 1663 1500 1697 musici
1536 1688 1537 1693 ,

100 1715 167 1752 διὰ
191 1716 382 1764 τεσσάρων
409 1725 445 1755 et
473 1719 582 1767 (haec
614 1723 738 1765 copula
772 1733 840 1756 non
864 1727 917 1756 est
944 1722 977 1756 in
1008 1718 1115 1766 libro)
1143 1714 1206 1753 διὰ
1227 1715 1341 1752 πέντε
1361 1724 1500 1759 vocant,

100 1777 234 1819 longius
253 1777 464 1813 discesseris.
523 1777 709 1813 Numerum
737 1789 817 1812 vero
851 1779 1039 1822 nuptialem
1059 1777 1191 1817 definit,
1219 1775 1279 1818 qui
1299 1776 1343 1809 ab
1367 1777 1500 1811 unitate

99 1834 288 1878 incipiens,
316 1834 421 1878 dupla
445 1845 488 1868 ac
507 1835 609 1878 tripla
622 1835 756 1869 ratione
783 1835 971 1880 scinditur,
1001 1838 1040 1870 ut
1061 1834 1183 1868 dextra
1203 1832 1340 1876 quidem
1375 1843 1501 1875 mares,

100 1890 134 1923 id
158 1895 210 1924 est
233 1891 394 1934 impares,
419 1892 557 1925 sinistra
579 1891 763 1935 foeminae,
791 1891 826 1926 id
848 1897 901 1926 est
919 1902 1021 1937 pares
1048 1890 1192 1932 numeri,
1223 1890 1388 1925 continua
1409 1891 1500 1925 serie

99 1946 190 1981 hunc
206 1947 241 1982 in
263 1947 401 1983 modum
417 1949 689 1983 constituantur:

100 2626 215 2661 media
230 2636 314 2660 vero
332 2626 410 2660 loca
426 2626 576 2661 numeris
599 2626 785 2670 perfectis,
815 2624 1045 2671 imperfectis,
1074 2619 1273 2665 quadratis,
1302 2617 1500 2663 sphaericis,

99 2684 251 2725 cubicis,
280 2687 319 2716 nt
352 2684 444 2717 nulla
465 2693 683 2718 numerorum
706 2684 796 2718 ratio
817 2684 929 2724 desit,
957 2681 1205 2724 compleantur.
1263 2677 1365 2711 Haec
1385 2680 1502 2710 autem

99 2750 319 2775 numerorum
336 2741 443 2774 series
459 2741 590 2775 infinita
611 2750 688 2774 esse
708 2745 836 2784 potest,
866 2740 946 2784 quia
967 2738 1040 2771 toni
1062 2736 1111 2771 vis
1137 2746 1180 2769 ac
1202 2737 1358 2778 potestas
1390 2742 1502 2775 aeque

101 2801 156 2831 est
183 2798 315 2831 infinita
347 2797 552 2840 partitione,
582 2800 622 2830 ut
649 2796 819 2831 dimensio
842 2795 1026 2841 quaelibet.
1082 2794 1136 2827 Ita
1156 2791 1288 2836 reipub.
1307 2791 1395 2823 bene
1415 2799 1501 2823 con-

55 2894 63 2897 Δ
100 2855 243 2889 stitutae
260 2853 371 2888 forma
399 2854 529 2888 stabilis
548 2854 634 2895 erit,
664 2855 826 2896 quamdin
846 2854 1000 2888 rationes
1030 2854 1145 2885 rectas
1176 2853 1212 2883 et
1237 2847 1368 2881 aurium
1386 2846 1500 2880 suavi-

1131 2912 1220 2954 D2
