1764 3176
261 132 342 172 122

716 131 1184 173 PLA-TONIS

255 240 354 295 περὶ
383 243 530 283 καλῶν
559 256 601 284 τε
631 242 704 284 καὶ
735 243 936 299 αἰσχρῶν,
971 243 1046 294 τοὶς
1076 244 1246 293 δικαίας
1275 243 1561 298 ποιουμένας,
1595 247 1640 287 αἱ

255 307 408 350 νεωστὶ
436 307 484 350 ἐκ
514 311 714 361 δουλείας
743 312 982 367 λελυμέναι,
1009 314 1349 366 δορυφοροῦσαι
1379 311 1454 354 τὸν
1484 313 1637 365 ἔρωτα,

255 374 523 431 κρατήσουσι
552 377 647 432 μετ’
678 379 863 431 ἐκείνου,
887 383 932 423 αἳ
960 379 1176 433 πρότερον
1205 378 1284 435 μὲν
1315 379 1424 433 ὄναρ
1456 379 1636 425 ἐλύοντο

253 444 300 486 ἐν
330 443 478 502 ὕπνῳ,
522 445 592 490 ὅτε
633 442 688 504 ἦν
719 447 852 499 αὐτὸς
892 449 952 491 ἔτι
989 447 1077 491 ὑπὸ
1119 446 1275 502 νόμοις
1308 448 1465 490 τεκαὶ
1505 450 1634 500 πατρὶ

251 513 663 569 δημοκρατούμενος
700 516 748 560 ἐν
790 516 953 575 ἑαυτῷ·
984 516 1296 571 τυραννευθεὶς
1337 515 1382 558 δὲ
1412 514 1499 558 ὑπὸ
1531 517 1635 571 ἔρω-

248 597 320 631 τος
350 579 444 633 οἶος
474 580 668 638 ὀλιγάκις
699 585 888 639 ἐγίγνετο
922 583 1056 638 ὄναρ,
1090 584 1207 636 ὕπαρ
1238 587 1440 635 τοιοῦτος
1471 583 1536 627 ἀεὶ
1566 601 1633 638 γε-

248 647 435 703 νόμενος
473 649 573 693 οὔτε
612 652 730 702 τινὸς
770 652 916 707 φόνου
956 655 1106 696 δεινοῦ
1145 651 1348 708 ἀφέξεται
1387 651 1488 696 οὔτε
1517 652 1633 710 βρώ-

246 774 342 809 Pors.
367 786 401 831 p.
427 777 493 810 90:
529 775 631 832 ἱερὸν
658 777 697 811 τί
729 789 914 823 νεωκορη-

247 830 336 874 σας·
361 820 443 855 ἀντὶ
457 822 524 855 τοῦ
548 820 912 878 εὔφημιξτερονὶερα-

246 865 390 906 τεύσας.
453 868 606 925 Corrigo
655 866 912 924 εὐφημότερον

247 910 334 946 οἷντὶ
356 913 424 946 τοῦ
451 912 701 970 ἱεροσυλήσας.
738 916 798 949 Sic
823 918 911 950 enim

246 958 360 992 scholi·
356 964 470 993 istes·
528 959 770 1016 νεωκορήσει·
826 960 911 996 οἷντὶ

245 1005 314 1038 τοῦ
341 1004 588 1050 ἱεροσυλήσει,
623 1020 674 1046 ως
697 1007 778 1042 νῦν.
803 1007 907 1065 παρὰ

247 1048 288 1084 δὲ
313 1054 392 1091 τοῖς
415 1054 564 1092 πολλοῖς
587 1051 630 1087 τὸ
651 1052 823 1098 κοσμήσει
840 1053 908 1089 τὸν

246 1095 363 1131 ναόν·
398 1109 521 1142 κορειν
553 1097 624 1143 γὰρ
658 1101 826 1154 σημαίνει
864 1098 906 1135 τὸ

245 1146 404 1186 κοσμεῖν.
427 1165 472 1170 -
495 1146 578 1179 Post
595 1144 814 1190 νεωκορήσει
832 1147 904 1180 Ald.

246 1190 326 1223 Bas.
353 1191 406 1224 ab.
434 1202 561 1225 comma
587 1192 723 1225 habent.

291 1235 375 1293 περὶ
399 1237 548 1281 καλῶν]
585 1249 701 1282 περικ.

242 1280 331 1337 περὶ
351 1283 496 1316 καλλῶν
520 1284 619 1318 Vind.
648 1284 687 1317 F.

289 1325 359 1367 τὰς
390 1328 537 1369 δικαίας
568 1329 818 1374 ποιουμένας]
849 1331 906 1364 Ita

241 1373 322 1407 Par.
347 1375 387 1408 A.
423 1387 522 1420 quein
553 1381 649 1409 recte
682 1382 818 1411 secutus
854 1381 905 1410 est

737 1238 835 1272 Vind
861 1240 904 1273 Ε.

184 1462 186 1467 ⁴
238 1419 431 1475 Bekkerus3
447 1422 563 1455 Astius
587 1422 622 1455 in
646 1426 725 1456 text.
746 1429 781 1456 et
799 1423 904 1456 Stall-

240 1466 392 1501 baumins
423 1468 456 1501 in
493 1480 545 1514 pr.
615 1469 733 1502 Ceteri
767 1469 902 1502 codices

239 1512 388 1558 editique
421 1519 501 1548 ante
526 1515 718 1548 Bekkernrn
754 1513 822 1554 τὰς
847 1515 902 1549 δί-

237 1570 306 1598 κας
317 1559 545 1603 ποιουμένας
557 1559 798 1605 (ποιούμενος
807 1562 900 1595 Flor.

237 1606 281 1640 R.
315 1605 543 1650 ποιούμενας
581 1619 655 1640 cnm
691 1619 710 1641 0
742 1619 845 1652 super
877 1620 901 1641 α

237 1652 324 1695 Ang.
357 1653 412 1697 Β.)
447 1654 620 1694 exhibent,
656 1654 758 1698 idque
794 1654 901 1687 Stall-

237 1698 391 1732 baumius
425 1699 459 1732 in
490 1711 558 1733 sec.
586 1700 737 1733 restituit
761 1700 823 1733 hac
847 1700 901 1733 in-

236 1745 484 1796 terpretatione
514 1746 648 1779 addita·
683 1743 792 1787 δόξαι
822 1746 901 1779 illae

237 1789 318 1823 inde
343 1803 363 1824 a
387 1791 560 1825 iuventute
585 1791 693 1825 animo
719 1797 900 1836 susceptae

239 1835 399 1870 dicuntur
422 1838 532 1871 adhuc
555 1838 703 1871 iudicum
733 1841 839 1871 instar
857 1838 900 1871 de

238 1882 382 1916 honesto
413 1895 454 1917 ac
485 1884 578 1927 turpi
611 1883 771 1917 iudicium
800 1895 899 1917 exer-

238 1929 350 1962 cuisse
383 1941 423 1962 ac
453 1930 656 1963 sententiam
684 1930 901 1974 pronuntias-

238 1977 312 2008 se.“
337 1976 501 2009 Similiter
519 1976 678 2009 Ficinus:
704 1977 805 2019 quasi
821 1978 899 2009 iura

238 2022 412 2065 quaedam
445 2034 485 2056 ex
516 2023 635 2066 quibus
665 2023 899 2056 indicabatur.

238 2067 369 2102 Contra
378 2068 706 2102 Schleiermacherus
720 2068 900 2102 dictionem

238 2113 345 2153 δίκας
377 2116 569 2149 ποιεῖσθαι
600 2127 708 2159 neque
739 2114 899 2158 exemplis

236 2170 347 2205 neque
371 2162 526 2205 analogia
549 2161 687 2205 probari
710 2172 812 2205 posse
827 2172 899 2194 mo-

235 2207 322 2247 nuit,
348 2208 403 2241 cui
426 2219 547 2241 vereor
572 2210 610 2240 ut
634 2207 773 2240 effatum
792 2207 898 2240 Stall—

235 2252 361 2286 baumii
384 2255 578 2288 ποιεῖσθαι
603 2253 707 2292 δίκας
732 2257 812 2286 nota
836 2265 898 2297 pe-

233 2299 379 2343 riphrasi
403 2312 464 2344 pro
489 2297 649 2340 δικάζειν
673 2300 800 2333 dictum
818 2310 896 2343 pro-

233 2346 415 2379 nuntiantis
466 2346 686 2380 satisfecerit.
772 2346 895 2401 Neque

231 2392 317 2425 enim
354 2397 562 2437 propterea,
599 2393 689 2436 quod
725 2389 895 2446 σπουδὴν

230 2439 424 2471 ποιεῖσθαι
433 2442 467 2472 et
477 2437 712 2480 σπουδαζειν,
731 2434 894 2482 κραυγήν

230 2485 426 2517 ποιεῖσθαι
463 2488 498 2518 et
532 2482 749 2529 κραυγάζειν
793 2490 829 2517 et
864 2483 894 2517 si

229 2541 318 2575 quae
342 2530 395 2563 his
426 2531 547 2564 similia
575 2531 810 2576 reperiuntur,
834 2540 891 2573 sy-

229 2588 373 2620 nonyma
397 2581 493 2616 sunt,
518 2577 619 2610 etiam
647 2577 752 2620 δίκην
776 2578 889 2610 ποιεῖ-

230 2623 322 2656 σθαι
347 2627 382 2656 et
405 2619 565 2664 δικαζειν
588 2623 676 2656 idem
699 2622 893 2666 significare

231 2669 507 2710 existimandum,
539 2681 649 2714 neque
684 2669 766 2712 δίκη
800 2669 892 2702 iudi-

231 2716 340 2757 cium,
365 2715 493 2759 κρίσις,
521 2721 584 2757 est,
610 2715 668 2748 sed
694 2716 747 2756 lis,
771 2718 807 2748 et
836 2714 890 2748 δι’·

231 2773 299 2805 κην
328 2762 542 2804 ποιεῖσθαι,
587 2761 616 2794 51
651 2761 686 2794 111
720 2773 782 2795 11511
815 2761 892 2801 fuit,

233 2808 336 2854 quod,
357 2819 457 2854 quum
483 2807 635 2852 exempla
658 2807 771 2841 desint
789 2811 822 2841 et
837 2813 892 2840 ta-

971 790 1047 811 men
1089 790 1145 812 res
1179 778 1318 812 Athenis
1359 779 1633 823 frequentissima

971 827 1074 865 esset,
1100 836 1163 868 ego
1188 836 1322 869 quoque
1340 825 1398 858 vix
1422 825 1572 859 adducor
1595 830 1633 858 ut

971 850 1242 911 cieda’n1‚nihil
1276 870 1368 903 aliud
1404 882 1480 904 esse
1507 872 1632 915 potuit,

969 915 1032 949 11151
1068 914 1307 957 δικάζεσθαι,
1339 918 1494 960 litigare.
1561 917 1631 951 Sed

968 961 1039 995 sive
1064 962 1236 1006 litigantes
1261 962 1332 995 sive
1357 964 1455 996 etiam
1479 962 1631 996 iudican-

967 1012 1020 1040 tes
1043 1008 1086 1041 de
1110 1009 1251 1041 honesto
1276 1020 1316 1041 ac
1339 1009 1433 1053 turpi
1456 1008 1632 1053 opiniones

965 1053 1054 1086 istas
1077 1066 1251 1099 ponamus,
1275 1054 1379 1087 nihilo
1404 1055 1513 1088 minus
1538 1055 1629 1089 desi-

965 1099 1156 1133 derabimus
1188 1100 1244 1142 id,
1278 1101 1368 1145 quod
1401 1101 1545 1134 maxime
1577 1101 1628 1134 di-

964 1151 1054 1179 ctum
1080 1147 1271 1190 oportebat,
1297 1146 1415 1191 quales
1440 1159 1502 1180 eae
1522 1152 1557 1180 et
1574 1158 1629 1180 se-

964 1192 1107 1225 cundum
1127 1192 1208 1237 qnid
1221 1192 1410 1226 iudicantes
1428 1192 1507 1234 sint,
1527 1204 1630 1237 quum

963 1249 1087 1281 pravas
1112 1250 1247 1283 quoque
1272 1242 1308 1271 et
1330 1239 1629 1281 Thrasylnacheas

962 1283 1175 1317 inveniantur
1198 1284 1257 1329 qui
1283 1296 1304 1317 a
1327 1286 1456 1318 teneris
1485 1284 1628 1318 imbibe—

962 1329 1042 1362 rint.
1104 1330 1205 1371 Quod
1240 1330 1448 1363 (1651(161111111
1483 1330 1627 1364 lectione

962 1375 1086 1409 codicis
1124 1376 1241 1420 optimi
1274 1387 1430 1431 prorsus
1459 1376 1625 1431 expletur.

960 1422 1050 1454 Nam
1084 1421 1124 1455 αἱ
1150 1421 1291 1455 δίκαιαι
1315 1420 1540 1465 ποιούμεναι
1565 1419 1626 1456 δό-

960 1466 1021 1509 ξαι
1054 1479 1119 1501 11011
1151 1468 1238 1502 aliae
1271 1473 1371 1510 sunt,
1407 1480 1508 1514 quam
1541 1480 1626 1524 (111115

960 1514 1072 1558 paullo
1098 1519 1177 1548 ante
1201 1526 1234 1558 p.
1260 1516 1339 1549 573.
1373 1515 1413 1549 B.
1448 1512 1624 1557 ποιουμέ-

958 1571 1026 1598 νας
1049 1558 1208 1604 χρηστὰς
1227 1560 1422 1605 appellavit.
1474 1560 1528 1594 Cf.
1549 1561 1624 1595 Vol.

958 1605 1004 1639 Π.
1028 1618 1062 1651 p.
1085 1609 1162 1648 193,
1186 1618 1216 1639 a.
1252 1606 1375 1651 Itaque
1400 1607 1481 1640 nihil
1506 1618 1547 1641 ea
1565 1619 1625 1641 ve*

957 1652 1046 1693 rius,
1079 1665 1189 1697 neque
1222 1653 1422 1686 scholiastes
1446 1652 1545 1686 aliam
1570 1665 1623 1687 se-

960 1703 1058 1731 cutus
1097 1711 1172 1733 esse
1207 1698 1364 1740 videtur,
1397 1699 1456 1744 qui
1489 1709 1625 1732 sensum

959 1744 1056 1777 huius
1080 1745 1145 1778 loci
1171 1744 1220 1778 sic
1245 1745 1468 1801 explicuerit:
1496 1744 1536 1779 αὶ
1560 1757 1623 1778 κα-

957 1802 1021 1823 και
1046 1787 1244 1834 επιθυμίαι
1273 1789 1342 1825 τὸν
1368 1789 1487 1834 ἔρωτα
1515 1792 1622 1835 δορυ-

958 1837 1148 1879 φοροῦσαι
1171 1835 1453 1892 κατισχύσουσι
1460 1838 1537 1871 τῶν
1561 1839 1622 1871 δο-

957 1882 1031 1924 ξῶν
1055 1895 1151 1916 των
1175 1880 1403 1927 αγαθῶν,
1439 1896 1484 1922 ας
1507 1881 1623 1917 πάλαι

959 1931 1063 1972 εἶχεν.

1005 1973 1144 2018 ε’ρωτα]
1178 1971 1325 2018 ''Epeo-coc
1359 1975 1554 2019 Stephanus
1587 1981 1622 2008 et

957 2020 1176 2062 recentiores,
1200 2027 1283 2063 utp
1289 2022 1400 2055 ..573
1427 2021 1468 2053 Ε.

1003 2064 1190 2109 ἐκείνου,]
1231 2064 1385 2101 ἐκείνου.
1417 2066 1494 2099 Ald.
1531 2065 1619 2100 ἑκεί-

956 2124 1047 2153 νους
1082 2113 1202 2157 Steph.
1234 2113 1413 2146 Bekkerus
1446 2120 1481 2146 et
1514 2113 1619 2146 Stall—

955 2158 1131 2199 baumius,
1184 2159 1457 2192 antecedentium
1499 2159 1620 2203 magis,

955 2217 1054 2250 quam
1079 2206 1291 2249 sequentium
1309 2206 1473 2239 rationem
1492 2206 1619 2239 haben-

955 2257 1007 2286 tes
1025 2251 1158 2295 sibique
1181 2251 1261 2295 ipsi,
1286 2263 1388 2296 quum
1413 2263 1518 2295 supra
1542 2254 1619 2295 post

955 2297 1096 2341 σμῆνος
1121 2309 1249 2330 comma
1266 2298 1426 2330 sufficere
1446 2297 1618 2331 existima—

952 2345 1074 2384 verint,
1099 2355 1163 2376 non
1189 2348 1394 2377 constantes.
1511 2343 1514 2344 ⁷

1001 2387 1075 2432 ε’τι]
1103 2401 1167 2422 om.
1195 2389 1281 2423 Lob.
1308 2390 1387 2425 Vat.
1414 2389 1463 2423 M.

998 2433 1371 2479 δημοκρατούμενος]
1428 2436 1612 2479 δημοκρα-

951 2480 1128 2524 τούμεναι
1152 2483 1238 2537 Vep.
1265 2484 1305 2515 B.

997 2526 1133 2573 ‚savz-95]
1163 2525 1264 2562 αὐτῶ
1283 2528 1373 2562 idem
1390 2532 1426 2560 et
1443 2526 1544 2562 Vind.
1569 2527 1611 2559 Ε.

996 2574 1282 2618 τυραννευθεις]
1357 2569 1615 2618 τυραννευθῦς

951 2621 1121 2657 Vind..E.

997 2665 1153 2711 ἔρωτος]
1193 2661 1358 2710 ’Ἑρωτος
1391 2664 1511 2706 iidem,
1556 2664 1614 2708 qni

949 2725 1054 2758 supra
1077 2713 1119 2745 D.
1162 2755 1173 2760 Α
1559 2752 1574 2758 -

997 2756 1099 2802 οἶος]
1135 2761 1190 2797 οἱς
1227 2758 1311 2791 Lob.
1339 2758 1417 2792 Vat.
1445 2757 1493 2791 M.
1531 2758 1611 2789 οἱον

951 2806 1051 2842 Vind.
1078 2804 1119 2839 Ε.
