1764 3176
555 197 1038 241 EDITORIS.
1434 216 1510 243 c111

115 315 363 369 „plicatione
376 331 392 356 .-
429 316 668 369 Tyrannum
688 319 784 357 vero
805 319 1071 370 infeliciorem
1094 321 1238 360 eadem
1248 320 1424 373 ipsamet
1443 321 1508 361 di-

115 409 284 448 stantia.
334 408 582 448 Immensum
602 409 861 448 intervallum
881 410 1126 451 discriminis
1142 412 1314 452 duorum
1337 413 1509 452 istorum

114 499 304 548 virorum,
320 500 421 539 iusti
436 501 602 547 scilicet,
625 505 668 539 et
676 501 822 539 iniusti
830 499 965 554 quoad
975 503 1241 555 voluptatem,
1260 509 1385 556 atque
1393 503 1505 542 dolo-

114 603 201 629 rem
219 592 486 630 cumulavisti.
544 590 664 630 C'ert&
684 604 837 639 verum,
864 597 906 631 et
925 594 1236 633 convenientem
1255 595 1350 633 vitis
1362 607 1505 634 nume-

113 694 231 721 rum.-
261 683 298 721 si
318 681 479 736 quidem
501 683 602 735 ipsis
623 683 870 721 conveniant
890 681 989 731 dies,
1026 689 1069 723 et
1089 689 1242 732 noctes,
1269 690 1312 724 et
1334 699 1506 734 menses,

116 778 164 821 et*
177 774 290 814 anni.
347 773 604 812 Conveniunt
622 771 796 827 quidem.
853 774 967 814 Haec
986 775 1120 826 itaque
1139 779 1276 815 nostra
1295 776 1439 825 fidelis,
1468 781 1509 817 et

115 877 206 903 vera
236 864 317 903 loci
348 864 467 903 huius
496 864 651 904 tralatio
682 866 745 904 sit.
817 866 959 917 Quoad
1002 867 1224 907 secundum
1244 868 1337 907 vero
1374 869 1505 908 scien-

116 956 210 994 dum
240 959 322 1004 est,
360 956 468 1007 quod
496 958 586 996 cilm
623 960 706 996 tres
738 957 856 996 animi
887 959 989 998 vires
1026 957 1236 999 {Platone
1260 959 1430 999 inlibris
1457 960 1508 1000 de

115 1046 219 1099 Rep.
242 1049 399 1100 positae
418 1049 496 1087 sint
519 1049 717 1088 civitatum
748 1050 960 1101 generibus
981 1051 1371 1103 correspondentes,
1400 1051 1508 1090 scili-

116 1143 182 1179 cet
202 1140 454 1188 addiscendi,
490 1139 710 1188 irascendi,
747 1144 788 1179 et
812 1142 1124 1193 concupiscendi
1152 1143 1234 1182 vis:
1272 1146 1354 1181 tres
1385 1144 1505 1182 etiam

116 1231 323 1270 hominum
339 1231 573 1283 voluptates*
585 1227 730 1285 (inquit
741 1229 877 1286 Plato)
890 1224 1138 1284 totidenique
1151 1234 1390 1286 cupiditates
1414 1247 1507 1274 esse

117 1336 287 1363 necesse
308 1326 384 1371 est,
415 1323 653 1375 cognitionis
672 1336 832 1376 nempe,
869 1324 1093 1364 ambitionis
1121 1330 1160 1364 et
1173 1325 1287 1367 lucri.
1358 1326 1506 1376 Quam·

117 1415 256 1454 obrem
275 1418 357 1453 tres
380 1420 473 1453 sunt
495 1415 536 1460 in
558 1415 784 1454 universum
819 1415 1028 1455 Civitatum
1050 1419 1203 1456 status:
1237 1430 1355 1466 unus,
1393 1419 1459 1469 qui
1485 1420 1508 1458 a

114 1507 283 1547 Platone
318 1508 483 1559 proprio
510 1508 672 1546 nomine
694 1505 819 1559 Resp.
851 1507 1016 1555 dicitur3
1067 1508 1191 1557 alter,
1221 1523 1339 1561 quem
1362 1508 1507 1562 Remp.

114 1599 398 1639 Ambitiosam:
433 1600 587 1645 tertius,
625 1612 742 1649 quem
765 1597 1227 1650 Remp.QuaestuarIam
1248 1601 1436 1653 appellat.
1467 1605 1508 1640 et

113 1691 299 1729 homines
320 1690 480 1741 quidem
503 1689 622 1741 Reip.
652 1691 817 1741 proprio
843 1692 1004 1733 nomine
1025 1691 1175 1740 dictae,
1204 1691 1507 1744 Philosophus:

113 1782 300 1821 homines
330 1786 461 1821 autem
487 1782 762 1830 Ambitiosae‚
791 1781 1095 1830 contentiosos,
1128 1783 1211 1822 sive
1235 1784 1506 1824 Ambitiosos:

115 1874 299 1912 homines
333 1874 437 1921 vero(
465 1873 774 1924 Quaestuariae,
820 1873 972 1912 Avaros
1010 1878 1233 1927 nuncupat,
1278 1877 1300 1914 a
1337 1877 1504 1927 proprio

116 1966 270 2005 scilicet
290 1966 372 2004 fine
393 1978 702 2016 unumquenque
724 1942 998 2005 denominans.
1067 1966 1224 2006 Horum
1242 1967 1362 2018 igitur
1386 1968 1504 2006 trium

117 2058 283 2097 civitatis
305 2059 490 2106 statuum,
525 2069 835 2108 unumquenque
848 2056 986 2096 rursus
1004 2059 1045 2096 in
1067 2057 1168 2097 duos
1183 2058 1298 2097 Plato
1320 2060 1508 2109 partitur:

115 2148 259 2201 Remp.
281 2149 442 2200 quidem
455 2150 495 2187 in
509 2149 614 2188 illam
634 2148 986 2202 perfectissimam,
1011 2163 1057 2188 ae
1080 2163 1212 2189 veram
1232 2149 1375 2202 Remp.
1391 2164 1508 2201 quam

118 2240 364 2292 Optimatum
383 2239 526 2292 Remp.
547 2243 683 2288 vocat,
719 2242 759 2278 et
783 2240 823 2278 in
839 2238 1028 2291 Regiam:
1064 2241 1329 2280 Ambitiosam
1353 2242 1448 2281 vero
1467 2243 1510 2282 in

117 2332 254 2371 Ceusu
280 2335 524 2383 potestatum
546 2330 690 2383 Remp.
731 2344 848 2382 quam
881 2332 999 2370 etiam
1033 2333 1199 2383 proprie
1230 2335 1347 2372 vocat
1366 2333 1505 2373 Ambi-

115 2424 260 2463 tiosam
274 2452 286 2470 ,
324 2427 364 2462 et
385 2425 427 2463 in
444 2422 667 2462 Paucorum
685 2423 931 2474 potentiam:
963 2423 1263 2472 quaestuariam
1290 2428 1435 2473 autem,
1466 2427 1508 2466 in

116 2514 358 2566 Popularem
390 2516 744 2567 gubernationem,
786 2518 826 2554 et
859 2513 1141 2566 Tyrannidem.
1219 2516 1353 2568 Saepe
1374 2520 1507 2556 autem

117 2606 216 2645 duas
237 2606 322 2645 illas
346 2608 529 2658 species,
565 2620 712 2658 nempe
748 2605 941 2658 Regiam,
979 2610 1019 2645 et
1043 2606 1287 2658 optimatum
1326 2611 1367 2649 in
1386 2623 1509 2649 unum

118 2698 339 2744 contrahit,
370 2703 413 2736 ut
445 2700 560 2738 etiam
595 2700 636 2737 in
660 2700 862 2750 praesenti
883 2699 975 2737 loco
998 2698 1118 2738 fecit:
1155 2703 1195 2738 et
1214 2704 1308 2740 tunc
1333 2703 1509 2752 quinque

119 2791 306 2829 duntaxat
340 2794 455 2828 erunt
490 2790 608 2842 Reip.
643 2791 816 2842 species.
890 2790 1003 2839 Quae
1039 2792 1129 2829 cilm
1159 2791 1213 2830 ita
1241 2793 1340 2840 sint,
1367 2793 1507 2833 volens

118 2882 232 2921 Plato
271 2882 310 2920 in
338 2882 545 2934 praesenti
573 2882 664 2921 loco
691 2881 906 2921 ostendere
934 2883 1141 2923 maximam
1169 2897 1263 2924 esse
1284 2883 1508 2924 distantiam
