1764 3176
293 108 351 147 9⁰

750 103 1221 151 PLATONIS

292 230 341 271 γε
379 215 469 258 τῶν
506 212 666 269 σμικροὶ
703 212 894 271 ἐχόντων
925 233 991 270 τις
1018 218 1200 275 βλίσειες
1243 214 1460 260 Πλούσιοι
1488 214 1562 272 δὴ,
1598 211 1673 260 οῖ-

291 299 391 338 μαι,
423 282 468 323 οῑ
494 284 692 325 τοιοῦτοι
726 287 993 339 καλοῦνται,
1030 285 1244 342 κηφήνων
1271 282 1446 342 βοτάνη.
1503 281 1673 338 Σχεδόν

200 358 266 394 565
290 367 354 402 τι,
386 349 484 405 ε’φη
541 353 694 406 Δῆμος
723 348 767 395 δ’
799 350 856 395 ἂν
884 355 949 410 εἴη
978 356 1132 409 τρίτον
1159 353 1307 410 γένος,
1344 349 1445 395 ὅσοι
1475 367 1671 406 αυτουρ-

284 419 359 474 γοί
387 433 432 460 τε
462 416 536 460 καὶ
565 415 864 474 ἀπράγμονες,
908 423 962 466 οὐ
999 439 1120 467 πανυ
1156 418 1299 465 πολλοὶ
1323 418 1613 475 ·κεκτημε’νοι·
1644 417 1671 463 ὂ

285 485 340 543 δὴ
368 484 573 529 πλεῖστόν
601 502 646 530 τε
672 504 746 530 και
775 505 1049 544 κυριωτατον
1079 490 1126 534 ἐν
1155 488 1449 546 δημοκρατίᾳ,
1480 485 1670 540 ὅτανπερ

283 553 526 611 ἀθροισθῇ.

284 628 350 675 εῖν
386 626 545 673 τοῦτο,
593 621 670 665 ἐὰν
716 622 776 679 μη
816 623 989 679 μέλιτός
1026 642 1067 668 τι
1104 623 1426 681 μεταλαμβάνῃ.

573 554 696 598 ’Ἐστι
725 554 834 611 γάρ,
874 556 974 612 ἔφη.
1011 556 1112 601 ἀλλ’
1143 556 1197 601 οὐ
1236 555 1359 612 θαμὰ
1399 555 1539 599 ἐθέλει
1575 569 1669 598 ποι-

1481 619 1670 666 Οὐκοῦν

283 689 628 748 μεταλαμβάνει,
675 685 732 745 ἦν
761 688 803 733 δ’
834 691 941 746 ἐγώ,
995 691 1084 743 ἀεὶ,
1123 691 1321 736 καθόσον
1361 690 1575 735 δύνανται
1625 689 1670 732 οἱ

282 763 579 815 προεστῶτες,
628 758 734 809 τοὺς
784 758 960 814 ἔχοντας
1000 760 1080 817 τήν
1131 759 1291 805 οὐσίαν
1330 756 1669 816 ἀφαιρούμενοι,

280 825 561 882 διανέμοντες
602 830 664 886 τῷ
702 826 826 884 δήμῳ
864 826 915 871 τὸ
954 831 1159 872 πλεῖστον
1212 827 1338 873 αὐτοὶ
1381 827 1503 883 ἔχειν.

283 974 413 1009 scholio
453 973 528 1018 ipse
572 974 796 1029 praescripsit
830 975 948 1009 Ruhn—

282 1021 421 1054 kenius:
456 1020 612 1064 βλίττει·
648 1017 867 1065 ἀφαιρεῖται
901 1019 945 1056 τὸ

281 1066 364 1112 μέλι
397 1063 473 1101 οέπὸ
510 1067 586 1099 τῶν
621 1067 770 1110 κηρίων.
826 1068 946 1108 Quare

258 1113 367 1147 'nihil
397 1113 464 1146 nisi
500 1112 630 1157 primae
660 1113 811 1156 syllabae
842 1125 946 1148 voca-

280 1161 348 1192 lem
382 1170 457 1192 cum
481 1159 685 1192 auctoritate
708 1164 859 1193 mutasse
882 1172 946 1204 pu-

279 1205 402 1239 tandus
439 1208 502 1238 est.
559 1204 648 1238 Nam
678 1217 741 1249 pro
775 1204 945 1249 ἀφαιρεῖ

278 1262 365 1295 ται,
411 1251 501 1294 quod
536 1250 564 1284 si
596 1252 766 1294 posuisset
799 1252 946 1285 scholia—

277 1301 368 1339 stes,
391 1297 510 1341 utique
534 1295 717 1352 βλίττεται
740 1297 864 1342 legisse
892 1298 945 1332 vi-

276 1322 439 1382 dere'tur,
465 1343 641 1376 Bekkerus
665 1340 822 1388 οἷφαιρεῖ
849 1343 944 1388 legit,

276 1390 368 1434 quod
391 1388 526 1422 Timaei
550 1392 584 1422 et
615 1389 756 1423 aliorum
781 1402 802 1423 a
824 1390 942 1424 Ruhn-

275 1435 377 1469 kenio
412 1434 682 1490 significatorum
705 1436 820 1491 glossa
834 1435 941 1490 βλίτ-

275 1492 372 1515 τειν·
398 1477 575 1525 ἀφαιρεῖν
599 1478 642 1515 τὸ
666 1480 747 1525 μέλι
766 1478 843 1516 ἀπὸ
864 1481 941 1515 τῶν

275 1527 414 1571 κηρίων
455 1527 644 1561 confirmat.
710 1528 763 1561 Ad
804 1539 940 1562 sensum

274 1574 364 1608 haud
399 1573 500 1607 dubie
534 1573 741 1617 aptissimum
774 1577 827 1607 est
850 1573 941 1619 quod

274 1620 498 1653 Ruhnkenius
541 1619 704 1662 coniecit,
757 1625 793 1653 et
834 1620 940 1653 verbo

275 1666 434 1711 βλίττειν
466 1665 644 1699 Platonem
676 1667 740 1699 hoc
763 1665 839 1711 ipso
864 1666 938 1699 loco

275 1723 372 1746 usum
396 1723 474 1746 esse
495 1723 561 1744 non
577 1712 683 1746 solum
693 1711 827 1746 Timaei
845 1714 939 1756 glos-

275 1769 335 1800 sa,
370 1758 432 1792 sed
455 1757 557 1791 etiam
589 1758 741 1791 codicum
765 1757 852 1791 ratio
876 1758 940 1791 ad-

274 1804 408 1837 modum
433 1803 611 1848 probabile
635 1803 760 1838 reddit.
807 1804 940 1837 Tamen

274 1850 404 1894 optimi,
415 1861 518 1894 quum
540 1850 575 1883 in
598 1850 662 1883 hac
686 1849 820 1894 quidem
840 1852 940 1893 parte

274 1896 308 1929 id
342 1896 511 1935 habeant,
552 1896 642 1940 quod
675 1907 791 1929 verum
831 1895 938 1929 videri

275 1942 414 1987 nequit,
449 1941 532 1986 quia
564 1941 722 1985 βλίττειν
756 1940 941 1975 transitiva

274 1987 524 2032 significatione
554 1987 747 2032 praeditum
772 1990 844 2028 est,
878 1987 938 2030 (cf.

273 2034 448 2079 Aristoph.
472 2034 540 2079 Eq.
566 2035 645 2068 791.
671 2033 723 2076 Ly
726 2044 752 2066 5.
773 2012 854 2067 475.
874 2033 941 2066 So-

274 2080 404 2126 phoclis
422 2081 544 2124 fragm.
564 2079 599 2113 in
617 2080 683 2114 lex.
702 2079 736 2112 in
755 2078 889 2123 βλίζειν
905 2082 941 2112 et

273 2138 362 2171 quos
385 2126 607 2160 Ruhnkenins
630 2126 674 2160 ad
684 2126 773 2159 Tim.
799 2125 939 2169 citavit)

273 2172 416 2216 propius
449 2172 578 2214 multo,
613 2183 714 2217 quam
747 2171 803 2205 ille
838 2174 939 2225 puta-

274 2219 357 2259 bat,
391 2229 413 2251 a
445 2221 528 2252 vero
561 2219 705 2260 absunt,
742 2217 771 2251 si
794 2215 940 2262 βλύττει

272 2276 389 2298 verum
432 2267 505 2306 est3
553 2276 616 2298 nec
667 2276 734 2297 non
780 2267 939 2308 apparet,

271 2320 374 2363 quam
398 2311 440 2343 ob
466 2321 535 2344 rem
561 2310 697 2364 βλίττει
722 2309 939 2354 scripserint,

271 2355 332 2400 qui
369 2356 448 2389 eius
485 2357 583 2390 verbi
619 2356 780 2390 aoristum
814 2356 848 2389 in
880 2367 938 2389 re—

269 2402 451 2446 sponsione
474 2403 628 2455 ‘positum
656 2401 831 2436 viderent.
857 2413 937 2436 con-

270 2450 324 2481 tra
352 2448 484 2492 passivi
519 2448 703 2493 βλίττεται
731 2449 765 2482 in
790 2448 937 2482 activum

271 2493 423 2527 mutandi
459 2495 552 2531 nulla
587 2507 708 2529 caussa
733 2497 819 2528 erat.
865 2494 936 2528 De·-

270 2539 373 2584 nique
397 2551 440 2573 ne
464 2541 687 2575 Ruhnkenius
710 2541 843 2587 quidem
871 2540 934 2574 du—

268 2585 397 2619 bitasse
419 2585 576 2629 videtur,
610 2587 691 2632 quin
720 2587 810 2632 quod
832 2589 933 2642 vulgo

267 2629 413 2676 βλύζειν
455 2632 655 2675 dicebatur,
694 2633 783 2668 idem
825 2631 932 2678 βλύτ-

265 2689 344 2712 τειν
375 2678 445 2712 dici
477 2679 629 2724 potuerit
665 2679 738 2723 (cf.
763 2679 933 2713 Matthiae

267 2735 409 2769 gramm.
443 2736 476 2769 p.
508 2725 615 2769 320.)
655 2737 764 2779 eaque
801 2726 933 2760 ratione

267 2769 536 2810 commodissima
554 2771 723 2807 sententia
744 2772 828 2808 haec
850 2783 930 2818 pro-

1571 828 1666 868 Με-

1003 975 1107 1010 deat:
1142 978 1331 1020 plurimum
1353 976 1448 1019 fucis
1479 979 1512 1009 et
1535 978 1667 1018 paratu

996 1023 1209 1065 sactllimum
1230 1024 1298 1056 mel
1318 1023 1380 1056 hoc
1393 1025 1496 1064 sonte
1511 1020 1666 1064 profluit.

1002 1068 1068 1102 His
1099 1068 1143 1102 de
1175 1069 1305 1112 caussis
1340 1068 1515 1111 vulgatam
1547 1066 1666 1100 lectio-

1002 1126 1077 1148 nem
1101 1126 1176 1148 cum
1199 1108 1358 1148 Bekkero
1377 1114 1482 1147 tenui.

1048 1158 1202 1204 σμικροὶ]
1244 1161 1299 1194 Ita
1333 1160 1414 1193 Par.
1437 1160 1478 1192 A.
1514 1160 1599 1194 Ven.
1624 1158 1665 1192 B.

1002 1207 1101 1242 Vind.
1135 1207 1208 1241 BE.
1244 1208 1325 1240 Bas.
1356 1207 1389 1239 b.
1431 1216 1548 1249 pauca
1587 1203 1665 1238 Fic.

998 1251 1154 1306 σμικρὸν
1178 1252 1302 1297 reliqui
1327 1251 1459 1285 codices
1485 1262 1560 1285 cum
1583 1250 1666 1284 reli-

998 1298 1076 1343 quis
1099 1299 1304 1333 editionibus
1328 1301 1406 1331 ante
1430 1298 1539 1331 Bekk.
1570 1297 1664 1338 „Le—

998 1345 1093 1388 gitur
1138 1346 1240 1379 etiam
1288 1342 1420 1388 σμικρὰ
1466 1340 1663 1387 §xo'vvmvf‘

998 1391 1121 1436 Steph.
1144 1391 1180 1424 in
1203 1402 1247 1423 m.

1043 1439 1123 1481 τις]
1170 1436 1227 1476 τίς
1268 1435 1344 1470 Ald.
1386 1437 1468 1469 Bas.
1506 1435 1561 1469 ab.
1596 1446 1661 1468 om.

997 1483 1077 1517 vat.
1101 1483 1141 1517 B.
1165 1483 1202 1516 τί
1227 1482 1326 1516 Vind.
1351 1482 1425 1515 BE.
1447 1481 1542 1514 Mon.
1565 1480 1606 1514 B.
1628 1492 1663 1513 τι

996 1528 1084 1563 Lob.
1115 1529 1213 1563 Flor.
1237 1529 1283 1564 U.
1316 1531 1353 1562 et
1376 1529 1551 1562 correctus
1577 1526 1660 1562 ven.

1043 1621 1210 1666 βλίσειε]
1255 1620 1312 1653 Ita
1353 1620 1433 1655 Vat.
1476 1618 1523 1653 H.
1565 1617 1661 1651 Flor.

994 1667 1135 1703 ACRV.
1168 1672 1204 1700 et
1230 1665 1490 1700 Stallbaumius.
1515 1663 1635 1708 (qui
1625 1675 1662 1697 m

995 1724 1064 1748 sec.
1088 1723 1270 1757 perperam
1292 1723 1355 1756 pro
1378 1712 1421 1747 V.
1454 1709 1663 1755 significavit

995 1759 1059 1803 U.)
1093 1759 1189 1792 Idem
1221 1758 1340 1791 Astius
1374 1756 1411 1790 in
1443 1768 1511 1792 sec.
1535 1756 1660 1801 proba-

995 1805 1074 1847 bat,
1097 1805 1132 1838 in
1150 1807 1230 1838 tert.
1249 1803 1404 1849 βλίσειεν
1423 1802 1539 1838 edidit.
1562 1801 1661 1846 βλίσ-

996 1861 1092 1885 σειεν
1132 1851 1211 1885 Par.
1237 1853 1277 1884 A.
1311 1850 1398 1894 Ang.
1427 1849 1468 1883 B.
1502 1848 1658 1902 βλίσσειε

996 1896 1095 1930 Vind.
1119 1897 1193 1930 BF.
1230 1896 1392 1940 (quorum
1430 1894 1539 1938 priori
1568 1893 1660 1928 Bek-

994 1943 1098 1976 kerus
1128 1942 1237 1983 idem,
1272 1941 1362 1986 quod
1394 1941 1474 1974 Par.
1495 1943 1537 1975 A.
1571 1939 1659 1973 assi-

992 1999 1103 2033 gnans
1137 1988 1276 2022 litterae
1316 1998 1339 2020 ν
1371 1986 1518 2020 fortasse
1548 1997 1592 2019 ne
1623 1985 1657 2018 in

994 2037 1081 2078 Aug.
1120 2033 1255 2079 quidem
1292 2032 1453 2066 inventae
1491 2032 1658 2066 rationem

994 2092 1061 2114 non
1091 2079 1240 2123 habuit.)
1273 2075 1440 2124 βλύσειεν
1473 2079 1553 2112 Vat.
1578 2077 1656 2111 BM.

996 2127 1081 2160 Ven.
1113 2127 1155 2160 Β.
1189 2126 1267 2159 Par.
1297 2124 1375 2159 DK.
1408 2127 1444 2158 et
1466 2124 1657 2158 Bekkerus.

995 2169 1139 2217 βλύσειε
1164 2172 1249 2206 Lob.
1274 2170 1375 2206 Vind.
1400 2171 1444 2205 Ε.
1463 2171 1558 2204 Flor.
1575 2169 1656 2204 TU.

994 2219 1088 2252 Mon.
1113 2219 1154 2252 B.
1189 2218 1256 2262 (ex
1285 2229 1352 2270 quo
1388 2216 1518 2261 pariter
1552 2220 1657 2269 atque

995 2276 1037 2298 ex
1069 2265 1147 2298 Par.
1179 2264 1225 2298 Κ.
1269 2263 1323 2297 cui
1356 2266 1451 2296 certe
1482 2261 1656 2317 Bipontini

992 2308 1139 2355 βλύσειε
1161 2310 1334 2351 tribuunt,
1367 2309 1547 2343 Bekkerus
1568 2305 1655 2353 βλύ-

993 2367 1088 2390 σειεν
1119 2358 1295 2398 reserens,
1343 2359 1382 2388 ut
1422 2366 1526 2400 supra
1555 2354 1655 2388 unius

993 2403 1073 2436 Par.
1111 2403 1175 2446 A.‚
1214 2402 1266 2437 ita
1302 2402 1356 2435 hic
1386 2401 1484 2434 unius
1508 2401 1589 2434 Vat.
1613 2401 1655 2433 Β.

990 2449 1197 2493 scripturam
1227 2460 1303 2482 cum
1334 2447 1473 2491 reliquis
1507 2457 1654 2480 commu-

992 2495 1128 2529 nicasse
1151 2495 1301 2528 videtur.
1327 2494 1383 2527 cf.
1394 2493 1467 2527 Vol.
1479 2493 1508 2526 Ι.
1527 2504 1562 2537 p.
1576 2493 1654 2534 123,

991 2541 1041 2585 b.)
1067 2538 1200 2596 βλύσσε
1204 2552 1256 2575 ιεν
1279 2542 1453 2574 correctus
1475 2539 1509 2573 in
1526 2550 1550 2572 ν
1567 2539 1652 2573 Ven.

992 2588 1033 2621 C.
1059 2585 1204 2632 βλύσεις
1226 2586 1302 2620 Ald.
1328 2583 1454 2631 βλύσει
1486 2586 1567 2620 Bas.
1596 2585 1651 2619 ab.

991 2634 1154 2680 Steph.‚
1156 2633 1250 2675 ‚Sed
1274 2633 1364 2677 quod
1387 2631 1540 2685 sequitur
1565 2627 1652 2688 βλύ-

991 2689 1066 2724 σει,
1104 2679 1298 2713 mutandum
1330 2678 1437 2712 fuerit
1470 2677 1504 2711 in
1538 2676 1651 2722 βλίσει

990 2706 1066 2769 (vel,
1091 2725 1251 2771 βλισειε)
1278 2728 1319 2759 et
1330 2724 1438 2779 quod
1477 2722 1653 2768 praecedit

988 2770 1158 2817 βλύττει,
1186 2771 1304 2807 itidem
1328 2770 1364 2807 in
1386 2769 1543 2815 βλίττει,
1574 2770 1650 2803 vul-
