1764 3176
428 167 430 169 ’
488 193 815 237 CIVITAS
863 194 985 238 LIB.
1027 194 1085 238 x,
1115 200 1183 235 598
1442 197 1525 238 201

149 309 252 358 οὖν,
282 304 342 362 μή
370 320 411 349 τι
440 305 640 362 διαφέρει
678 304 788 363 αὐτὴ
818 306 1001 362 ἑαυτῆς,
1042 304 1070 362 ἢ
1099 305 1297 361 διαφέρει
1335 306 1415 363 μὲν
1446 304 1525 350 οὐ-

148 374 242 427 δὲν,
283 375 486 430 φαίνεται
525 375 572 419 δὲ
610 373 790 424 ἀλλοίας
830 374 904 417 καὶ
934 368 1068 416 τᾶλλα
1099 370 1326 425 ὡσαύτως,-
1361 373 1524 426 Οὕτως,

143 443 250 499 ἕφη·
299 442 522 498 φαίνεται,
569 442 769 499 διαφέρει
808 439 851 485 δ’
890 438 1034 485 οὐδέν.
1122 445 1264 485 Τοῦτο
1312 441 1365 497 δὴ
1415 439 1521 486 αὐτὸ
1553 445 1588 486 Β

145 508 308 554 σκόπει.
347 510 461 564 πρὸς
497 510 689 564 πότερον
726 509 753 566 ἡ
793 508 989 566 γραφική
1029 511 1262 565 πεποίηται
1294 510 1393 564 περὶ
1435 509 1531 553 ἕκα-

147 589 272 629 στον;
304 577 467 632 πότερα
494 578 606 632 πρὸς
635 578 683 623 τὸ
715 576 788 629 ὂν,
820 575 879 629 ὦς
908 576 1011 634 ἔχει,
1040 577 1337 634 μιμήσασθαι,
1370 576 1399 634 ἢ
1420 577 1532 630 πρὸς

130 645 195 690 .τὸ
225 646 511 702 φαινόμενον,
545 644 606 698 ὥς
636 648 859 702 φαίνεται,
893 644 1230 702 φαντάσματος,
1261 644 1290 700 ἢ
1321 644 1532 701 άληθείας

148 710 262 758 οὖσα
299 716 507 771 μίμησις,-
530 734 532 736 ’
558 713 895 769 Φαντάσματος,
934 714 1028 771 ἔφη.
1110 713 1277 769 Πόῤῥω
1319 712 1406 767 ἄρα
1442 730 1531 757 που

145 785 230 826 τοῦ
260 781 460 839 ἀληθοῦς
488 780 515 838 ἡ
547 782 754 841 μιμητική
786 784 875 827 ἐστι
905 784 1002 834 καὶ,
1033 781 1091 833 ὥς
1122 783 1257 834 ἔοικε,
1291 782 1362 825 διά
1393 786 1526 826 τοῦτο

147 850 293 895 πάντα
331 849 639 905 ἀπεργάζεται,
669 851 736 894 ὅτι
777 850 962 907 σμικρόν
990 867 1032 893 τι
1062 848 1250 894 ἑκάστου
1294 849 1532 907 ἐφάπτεται

149 920 385 964 καὶτοῦτο
421 920 617 962 εἴδωλον.
679 916 778 963 οἷον
816 918 839 962 ὁ
878 917 1130 975 ζωγράφος,
1172 919 1340 974 φαμὲν,
1374 923 1533 974 ζωγρα·

150 988 280 1044 φήσει
307 985 414 1044 ἡμῖν
443 985 733 1042 σκυτοτόμον,
763 987 966 1040 τέκτονα,
998 986 1102 1037 τούς
1133 984 1294 1038 ἄλλους
1324 990 1532 1043 δημιουρ-

148 1055 278 1111 γούς,
317 1055 416 1108 περὶ
448 1054 632 1106 οὐδενός
668 1053 841 1099 τούτων
877 1055 1043 1098 ἐπαΐων
1072 1058 1162 1098 τῶν
1201 1060 1382 1112 τεχνῶν·
1424 1053 1523 1099 ἄλλ’
1558 1060 1589 1101 C

149 1122 269 1182 ὅμως
295 1122 453 1176 παῖδάς
481 1140 525 1168 τε
554 1125 629 1169 καὶ
658 1122 858 1180 ἄφρονας
887 1121 1176 1180 ἀνθρώπους,
1209 1126 1245 1168 εἰ
1273 1122 1443 1181 ἀγαθός
1465 1127 1530 1181 εἴη

193 1295 368 1352 διαφέρει
391 1294 486 1353 αὕτή
507 1295 652 1353 ἑαυτῆς,
675 1293 698 1342 ἢ
728 1298 809 1332 δια-

150 1341 278 1388 φέρει]
315 1341 506 1387 διαφέρειν
537 1341 657 1388 αὐτὴν
674 1341 810 1400 αὐτῆς

149 1390 341 1447 διαφερεῖν
370 1389 483 1424 Procl.
541 1390 636 1423 Inter
670 1387 808 1434 ἑαυτῆς

149 1432 230 1480 ειῆ
267 1436 343 1470 Ald.
376 1437 459 1471 Bas.
490 1436 544 1470 ab.
579 1437 700 1490 steph.
734 1438 807 1470 Ast.

148 1493 201 1562 gr.
217 1492 303 1561 ¹:sea
326 1482 559 1527 interrogandi
590 1482 723 1527 signum
747 1483 809 1517 ha-

173 1539 214 1562 en
235 1555 244 1563 .

197 1581 322 1628 οὐδὲν]
352 1581 475 1640 αὐτὴν
496 1585 580 1619 Lob.
606 1587 684 1620 vat.
707 1586 755 1620 Μ.

196 1631 370 1674 φαίνεται
391 1629 430 1665 δὲ
442 1628 572 1665 άλλοία
582 1632 606 1676 ς]
634 1635 736 1666 aliter
751 1645 810 1666 ve-

150 1689 187 1711 ro
206 1678 342 1712 videtur
361 1678 544 1721 dispositus
559 1680 810 1712 aliterintnen-

149 1724 268 1757 tibus?
303 1723 376 1757 Fic.
440 1723 508 1756 Pro
542 1720 673 1758 α’λλοία
708 1725 809 1759 Vind.

150 1769 222 1803 BE.
265 1773 302 1803 et
343 1771 421 1802 ante
461 1780 546 1802 corr
581 1770 620 1803 F.
665 1767 809 1825 άλλοῖα,

150 1816 245 1849 Mon.
271 1815 311 1849 C.
336 1812 493 1858 ἀλλοῖαι,
520 1816 596 1851 vat.
614 1817 653 1849 B.
680 1812 808 1860 ἄλληλ-

153 1862 198 1895 λοι
221 1861 393 1894 exhibent.

198 1900 326 1946 τᾶλλα]
349 1903 389 1940 τ’
415 1902 508 1940 ἄλλα
532 1907 630 1941 Vind.
649 1908 691 1941 Ε.
719 1908 812 1942 Mon.

154 1953 197 1987 C.
238 1950 356 1987 τᾶλλα
391 1953 493 1987 vind.
529 1953 599 1986 BF.
639 1954 732 1988 Mon.
771 1956 811 1989 Β.

152 2000 272 2045 Steph.
298 2001 371 2034 Ast.
395 1997 442 2032 τὰ
469 1995 562 2032 ἄλλοι
589 2000 702 2034 Procl.

204 2052 356 2099 Οὕτως,
383 2053 475 2112 ἔφη·
502 2056 704 2102 φαίνεται,]
736 2053 810 2092 Οὕ-

153 2114 224 2142 τως
248 2101 318 2146 ἔφη
339 2102 518 2159 φαίνεται
549 2103 625 2136 Ald.
651 2105 731 2138 Bas.
755 2105 809 2137 ab.

158 2145 310 2203 Ουτως,
329 2146 428 2205 ἔφη,
463 2148 657 2192 φαίνεται·
690 2150 809 2195 Steph.

157 2191 301 2237 Οὕτως,
326 2192 420 2238 ἔφη,
445 2195 630 2238 φαίνεται,
659 2196 731 2230 Ast.
757 2208 809 2242 pr.

154 2253 222 2275 sec.
233 2239 422 2296 φαίνεται
445 2253 508 2274 om.
536 2242 646 2276 Procl.

201 2282 243 2321 δ’
250 2287 266 2341 1
290 2283 329 2320 δὲ
352 2286 463 2320 Procl.

201 2332 350 2376 σκοπει]
385 2330 505 2377 σκόπη
537 2332 638 2368 Vind.
663 2334 704 2368 E.
731 2338 810 2368 ante

154 2390 243 2414 corr.

201 2433 382 2479 πότερον]
415 2433 595 2481 πρότεροιΙ
620 2436 705 2471 Lob.
732 2439 810 2474 Vat.

155 2483 197 2521 Β
220 2483 302 2517 Ven.
331 2481 372 2515 C.

199 2525 240 2572 ἡ]
265 2539 330 2562 om.
357 2527 467 2561 Procl.

200 2570 382 2619 γραφικὴ]
412 2572 573 2618 γραφὴ
561 2575 652 2610 Mon.
679 2576 720 2610 C.

189 2628 364 2686 πότερα]
389 2642 528 2675 ποτερα
551 2628 652 2668 vind.
679 2634 719 2667 Ε.
744 2644 814 2667 πο-

155 2674 246 2721 τέρα
280 2678 377 2711 Vind.
403 2678 442 2711 F.
477 2676 638 2723 πότερον
664 2680 742 2714 Vat.
767 2680 813 2715 H.

155 2723 248 2758 Flor.
272 2723 380 2757 CTV.

201 2767 243 2804 τὸ
275 2764 333 2812 ὃν]
361 2764 406 2803 ὃν
431 2770 515 2804 Lob.
541 2771 619 2804 vat.
646 2771 692 2804 M.

174 2862 192 2876 ἱ
200 2813 446 2860 μιμήσασθαι]
455 2816 701 2859 «μιμείσασθαι
716 2818 813 2853 Vind.

913 1298 1122 1342 φαίνεται,]
1169 1298 1365 1341 φαίνεταις
1408 1298 1529 1343 Steph.

866 1344 904 1377 In
929 1344 1100 1389 prioribus
1123 1344 1216 1378 nulla.
1240 1344 1423 1378 distinctio.

914 1399 990 1446 ἄρα
1020 1402 1117 1445 που]
1158 1402 1210 1435 Ita
1246 1402 1324 1435 Par.
1350 1402 1390 1434 A.
1429 1401 1530 1435 V‘nd.

866 1449 940 1484 ΒΕ.
975 1449 1045 1492 (hic
1069 1447 1162 1491 ποῦ)
1194 1448 1232 1480 F.
1258 1448 1349 1481 Mon.
1378 1447 1419 1480 C.
1447 1448 1531 1481 Ven.

865 1496 906 1528 B.
931 1495 1017 1538 Ang.
1036 1495 1074 1527 B.
1101 1494 1178 1527 V.at
1200 1493 1243 1526 H.
1265 1505 1338 1527 που
1359 1489 1434 1536 ἄρα
1455 1505 1531 1527 που

868 1542 953 1575 Ven.
990 1541 1030 1574 C.
1063 1551 1137 1573 που
1185 1535 1259 1594 ἄρα
1298 1540 1421 1584 reliqui
1457 1552 1532 1573 cum

868 1587 977 1620 editis.
1014 1586 1139 1619 Inteiie
1123 1593 1197 1619 octo
1224 1581 1298 1628 ἀρα
1318 1586 1449 1630 pondus
1470 1586 1532 1619 ad-

867 1633 977 1666 verbii
1002 1630 1132 1685 πᾴρρω
1158 1643 1223 1665 non
1241 1633 1354 1675 inepte
1374 1638 1531 1676 augetur.

867 1679 1008 1712 Proclus
1041 1679 1073 1711 in
1107 1678 1185 1711 Civ.
1210 1675 1344 1733 p.405,
1369 1680 1422 1711 18.
1448 1678 1533 1711 haee

867 1725 972 1758 verba
1007 1722 1138 1767 πόῤῥω
1177 1744 1223 1749 —
1256 1720 1331 1757 ἐστι
1367 1723 1532 1758 adhibens

866 1782 941 1804 που
965 1770 1058 1804 omis
1063 1777 1088 1803 t.

915 1824 938 1871 ἡ
958 1823 1184 1871 μιμητική]
1169 1824 1192 1871 η’
1217 1838 1255 1870 μ.
1282 1827 1380 1861 Vind.
1396 1828 1466 1861 F.
1454 1829 1532 1862 ιηιὶ-

869 1879 962 1908 tator
987 1874 1059 1907 Fic.

916 1927 1004 1975 ἔστι]
1032 1927 1125 1964 ἐστι·
1151 1931 1265 1976 vulgo.

916 1975 980 2011 διὰ
1017 1977 1153 2020 τοῦτο]
1189 1977 1286 2011 διατ.
1320 1977 1405 2013 Lob.

869 2024 909 2058 F.
934 2023 1027 2058 Mon.
1050 2023 1091 2057 Β.
1116 2022 1192 2057 Ald.
1219 2024 1296 2057 Bas.
1323 2025 1378 2059 ab.

915 2079 1062 2124 πάντα]
1098 2081 1220 2114 ταῦτα
1253 2081 1330 2114 Ald.
1364 2082 1442 2114 Bas.
1478 2082 1532 2115 ab.

868 2128 990 2172 steph.
1016 2127 1152 2171 (ταῦτα
1175 2125 1300 2161 πάντα
1324 2128 1357 2160 in
1379 2128 1476 2160 Vind.
1491 2128 1532 2161 B.

867 2175 1032 2219 scriptum
1049 2185 1125 2207 esse
1146 2173 1325 2207 Bekkerus
1344 2174 1428 2207 salso
1452 2185 1533 2218 per-

868 2220 990 2263 hibet.)

913 2265 976 2300 καὶ
997 2265 1126 2309 τοῦτο]
1152 2277 1216 2299 om.
1236 2265 1308 2301 Fic.

915 2322 1010 2367 οἷον]
1035 2323 1071 2356 in
1095 2323 1188 2356 Mon.
1215 2323 1252 2356 B.
1278 2321 1413 2368 punctis
1440 2333 1461 2357 a
1485 2334 1528 2356 m.

867 2381 894 2405 s.
918 2376 1082 2404 notatum.

916 2423 1037 2470 φαμὲν
1067 2446 1111 2451 —
1140 2423 1348 2470 ζωγράφος]
1375 2426 1408 2460 in
1435 2425 1532 2460 Vind.

870 2473 912 2507 Ε.
937 2473 991 2507 bis
1015 2472 1175 2517 deinceps
1199 2472 1329 2517 scripta
1354 2478 1443 2506 sunt.

916 2526 1020 2578 ἡμῖν]
1046 2529 1134 2562 Huic
1158 2530 1252 2565 Mon.
1271 2531 1312 2565 B.
1331 2531 1367 2564 in
1385 2543 1427 2564 m.
1451 2542 1472 2565 a
1491 2543 1533 2565 m.

871 2588 898 2611 s.
923 2573 1004 2609 οἷον
1032 2576 1136 2609 addit.

1433 1977 1529 2012 Vind.

916 2621 991 2655 τῶν
1015 2622 1168 2667 τεχνῶν]
1193 2622 1270 2656 τῶν
1294 2622 1393 2657 Vind.
1414 2623 1453 2657 F.
1470 2622 1530 2657 int.
1588 2626 1593 2637 “

872 2680 960 2703 vers.
983 2668 1097 2701 habet.

920 2723 1060 2765 παῖδάς
1086 2726 1146 2768 τε]
1182 2736 1219 2759 π.
1251 2737 1290 2769 γε
1321 2726 1407 2759 Lob.
1441 2726 1532 2759 Mon.

874 2772 913 2806 B.
946 2772 1027 2805 Vat.
1055 2772 1094 2806 Β.
1128 2772 1215 2805 Ven.
1245 2772 1287 2806 C.
1320 2772 1398 2805 Par.
1423 2771 1464 2804 D.
1498 2779 1534 2804 et

873 2818 1069 2859 ssekkerus,
1103 2818 1237 2852 nimium
1270 2822 1415 2863 quatuor
1439 2817 1533 2851 codi-

873 2864 967 2898 cibus
992 2864 1149 2899 confisus.
