1764 3176
188 98 242 139 34
837 96 983 133 Volnm.
1013 95 1039 135 Ι

191 210 437 262 Pag.407‚a‚
470 208 495 248 4
528 208 665 247 addas:
707 208 766 245 Cf.
798 207 894 270 Leg.
933 207 979 244 L
1013 207 1075 244 111.
1110 221 1148 258 Ρ
1179 207 1271 247 690.
1311 206 1361 244 Β·
1403 201 1444 244 τὸ
1486 203 1690 256 κρείττονα

438 263 509 317 μὲν
541 261 696 316 ἄρχειν.
727 262 796 304 τόν
824 257 930 315 η’ττω
958 262 1000 304 δὲ
1031 262 1225 315 ἄρχεσθαι

465 325 490 362 9
521 325 610 371 post
634 319 722 359 Par.
748 321 791 359 A.
824 322 986 358 inseras:
1018 321 1118 371 (cum
1142 320 1252 357 litura
1282 323 1377 356 teste
1393 319 1590 367 Dfibnero,
1623 318 1691 354 sed

496 392 517 414 a
547 389 657 415 manu
682 377 863 427 vetusta.)
1752 410 1755 411 ⁷

467 432 518 473 14
546 446 568 470 a
595 433 620 470 f.
658 434 706 470 ad
733 432 822 470 Par.
854 433 898 473 A.
928 433 1068 470 addas:
1109 433 1173 483 (in
1201 445 1275 481 quo
1302 432 1507 469 secundum
1540 429 1693 468 Dfibne-

486 503 565 526 rum
605 486 655 540 δη
697 502 717 526 a
758 503 805 530 m.
845 503 900 540 pr.
944 490 1119 527 omissum
1159 489 1293 526 deinde
1330 488 1376 525 ab
1417 488 1546 525 eadem
1587 487 1694 524 addi-

495 551 572 583 tum
607 545 683 595 est)

410 602 447 649 b,
476 605 500 642 6
530 618 551 639 a
577 602 603 642 f.
636 602 774 640 addas:
806 601 844 638 ln
875 601 958 640 Par.
990 601 1035 642 A.
1067 601 1138 639 Dii.
1171 606 1229 639 est
1259 597 1376 641 οὕτω.

468 660 491 698 5
523 672 545 696 a
574 660 595 698 f.
624 663 712 709 post
743 655 869 708 φάθι)
910 659 1072 696 inseras:
1118 659 1176 696 Ita
1204 658 1289 696 Par.
1319 659 1363 698 A.
1397 655 1468 694 Dii.
1509 667 1531 693 a
1556 667 1606 695 m.
1634 667 1691 705 pr.

499 713 606 764 φαθὶ
634 715 734 752 idem
762 728 784 752 a
815 728 862 753 m.
894 727 970 753 sec.

193 769 439 820 l‘ag.408‚a‚
471 771 523 812 23
556 776 643 822 post
671 770 793 820 ἔστιν)
822 772 987 809 inseras:
1018 792 1071 798 —
1104 770 1208 810 ἐστὶν
1237 784 1258 808 a
1276 784 1322 807 m.
1345 783 1421 808 sec.
1445 767 1532 807 Par.
1555 767 1597 803 A.
1622 765 1693 804 Dii.

411 828 448 878 b,
476 830 500 866 9
532 828 670 865 addas:
696 828 818 864 Etiam
852 827 1007 866 Axioch.
1038 842 1075 877 Ρ
1096 828 1188 867 371.
1220 827 1263 864 Ε.
1296 827 1382 868 Par
1415 826 1457 862 A.
1482 825 1606 873 δῖψος
1629 823 1696 860 lna-

437 856 513 922 Bet.
572 884 650 920 Sed
678 888 801 921 tamen
833 884 935 934 διψα
966 885 1102 934 ubique
1129 888 1389 935 paroxytonon
1420 886 1488 919 est.

197 937 286 986 Pag-
301 936 394 985 410,
407 953 442 988 a,
472 941 569 977 inter
595 953 627 978 V.
649 943 673 980 6
694 945 731 977 et
748 941 799 979 7
791 953 953 978 mseras.
986 940 1028 980 ἐν
1048 937 1228 994 αὕτῇ)ἒν
1247 947 1312 970 -·-
1331 939 1433 991 αὕτη
1418 938 1530 974 P.ar
1549 937 1591 974 Α.
1616 936 1690 972 Du

409 996 446 1045 b,
479 998 529 1039 21
571 997 705 1034 addas:
756 996 855 1035 Tim.
896 1011 931 1047 Ρ.
964 998 1030 1037 37.
1063 997 1112 1033 Ε;
1153 995 1300 1049 ἡμέρας
1333 993 1406 1049 γαρ
1454 992 1521 1032 καὶ
1551 990 1698 1039 νύκτας

442 1053 509 1092 καὶ
548 1056 678 1104 μῆνας
717 1052 782 1092 καὶ
812 1051 1020 1101 ἐνιαυτοὺς
1046 1049 1122 1093 οὐκ
1153 1052 1271 1101 ὄντας
1302 1052 1398 1105 πρὶν
1430 1047 1606 1102 ου’ρανὸν
1636 1064 1695 1101 γε-

443 1109 587 1149 νέσθαι
615 1107 703 1149 τότε
734 1106 814 1160 ἅμα
844 1109 981 1164 ἐκείνῳ
1010 1110 1281 1162 ξυνισταμένω
1318 1107 1390 1161 τὴν
1429 1106 1582 1160 γένεσιν
1625 1102 1696 1144 αὕ-

445 1181 525 1205 των
554 1168 790 1217 μηχανᾶται

473 1224 509 1260 in
536 1223 609 1260 fine
637 1223 776 1260 addas:
805 1227 842 1260 et
870 1223 940 1260 hoc
969 1224 1053 1273 ipso
1082 1223 1176 1261 libro
1206 1237 1243 1273 Ρ.
1273 1221 1367 1262 436
1398 1221 1448 1257 Α;
1490 1216 1700 1271 μανθάνο-

500 1293 572 1329 μεν
610 1276 681 1329 μὲν
721 1277 860 1332 ἑτέρῳ,
902 1276 1150 1330 θυμούμεθα
1185 1277 1226 1318 δὲ
1265 1276 1368 1332 ἄλλῳ
1403 1293 1483 1316 των
1523 1276 1564 1316 ἒν
1591 1274 1698 1327 ἡμῖν.

499 1335 643 1372 Horum
672 1335 858 1372 locrorum
882 1337 1002 1386 primo
1033 1350 1120 1373 usus
1149 1341 1205 1375 est
1238 1336 1393 1372 Antiatt.
1418 1348 1454 1384 p
1482 1335 1549 1380 82,
1580 1333 1601 1370 1
1634 1329 1699 1371 ἅλ-

502 1395 569 1438 λος
612 1392 817 1428 observans
859 1391 922 1431 ἐπὶ
959 1396 1032 1432 τοῦ
1064 1391 1198 1444 ἑτέρου
1236 1392 1321 1432 dici.
1371 1391 1430 1429 Cf.
1473 1388 1640 1427 scholion
1679 1402 1699 1424 a

506 1447 682 1485 Bekkero
713 1449 880 1485 additum
911 1463 949 1499 p.
982 1448 1102 1488 1074.
1133 1454 1169 1486 et
1197 1449 1267 1485 lex.
1294 1460 1332 1498 p.
1362 1448 1461 1498 379,
1495 1448 1557 1486 12.

197 1505 441 1555 ΡὸἕᾸΙῙῷ,
472 1504 521 1544 11
550 1509 639 1554 post
664 1501 822 1544 κωλῦον
855 1509 890 1542 et
920 1506 974 1546 20
1003 1510 1092 1555 post
1122 1504 1240 1557 ἐγγίν.
1272 1505 1434 1541 inseras:
1461 1503 1545 1541 Par.
1564 1503 1607 1540 A.
1627 1500 1699 1537 Dii.

416 1560 454 1608 b,
490 1561 541 1599 14
573 1561 716 1598 addas:
745 1562 822 1598 Sed
856 1562 902 1598 ef.
934 1561 1018 1599 Vol.
1050 1560 1096 1601 ΙΙ.
1125 1576 1160 1612 Ρ.
1181 1562 1273 1603 291.
1304 1573 1359 1609 sq.
1388 1559 1591 1608 adscripta,
1622 1558 1701 1606 qui-

448 1616 516 1653 bus
548 1618 691 1654 addas:
725 1617 868 1654 Eodem
895 1619 1005 1655 modo
1035 1619 1133 1656 dicta
1160 1622 1248 1655 sunt
1277 1616 1338 1654 illa
1371 1615 1417 1656 L.
1443 1615 1504 1653 ΙΙΙ.
1536 1628 1574 1664 Ρ.
1608 1613 1702 1653 410.

448 1672 503 1709 C:
546 1671 600 1719 οἷς
632 1674 877 1713 διατίθενται
907 1696 961 1700 —-
997 1669 1085 1714 ὅσοι
1125 1670 1175 1713 ἂν
1205 1670 1440 1714 τούναντίον
1472 1672 1700 1710 διατεθῶσι.
1746 1691 1748 1694 >

446 1727 506 1764 Cf·
538 1728 623 1779 Leg
664 1728 710 1767 L
741 1730 802 1767 XI
839 1745 877 1780 p.
907 1729 1002 1772 924.
1043 1731 1098 1767 A:
1155 1747 1201 1770 τα
1244 1728 1287 1770 δὲ
1323 1727 1420 1768 ἄλλα
1459 1723 1704 1779 παραδιόους

445 1782 577 1824 πάντα
609 1788 661 1839 τῷ
700 1785 911 1837 ποιηθέντι
953 1783 1155 1838 α’μεμπτος
1193 1786 1310 1826 ι’λεων
1344 1783 1433 1825 υιὸν
1465 1799 1584 1823 αυτον
1615 1798 1703 1822 ποι-

447 1842 572 1881 είσθω
603 1840 676 1890 ξυν
707 1840 831 1911 νόμῳ.
864 1842 910 1881 L.
935 1844 1018 1881 VII.
1051 1858 1088 1894 p.
1109 1842 1204 1883 854.
1228 1842 1279 1880 Ι).
1312 1837 1360 1882 οὗ
1392 1838 1465 1894 γὰρ
1497 1839 1561 1880 ἐπὶ
1591 1841 1704 1907 κακῷ

445 1898 536 1949 δίκη
567 1899 739 1950 γίγνεται
766 1896 932 1950 οὐδεμία
962 1899 1155 1952 γενομένη
1185 1900 1316 1949 (vulgo
1342 1895 1576 1967 γιγνομένη)
1605 1912 1702 1936 κατα

450 1952 589 2006 νόμον.
617 1954 662 1992 L.
693 1956 816 1993 VIIII.
846 1970 884 2006 Ρ.
905 1957 998 1996 881.
1031 1956 1082 1993 C:
1116 1956 1158 1996 ἐν
1189 1951 1317 2009 ἆγορᾷ
1342 1953 1415 2006 μὲν
1443 1952 1493 1993 ὃῖν
1522 1954 1702 2006 γίγνηται

445 2026 487 2049 το
519 2007 743 2062 γενόμενον.
775 2011 829 2062 (v.
858 2010 1130 2064 γιγνόμενον.)

476 2069 527 2106 15
559 2081 579 2105 a
600 2068 625 2103 f.
657 2068 800 2105 addas:
834 2069 873 2105 ln
903 2069 988 2106 Par.
1011 2070 1053 2106 A.
1074 2068 1146 2105 Dii.
1168 2067 1323 2105 alterum
1354 2083 1375 2119 γ
1405 2081 1425 2105 a
1457 2080 1503 2105 m.
1537 2079 1611 2104 sec.
1646 2070 1703 2102 est

506 2125 543 2161 in
571 2125 683 2161 litura
713 2125 889 2174 positum.

479 2179 575 2217 inter
605 2194 638 2217 v.
671 2182 721 2220 11
753 2185 790 2217 et
826 2182 877 2221 10
906 2194 927 2218 a
956 2181 980 2219 f.
1011 2182 1176 2218 inseras:
1208 2180 1346 2234 πεινῇ)
1373 2179 1418 2219 πί
1442 2201 1488 2207 -
1520 2192 1541 2216 a
1564 2192 1609 2216 m
1643 2191 1700 2229 pr.
1746 2180 1748 2185 “

508 2237 593 2275 Par.
627 2237 671 2273 A.
704 2236 777 2274 Dii.

201 2294 292 2344 Pag.
306 2293 400 2342 412,
429 2307 462 2330 v.
492 2306 559 2343 pro
599 2291 692 2344 ἐγώ,
736 2292 828 2333 ποτὲ
869 2292 1012 2330 scribas
1051 2294 1161 2330 etiam
1197 2292 1401 2330 secundum
1441 2291 1526 2330 Par.
1560 2291 1604 2331 A
1629 2290 1703 2329 Dii.

448 2345 522 2401 ε’γω
553 2364 647 2388 ποτε

202 2407 291 2455 Pag.
305 2405 398 2453 413,
411 2420 444 2456 a,
476 2407 525 2445 19
565 2405 702 2442 addas:
742 2404 884 2442 Locum
923 2405 1045 2455 ipsum
1085 2400 1395 2455 ἅνδροκτονεΐον
1443 2405 1580 2442 dictum
1620 2417 1703 2441 esse

451 2463 562 2499 docet
592 2461 821 2517 Phrynichus
851 2460 973 2497 Bekk.
1004 2475 1040 2511 Ρ.
1075 2462 1198 2509 28,9
1203 2492 1210 2499 ,

481 2519 533 2557 13
560 2522 649 2567 post
679 2515 722 2556 δὲ
749 2518 799 2556 αὐ
827 2518 989 2554 inseras:
1017 2517 1102 2554 Par.
1136 2519 1180 2554 A.
1211 2516 1286 2556 Dii.

422 2575 459 2623 b,
489 2575 587 2611 inter
617 2586 653 2611 v.
686 2571 739 2613 14
768 2578 806 2611 et
839 2574 889 2614 13
918 2586 940 2610 a
970 2574 995 2612 f.
1023 2574 1185 2611 inseras:
1233 2570 1599 2625 παρακαλύπτοιτο)
1629 2588 1704 2611 που

452 2627 739 2682 ρακαλύτττοιτο
771 2637 838 2674 -ζ-
867 2652 932 2674 -,-
963 2629 1048 2670 Par.
1078 2631 1119 2667 A.
1154 2629 1227 2666 Dii.

204 2686 447 2738 Pag.4l4‚a‚
484 2688 531 2727 12
561 2700 582 2724 a
613 2687 638 2723 f.
666 2690 753 2736 post
784 2682 849 2726 αὖ.
880 2688 1044 2723 inseras:
1070 2686 1156 2723 Par.
1185 2685 1231 2726 A.
1258 2685 1332 2722 Dii.

204 2743 450 2794 Pag.415,a‚
481 2745 507 2782 7
540 2756 562 2780 a
585 2743 610 2778 f.
643 2744 780 2780 addas:
828 2743 869 2779 In
896 2743 980 2780 Par.
1011 2743 1056 2780 A.
1089 2741 1162 2779 Dii.
1199 2744 1348 2782 σαυτοῖι
1388 2745 1425 2778 et
1454 2753 1567 2791 snper
1605 2753 1626 2779 6
1655 2740 1701 2777 ab

450 2800 580 2837 eadem
610 2811 721 2837 manu
749 2798 767 2838 ἕ
796 2800 1037 2850 perexiguum
1058 2799 1239 2849 scriptum
1269 2803 1336 2837 est.
