1764 3176
182 94 236 135 68

183 209 263 258 Pag

186 716 265 764 Pag

187 998 266 1048 Pag

188 1112 266 1160 Pag

191 1337 269 1384 Pag

189 1564 267 1613 Pag

191 1959 269 2008 Pag

189 2126 270 2176 Pag

190 2238 268 2289 Pag

190 2406 279 2457 Pag.

192 2520 271 2569 Pag

268 237 276 245 .
304 209 372 257 68,
399 219 430 252 a,

401 319 438 367 b)

271 746 276 753 .
308 716 377 764 το,
405 715 439 763 ι»,

272 1030 278 1039 .
310 1000 377 1047 72,
404 1014 437 1047 a,

270 1138 278 1146 ·
306 1111 371 1155 74,
396 1124 430 1159 a,

274 1367 280 1375 .
313 1337 379 1384 75,
401 1350 435 1384 a,

407 1506 443 1553 b.

273 1595 279 1603 .
307 1565 376 1613 76,
405 1579 438 1609 a,

275 1988 281 1995 .
311 1959 378 2005 79,
401 1957 437 2004 b,

274 2158 282 2166 .
312 2127 379 2175 83,
408 2140 440 2172 a,

273 2269 280 2275 -
308 2240 376 2287 85,
405 2253 437 2286 a,

311 2408 378 2455 86,
401 2408 438 2456 b,

277 2550 284 2558 .
314 2522 381 2568 87,
402 2534 437 2569 a,

813 94 956 132 Volum.
985 93 1053 133 ῘΙῘ.

458 207 553 244 inter
583 218 617 247 v,
651 208 676 246 7
709 210 746 244 et
775 209 800 247 6
830 220 851 245 a
882 208 906 248 f.
936 208 1100 244 inseras:
1138 201 1395 256 Παντάπασι)
1429 227 1474 232 ——
1511 216 1573 245 σιν
1596 205 1682 245 Par.

461 263 506 301 A.
533 262 605 300 Dii.

459 320 484 359 3
513 332 535 356 a
566 319 590 355 f.
621 319 762 356 addas:
795 333 951 369 quorum
982 320 1027 357 ad
1057 319 1334 357 similitudinem
1357 322 1571 355 revocatum
1593 319 1682 355 satis

458 376 582 426 placet
611 375 723 423 illud,
754 377 854 424 quod
884 376 984 414 Tim.
1013 390 1048 427 p.
1079 379 1143 417 89.
1173 376 1217 412 A.
1249 379 1335 412 ante
1360 374 1575 412 Bekkernm
1606 375 1685 411 vul-

461 436 588 481 gatum
610 436 708 469 erat:
738 434 817 471 τῶν
846 428 882 471 δ’
916 427 969 472 αὖ
999 429 1195 484 κινήσεων
1225 430 1252 483 ἡ
1283 430 1325 471 ἐν
1351 426 1458 484 αὐτῷ
1489 427 1559 480 ὑφ’
1589 430 1684 469 ἔαυ-

461 492 533 528 τοῦ
557 485 698 538 ἆρίστη
726 489 904 538 κίνησις,
935 489 972 525 in
1001 502 1074 537 quo
1105 490 1300 527 Bekkerus
1329 501 1398 538 pro
1422 483 1531 541 αὐτῷ
1552 500 1685 524 secun-

462 546 549 582 dnm
580 544 663 582 Par.
697 546 737 581 A.
766 544 842 581 Pal.
875 545 917 581 A.
945 545 1029 582 vat.
1060 546 1106 585 K.
1138 546 1274 595 quibus
1303 545 1486 582 accedunt
1515 544 1612 582 Flor.
1639 543 1685 580 R.

463 606 500 638 ot
527 602 637 638 vind.
670 602 713 638 F.
743 602 893 652 scripsit
923 599 1068 655 ἑαυτῷ,
1097 603 1198 651 quod
1219 602 1306 639 item
1326 604 1470 639 rectum
1493 605 1563 641 est.
1607 600 1685 636 Sed

462 663 584 695 tamen
617 659 734 696 codex
764 659 926 708 optimus
955 658 1067 696 Vind.
1097 658 1143 694 Ο.
1176 662 1279 694 tenet
1306 653 1425 710 αὐτῷ.

468 716 518 754 16
551 715 664 752 citato
697 715 831 752 Photio
859 715 978 751 addas
1000 715 1286 751 Grammaticum
1308 728 1329 751 a
1347 714 1525 751 Cramero
1543 712 1686 752 Anced,

462 772 583 810 Oxon.
624 771 705 810 Vol.
741 772 766 808 Ι.
800 771 963 819 editum,
1002 772 1064 820 qui
1094 784 1131 821 p.
1164 769 1257 812 224.
1289 770 1484 807 Platonem
1517 770 1687 806 nomina-

462 829 525 865 tim
554 827 668 865 refert
698 828 795 865 inter
822 840 900 872 eos,
931 828 993 876 qui
1017 841 1084 878 pro
1106 829 1220 866 κλείω
1247 827 1403 863 dixerint
1424 822 1545 877 κλήω.
1586 825 1686 861 Idem

466 885 602 921 ibidem
624 884 769 921 Atticos
800 897 930 921 omnes
962 883 1161 935 κέκλειμαι
1187 880 1282 923 ἄνευ
1316 886 1387 923 τοῦ
1409 896 1431 923 σ
1461 884 1599 921 dixisse
1630 887 1688 918 te-

465 944 599 978 statur.

464 1000 482 1038 1
512 1002 600 1047 post
632 991 822 1049 οἷνδρείαν
851 1000 888 1033 et
919 998 941 1036 7
973 1001 1059 1047 post
1087 999 1190 1043 πῶςι
1231 1000 1267 1033 et
1300 996 1350 1035 16
1379 999 1467 1046 post
1497 997 1602 1032 etiam
1633 996 1688 1031 in—

464 1067 589 1091 seras:
620 1053 705 1091 Par.
738 1053 783 1090 A.
812 1052 887 1092 Dii.

458 1112 554 1147 inter
584 1122 617 1146 v.
647 1110 673 1149 3
712 1114 749 1146 et
782 1111 804 1150 2
842 1123 875 1149 a.
912 1108 939 1145 f.
978 1109 1142 1148 inseras:
1181 1107 1434 1162 ὑδροποτῶν)
1463 1132 1516 1137 -—
1545 1108 1607 1148 πω
1635 1130 1688 1135 -

462 1183 483 1205 a
509 1179 556 1203 m.
587 1179 663 1206 sec.
694 1166 781 1205 Par.
812 1167 856 1203 A.
886 1164 962 1205 Dii.

466 1224 530 1264 ult.
558 1223 696 1260 addas:
730 1221 823 1259 Post
847 1217 982 1273 οἷργῶν
1006 1222 1043 1258 in
1070 1221 1155 1263 Par,
1183 1223 1226 1263 A.
1252 1221 1327 1260 Dii.
1359 1221 1555 1272 quinquies
1587 1221 1690 1258 dein-

463 1293 552 1330 ceps
582 1280 746 1329 positum
772 1283 829 1316 est
858 1286 924 1322 -ζ-

463 1339 487 1377 6
519 1349 541 1373 a
572 1335 596 1373 f.
629 1336 766 1373 addas:
796 1342 863 1379 -ζ-
895 1330 957 1374 αὖ.
989 1333 1075 1374 Par.
1109 1335 1153 1371 A.
1180 1334 1252 1371 Dii.

464 1394 489 1434 4
519 1407 540 1430 a
570 1392 594 1429 f.
621 1397 709 1442 post
738 1386 854 1438 οὗτος
884 1393 1046 1429 inseras:
1078 1389 1165 1430 Par.
1196 1392 1240 1428 A.
1276 1390 1349 1428 Dii.
1380 1390 1467 1441 (sed
1497 1412 1553 1418 —-—
1584 1405 1626 1437 ος
1654 1390 1688 1426 in

464 1449 573 1486 utura

466 1507 490 1545 6
516 1449 604 1556 μοέῐ
640 1502 746 1541 Vincl.
780 1502 827 1540 Β.
861 1504 1026 1541 inseras:
1059 1501 1140 1541 Par.
1173 1505 1216 1542 A.
1248 1502 1323 1544 Dii,

461 1564 513 1602 27
542 1562 660 1599 addas
698 1559 795 1610 Leg.
826 1559 871 1598 L.
904 1560 949 1601 Χ,
988 1574 1025 1610 p.
1055 1561 1136 1600 896
1163 1560 1207 1596 B.
1239 1559 1300 1597 ubi
1325 1573 1394 1610 pro
1431 1557 1623 1611 γενομένη
1648 1571 1691 1609 γε

464 1614 607 1670 ἀρχικὴ
640 1613 838 1667 κινήσεως
877 1616 913 1653 in
954 1617 1177 1665 quibusdam
1207 1616 1311 1653 libris
1345 1619 1516 1665 φανεῖσα
1542 1615 1691 1664 legitur,

467 1677 568 1724 quod
599 1687 620 1712 a
654 1673 922 1711 Turicensibus
952 1678 1141 1723 receptum
1170 1685 1304 1710 vereor
1334 1686 1382 1711 ne
1414 1673 1602 1721 glossema
1631 1671 1691 1707 sit.

466 1732 520 1769 Ab
558 1731 688 1769 eadem
718 1730 820 1767 verbi
850 1730 1060 1782 γίγνεσθαι
1088 1730 1364 1777 significatione
1396 1730 1559 1779 petenda
1587 1728 1690 1764 vide-

464 1793 524 1825 tur
562 1788 721 1825 nominis
760 1787 1022 1836 interpretatio
1063 1785 1164 1823 Tim.
1203 1800 1242 1836 p.
1282 1784 1349 1826 42.
1393 1785 1441 1822 C:
1480 1782 1577 1824 κατοὲ
1617 1781 1691 1834 τήν

464 1840 673 1894 ὁμοιότητα
701 1845 773 1894 τῆς
798 1845 874 1882 τοῦ
902 1840 1053 1894 τρόπου
1080 1840 1269 1895 γενέσεως
1305 1841 1360 1888 εἴς
1387 1857 1475 1880 τινα
1503 1837 1691 1891 τοιαύτην

465 1897 528 1940 οἷεὶ
559 1900 779 1952 μεταβαλοῖ
806 1895 976 1951 θήρειον
1006 1899 1099 1950 (non
1129 1898 1297 1951 θηρίου)
1332 1895 1472 1948 φύσιν.

463 1958 559 1994 inter
588 1970 623 1996 v.
655 1958 680 1996 8
711 1960 747 1993 et
774 1957 798 1995 9
828 1956 997 1993 inseras:
1037 1952 1345 2006 ἐθελοδούλους)
1372 1977 1428 1982 —
1458 1951 1570 2001 δόλος
1597 1968 1618 1992 a
1643 1967 1691 1994 m.

465 2028 521 2064 pr.
554 2013 640 2051 Par.
669 2013 712 2051 A.
744 2011 816 2050 Dii.

465 2074 554 2120 post
580 2083 615 2107 v.
647 2069 711 2106 ult.
741 2069 881 2106 addas:
913 2067 1094 2121 λέγομεν)
1121 2089 1174 2093 —-
1194 2082 1216 2106 v
1245 2067 1280 2104 in
1310 2066 1420 2105 litura
1438 2067 1522 2105 Par.
1550 2067 1593 2106 A.
1615 2066 1690 2103 Dii.

463 2128 558 2164 inter
588 2139 623 2163 v.
647 2126 697 2165 13
725 2128 763 2162 et
799 2126 845 2165 12
875 2137 897 2161 a
922 2125 949 2164 f.
982 2125 1148 2162 inseras:
1180 2121 1394 2175 ἐξίστηται)
1423 2139 1444 2162 a
1464 2137 1511 2164 m.
1538 2137 1595 2174 pr.
1617 2123 1691 2171 ἐξι-

461 2186 597 2234 στῆται
624 2195 644 2219 a
676 2195 722 2223 m.
754 2195 829 2220 sec.
863 2181 948 2220 Par.
980 2180 1023 2218 A.
1056 2180 1129 2218 Dij.

461 2242 511 2281 22
544 2240 681 2277 addas:
711 2239 796 2276 item
817 2236 863 2278 L.
893 2237 956 2276 ΙΙΙ.
989 2251 1024 2287 p.
1047 2238 1142 2277 698.
1171 2237 1219 2273 C:
1250 2235 1317 2276 καὶ
1341 2233 1407 2276 διοέ
1423 2233 1554 2276 πάντα
1573 2230 1692 2276 ταῦθ’

465 2295 564 2347 ἡμῖν
605 2294 790 2343 ξυνέπεσε
831 2290 932 2346 πρός
963 2291 1069 2344 ἡμᾶς
1096 2287 1245 2340 αὐτούς
1269 2289 1422 2346 σφόδρα
1450 2293 1576 2343 φιλία.
1637 2292 1691 2330 [ta

465 2355 561 2389 enim
592 2353 764 2396 codices,
798 2363 871 2388 non
902 2346 1073 2401 σφοδρά.

467 2410 518 2448 10
547 2409 710 2445 inseras:
741 2407 870 2456 Itaque
903 2406 1054 2444 Axioch.
1083 2420 1120 2456 p.
1141 2408 1239 2446 371.
1262 2405 1318 2443 D:
1348 2405 1558 2458 ἐγγίνεται,
1588 2406 1690 2455 quod

464 2464 662 2501 Bekkerus
691 2464 802 2501 tacite
830 2464 1000 2509 mutavit,
1026 2464 1297 2500 restituendum
1328 2464 1485 2500 videtur.

463 2533 548 2571 pen.
577 2521 719 2560 addas:
750 2519 808 2556 De
835 2519 920 2556 Par.
955 2518 1116 2563 A.,›nihil
1145 2519 1320 2570 ampliuS‚
1350 2531 1458 2569 quam
1482 2518 1690 2565 Bekkerus,

465 2593 485 2616 τ
515 2591 535 2613 a
560 2590 607 2617 m.
638 2590 695 2627 pr.
727 2576 763 2613 in
790 2588 834 2613 eo
865 2575 978 2613 fuisse
998 2576 1109 2612 docet
1129 2573 1345 2614 Diibnerus.
1381 2578 1690 2626 Μελιττουργοΐς

465 2634 575 2670 etiam
605 2632 700 2682 Leg.
731 2632 776 2670 L.
808 2632 911 2670 VIII.
942 2646 980 2683 p.
1006 2629 1098 2672 842,
1130 2631 1177 2673 D,
1208 2632 1317 2681 vulgo
1345 2635 1382 2669 et
1409 2632 1445 2669 in
1477 2631 1585 2670 MSS.
1610 2631 1689 2680 ple-

465 2690 590 2738 risque
621 2689 773 2737 legiturz
803 2693 946 2726 tantum
972 2701 1017 2726 ex
1047 2689 1140 2736 Ang.
1172 2687 1214 2726 B.
1245 2693 1282 2725 et
1306 2688 1389 2725 Ric.
1416 2687 1457 2724 Β.
1481 2687 1689 2736 BekkeruS,

467 2758 511 2781 ox
543 2744 644 2785 Flor.
673 2745 733 2784 W.
763 2745 1026 2782 Stallbaumius
1057 2747 1324 2795 μελιτουργοῖς
1355 2744 1531 2784 referunt,

408 2801 445 2849 b,
468 2803 517 2841 21
549 2806 633 2850 post
664 2800 749 2843 Par,
782 2800 829 2839 A.
856 2803 1020 2839 inseras:
1054 2799 1143 2850 (sed
1174 2805 1250 2840 εσθ
1276 2802 1312 2838 in
1343 2801 1453 2838 litura
1475 2796 1573 2848 Dii.)
