1764 3176
144 2170 213 2205 592

253 154 337 193 183

251 258 468 304 ἀναλώσει
505 261 581 317 τῆς
619 259 771 312 οὐσίας
809 261 1007 306 καθόσον
1048 261 1104 304 ἂν
1144 258 1236 312 οἷός
1271 259 1313 303 τ’
1345 255 1386 318 ᾗ.

706 149 1179 192 PLATONIS

1453 260 1630 317 Κομιδῇ

250 329 329 384 μὲν
360 323 463 381 οὖν,
495 329 592 386 ἔφη.
650 328 774 372 ’And
804 329 890 387 μὴν
919 331 993 374 καὶ
1022 327 1147 385 τιμάς
1175 345 1223 385 γε
1254 330 1312 380 εἰς
1340 326 1501 372 ταύτόν
1523 326 1630 371 ἀπο-

156 400 225 437 592
249 397 431 453 βλέπων,
464 400 553 439 τῶν
582 396 660 452 μὲν
688 397 856 453 μεθέξει
885 399 958 441 καὶ
987 397 1186 452 γεύσεται
1215 395 1342 449 ἑκών,
1367 395 1417 448 ἃς
1447 396 1502 440 ἄν
1524 396 1630 452 ἡγῆ-

248 482 319 508 ται
350 464 511 521 οἷμείνω
543 463 680 508 αὑτὸν
707 465 926 522 ποιήσειν,

245 546 414 589 χουσαν
455 532 562 585 ε’ξιν,
606 532 810 589 φεύξεται
860 537 950 591 ἰδίᾳ
989 535 1063 578 καὶ
1111 534 1309 591 δημοσίᾳ.

958 466 1008 517 (ἲς
1041 466 1085 509 δ’
1117 465 1171 509 ἂν
1200 464 1351 509 λύσειν
1383 464 1463 521 τήν
1492 464 1645 517 ὑπάρ-’

1393 532 1486 576 Οὐκ
1526 533 1625 586 ἄρα,

245 603 352 658 ε’φη,
387 602 439 645 τά
473 619 520 659 γε
549 601 750 646 πολιτικὰ
782 601 981 659 ἐθελήσει
1010 600 1236 656 πράττειν,
1275 601 1434 654 ἐάνπερ
1463 600 1627 644 τούτου

242 669 437 727 κήδηται.

498 669 570 725 Νὴ
610 669 690 712 τόν
727 667 878 720 κύνα..
903 672 960 725 ἦν
997 667 1040 713 δ’
1073 668 1181 724 ἐγώ,
1223 669 1269 712 ἓν
1307 685 1354 724 γε
1383 686 1435 725 τη
1468 668 1627 712 ἑαυτοῦ

243 738 369 783 πόλει
398 739 473 782 καὶ
503 737 644 794 μαλα,
677 736 730 782 οὐ
762 738 912 794 μέντοι
940 740 1045 789 ἴσως
1076 738 1123 780 ἓν
1151 753 1198 793 γε
1238 754 1290 794 τη
1321 737 1518 791 πατρίδι,
1551 735 1629 779 ἐὰν

293 873 372 914 οἷός
395 872 434 909 τ’
458 868 512 930 ῄ]
531 873 611 914 οἷός
630 887 668 908 τε
691 875 809 909 Iambl.

291 921 437 966 Κομιδῇ
475 933 541 964 μεν
573 921 660 964 ου’ν,
696 920 800 966 ἔφη.]
836 933 902 954 om.

244 967 318 1002 Pal.
343 969 383 1000 A.
417 968 536 1002 Iambl.
570 967 726 1011 κομιδῆ,
761 980 780 1000 e
814 979 903 1001 coir.

243 1011 400 1056 κομιδὴ,
437 1017 502 1048 etc.
537 1013 637 1049 Vind.
671 1014 715 1048 F.
757 1013 902 1057 Κομιδῆ

243 1064 309 1092 etc.
336 1039 411 1093 Α1(1.
433 1059 513 1093 Bas.
540 1060 595 1093 ab.
621 1060 740 1104 steph.

289 1103 398 1148 τιμάς
412 1106 476 1158 mys]
504 1106 611 1148 τιμᾶς
627 1117 665 1149 γε
683 1096 805 1140 iambl.
829 1105 903 1138 cod.

242 1151 322 1185 Par.
338 1151 449 1194 τιμᾶς
466 1163 505 1184 τε
529 1152 582 1185 ed.
601 1154 680 1185 Arc
707 1152 797 1196 quod
817 1152 904 1184 Sca-

238 1197 349 1241 liger,
404 1197 577 1231 immemor
624 1197 689 1230 loci
736 1197 902 1231 Platonici

242 1243 358 1288 (quem
382 1255 425 1276 ne
450 1243 677 1298 Kiesslingius
701 1243 850 1299 quidem
851 1244 903 1288 ul:

239 1294 297 1322 tra
331 1289 392 1322 illa
425 1286 595 1323 καθόσον
622 1285 670 1322 οὶν
707 1286 788 1328 οἰός
813 1286 850 1322 τ’
877 1289 899 1334 ῄ

239 1335 421 1368 Iamblicho
457 1336 675 1368 obversatum
709 1336 752 1368 ab
793 1347 901 1379 eoque

236 1385 436 1425 usurpatum
459 1382 652 1436 statuebat)
676 1380 710 1413 in
728 1381 844 1423 τιμῶν
863 1392 902 1414 τε

237 1427 363 1460 mutaii
385 1426 499 1460 iussit.
532 1425 642 1470 τιμὰς
666 1427 813 1471 sciiptor
836 1438 903 1460 non

236 1476 307 1506 tam
341 1470 537 1516 φεύξεται,
580 1476 619 1506 ut
659 1473 903 1506 Stallbaumius

236 1522 349 1563 putat,
373 1531 474 1564 quam
498 1519 654 1552 diversae
678 1519 731 1562 sig
713 1519 904 1552 unificatio-

236 1564 290 1598 nis
325 1566 466 1598 verbum
502 1565 659 1609 aliquod,
693 1545 817 1606 διώξει
849 1565 903 1598 vel

235 1609 393 1653 μέτεισι,
417 1612 451 1645 in
476 1615 589 1644 mente
617 1611 745 1644 habens
770 1611 903 1654 posuis-

236 1668 276 1691 se
300 1657 455 1699 videtur,
481 1657 575 1690 cuius
601 1656 724 1690 deinde
748 1657 821 1690 loco
841 1668 902 1700 με·

235 1700 341 1744 ’θέξει
359 1702 422 1736 καὶ
438 1701 607 1746 γεύσεται
625 1703 741 1736 dicens
761 1714 903 1736 accusa-

234 1748 343 1782 tivum
375 1746 638 1783 ἀνακόλουθον
671 1760 729 1782 seu
763 1749 902 1782 absolu-

235 1800 307 1828 tum
340 1795 490 1837 reliquit.
545 1795 708 1828 Similiter
740 1795 831 1828 Tim.
864 1807 898 1839 p.

237 1842 293 1875 37.
319 1841 367 1874 D.
403 1839 544 1884 ἡμερας
575 1853 645 1884 γαρ
674 1839 736 1874 καὶ
763 1839 902 1880 νύκτας

237 1885 301 1921 καὶ
320 1887 441 1930 μῆνας
453 1886 516 1920 καὶ
536 1884 729 1926 ἐνιαυτούς
751 1884 819 1920 ούκ
839 1882 900 1920 ὄν-

236 1945 304 1972 τας
320 1932 409 1989 πρὶν
426 1930 590 1976 οὐρανὸν
607 1930 792 1976 γενέσθαι,
815 1930 900 1966 τότε

238 1975 317 2022 ἅμα
336 1976 460 2034 ἐκείνῳ
469 1977 729 2032 „sgvvtotocus'vcp
747 1978 817 2022 τὴν
842 1976 899 2022 γε’-

237 2035 337 2059 νεσιν
382 2023 508 2059 αὐτῶν
552 2026 774 2068 μηχανᾶται.
843 2025 898 2057 Cf.

237 2071 406 2106 Matthiae
426 2083 566 2115 gramm.
586 2083 620 2115 p.
638 2073 718 2106 789.
737 2076 773 2105 et
791 2072 899 2105 Bem—

236 2118 347 2161 hardy
371 2124 461 2161 synt.
486 2130 520 2163 p.
539 2119 619 2152 303.

281 2163 345 2197 καὶ
362 2162 543 2208 γεύσεται]
570 2176 635 2198 om.
660 2164 776 2198 Iambl.

283 2207 390 2265 ἑκών]
418 2223 485 2244 om.
511 2211 581 2244 [⁴10.

233 2253 439 2337 ταᾷγρᾶτηαῶ]
461 2252 598 2301 ἥγηται
621 2256 722 2292 Vind.
747 2255 788 2289 F.
819 2256 897 2299 οιη-

279 2345 430 2403 ἀμείνω]
459 2346 619 2405 ἀμείνων
643 2348 730 2382 Lob.
757 2348 835 2380 Vat.
846 2347 896 2382 M.

233 2390 399 2474 ΜῖῐιυτΒν
413 2397 534 2474 iaciiibl.
543 2395 634 2476 Lc‘bld.
656 2394 765 2475 {jad
758 2394 896 2474 ethg.

234 2483 355 2541 αὐτὴν
383 2487 434 2520 ed.
459 2488 537 2521 Arc.

279 2527 326 2571 ἃς
345 2530 384 2565 δ’
410 2528 456 2566 ἂν
476 2553 523 2558 --
551 2533 572 2566 δ
574 2532 740 2591 ημοσίᾳ.]
765 2530 834 2571 τὰς
854 2528 893 2565 δε

232 2576 408 2635 φεύξεται
438 2578 518 2624 ἰδία
542 2592 604 2613 και
642 2569 821 2624 δημοσία,
849 2573 895 2616 ἃς

233 2637 282 2658 αν
317 2637 454 2680 ηγηται
494 2614 657 2679 (ἡγεῖται
690 2625 762 2658 οο(1.
802 2624 892 2667 Ciz.)

231 2668 354 2704 λύσειν
398 2668 468 2715 τὴν
511 2667 763 2725 ’ὑπάρχουσαν
808 2668 894 2712 εξιν.

232 2716 351 2751 Iambl.
384 2717 452 2751 Pro
476 2714 597 2750 λύσειν
622 2717 655 2750 in
680 2717 765 2750 Lob.
790 2714 893 2750 λύσιν

231 2766 293 2797 est.

283 2805 363 2844 Οὐκ
383 2804 472 2853 ἄρα,
493 2805 577 2853 ἔφη,
598 2805 645 2842 τά
666 2820 704 2851 ’γε
722 2806 892 2842 πολιτικὰ

963 872 1074 918 ε’ήθελ
1079 885 1115 908 σε
1116 874 1154 930 ι]
1185 873 1248 907 καὶ
1283 869 1351 907 οὐκ
1380 869 1549 926 ἐθελήσει
1578 869 1627 904 τὰ

961 887 1131 954 πολιτικὰ
1176 920 1248 954 Pal.
1285 920 1327 954 A.
1374 915 1521 962 ον’κοὶρα
1559 923 1625 950 etc.

963 968 1055 1001 Mon.
1080 967 1120 1000 Β.

1007 1010 1159 1055 τούτου]
1185 1011 1299 1045 τοῦτο
1326 1010 1427 1043 Vind.
1451 1011 1492 1044 Β.

1007 1056 1177 1102 κήδηται.
1191 1059 1202 1101 ]
1262 1053 1453 1100 κηδηταις
1503 1056 1625 1100 Steph.

962 1105 1072 1137 Bekk.
1098 1104 1221 1137 Stallb.
1252 1114 1305 1147 pr.
1331 1103 1384 1136 cui
1408 1102 1532 1136 rationi
1563 1102 1627 1135 hoc

960 1150 1098 1194 ipsum
1089 1150 1365 1191 additamentum,
1384 1146 1520 1192 ἐάνπερ
1539 1145 1625 1182 τού-

960 1208 1028 1229 του
1062 1194 1240 1240 κήδηται,
1276 1198 1311 1228 et
1341 1195 1524 1240 primmum
1548 1206 1625 1227 ver-

960 1243 1076 1275 borum
1102 1241 1324 1275 conformatio
1352 1244 1387 1274 et
1406 1241 1494 1286 quod
1512 1240 1625 1273 subito

959 1288 1075 1332 potius
1108 1288 1222 1321 oblata
1246 1286 1415 1321 Glauconi
1448 1286 1624 1330 cogitatio,

959 1345 1061 1377 quam
1085 1335 1249 1367 meditata
1279 1333 1448 1367 sententia
1473 1338 1544 1374 est,
1567 1343 1624 1366 re-

958 1380 1090 1423 fragari
1113 1380 1258 1413 videtur.

1006 1424 1067 1470 Νὴ
1098 1423 1164 1460 τὸν
1191 1445 1237 1450 -
1261 1424 1436 1469 πατρίδι]
1462 1436 1526 1460 om.
1550 1423 1625 1459 Pal.

1004 1514 1115 1561 κύνα]
1142 1516 1206 1550 δία
1227 1516 1314 1550 Lob.
1337 1515 1441 1552 Vind.
1463 1516 1504 1549 F.
1529 1515 1623 1549 Mon.

959 1564 1001 1598 B.
1035 1565 1116 1599 Vat.
1142 1562 1222 1597 ΒΜ.
1257 1563 1342 1596 Ven.
1371 1563 1411 1595 C.
1437 1562 1518 1596 Par.
1545 1561 1623 1594 DK.

959 1610 1052 1644 Flor.
1070 1609 1148 1643 RU.
1171 1606 1269 1643 κύνα
1290 1608 1355 1642 δία
1375 1609 1461 1652 Ang.
1481 1608 1520 1642 B.

1007 1653 1045 1689 ἐν
1077 1657 1137 1700 γε]
1183 1653 1221 1688 ἐν
1251 1665 1291 1688 τε
1329 1655 1409 1690 Par.
1440 1655 1515 1688 DK.

959 1702 1069 1736 Bekk.
1094 1703 1155 1735 sed
1179 1703 1216 1735 in
1238 1701 1315 1734 Fic.

1004 1747 1068 1782 καὶ
1098 1745 1225 1791 μαλα,]
1246 1760 1256 1780 .·
1290 1745 1353 1780 καὶ
1382 1744 1494 1790 μάλα.
1520 1746 1619 1782 Vind.

959 1794 1022 1827 E.:
1048 1794 1111 1827 καὶ
1131 1791 1249 1837 μάλαε
1273 1793 1373 1827 Vind.
1393 1794 1437 1828 F.

1005 1837 1087 1884 ἐὰν]
1116 1840 1150 1873 εἰ
1167 1840 1239 1873 Pal.
1258 1839 1299 1874 A.

1002 1887 1098 1929 νῦν]
1139 1884 1183 1929 δὴ
1220 1886 1299 1919 Par.
1335 1885 1412 1919 DK.
1453 1884 1546 1918 Mon.
1579 1886 1619 1920 B.

956 1932 1026 1965 νῦν
1053 1931 1097 1976 δὴ
1123 1932 1321 1973 Bekkerus,
1344 1932 1390 1964 As
1394 1931 1459 1964 tius
1482 1931 1515 1963 in
1539 1936 1620 1965 tert.

957 1983 991 2010 et
1015 1978 1267 2018 δίε-1Ι1113111111115,
1296 1978 1352 2022 qui
1376 1977 1411 2010 in
1440 1988 1491 2020 pr.
1516 1977 1619 2010 fidem

955 2024 1051 2057 Flor.
1077 2024 1121 2057 U.
1155 2027 1300 2056 testatus
1323 2024 1358 2056 in
1382 2020 1451 2057 'sec.
1476 2019 1521 2066 δή
1550 2035 1618 2064 „ex

956 2070 1034 2103 Par.
1059 2070 1134 2104 DK.
1167 2069 1259 2102 Mon.
1283 2070 1323 2102 B.
1357 2069 1452 2102 Flor.
1477 2069 1521 2102 U.
1556 2081 1619 2102 nu-

955 2127 1018 2160 per
1042 2115 1411 2159 a‹lditum“pe1bibet.
1454 2115 1550 2148 Nihil
1575 2127 1616 2149 eo

957 2173 1041 2206 opus
1066 2172 1141 2194 esse
1164 2160 1230 2194 loci
1254 2161 1406 2194 Platonis
1430 2161 1506 2197 Vol.
1531 2161 1558 2196 Ι.
1581 2173 1614 2205 p.

955 2208 1037 2249 318,
1056 2209 1089 2241 b.
1116 2207 1300 2250 significati
1324 2208 1466 2241 docent.v

1001 2251 1120 2297 πόλει]
1146 2251 1255 2286 πόλιν
1280 2255 1364 2297 Aug.
1389 2254 1430 2286 B.

1002 2297 1103 2342 ἐπεὶ]
1138 2297 1199 2333 ἐπὶ
1233 2300 1310 2333 vat.
1338 2301 1379 2355 Β.
1425 2300 1524 2334 Vind.
1575 2301 1613 2333 F.

955 2346 1040 2390 Ang.
1075 2347 1113 2379 B.
1147 2346 1225 2378 Bas.
1264 2347 1318 2379 ab.
1353 2342 1411 2378 ἐπι
1445 2346 1543 2379 Vind.
1570 2347 1614 2380 Ε.

955 2392 1085 2446 „Legit
1124 2397 1159 2425 et
1191 2391 1331 2425 Ficinus
1367 2389 1429 2424 ἐπὶ
1468 2393 1535 2435 γῆς
1574 2390 1614 2426 δὲ

955 2435 1036 2471 ον’δ.
1061 2438 1122 2471 sed
1145 2437 1318 2481 eleganter
1340 2438 1491 2492 iungitur
1509 2439 1615 2483 genit.

953 2485 1020 2527 γῆς
1049 2496 1122 2517 cum
1147 2484 1286 2518 adverb.
1312 2480 1505 2526 ουδαμοῦ,
1530 2484 1613 2518 reti—

953 2530 1063 2563 nendo
1094 2527 1172 2563 ἐπεὶ
1201 2536 1236 2562 et
1258 2532 1336 2573 ye“.
1362 2531 1483 2574 Steph.
1509 2531 1543 2564 in
1567 2542 1610 2563 111.

951 2588 1040 2621 quae
1062 2582 1094 2610 ct
1114 2578 1150 2609 in
1169 2577 1280 2610 verbis
1300 2582 1353 2610 est
1368 2577 1551 2616 duntaxat,
1576 2578 1613 2609 in

950 2624 1054 2656 terris
1080 2634 1158 2656 vero
1184 2634 1366 2666 nusquam,
1391 2628 1429 2656 ut
1452 2624 1611 2656 arbitror.

948 2669 1022 2702 Fic.
1049 2681 1138 2713 quae
1165 2670 1276 2702 verbis
1298 2671 1426 2709 solum,
1447 2670 1484 2702 in
1511 2670 1612 2703 terris

949 2727 1030 2749 vero
1051 2727 1232 2759 nusquam,
1253 2721 1291 2749 ut
1310 2716 1471 2758 arbitror,
1487 2720 1609 2750 exstat.

952 2763 1064 2803 Gryn.

997 2804 1113 2852 οἶμαι]
1139 2819 1204 2842 om.
1229 2807 1306 2841 Par.
1333 2807 1376 2840 K.

1554 1665 1623 1688 sec·
