<?xml version="1.0" encoding="UTF-8"?>
<!DOCTYPE html PUBLIC "-//W3C//DTD XHTML 1.0 Transitional//EN"
    "http://www.w3.org/TR/xhtml1/DTD/xhtml1-transitional.dtd">
<html xmlns="http://www.w3.org/1999/xhtml" xml:lang="en" lang="en">
 <head>
  <title>
</title>
<meta http-equiv="Content-Type" content="text/html;charset=utf-8" />
  <meta name='ocr-system' content='tesseract 3.04.00' />
  <meta name='ocr-capabilities' content='ocr_page ocr_carea ocr_par ocr_line ocrx_word'/>
</head>
<body>
  <div class='ocr_page' id='page_1' title='image "./operagraecerecen01platuoft_0257.png"; bbox 0 0 1764 3176; ppageno 0'>
   <div class='ocr_carea' id='block_1_1' title="bbox 469 201 1238 246">
    <p class='ocr_par' dir='ltr' id='par_1_1' title="bbox 469 201 1238 246">
     <span class='ocr_line' id='line_1_1' title="bbox 469 201 1238 246; baseline -0.007 0"><span class='ocrx_word' id='word_1_1' title='bbox 469 203 600 246; x_wconf 86' lang='lat' dir='ltr'>CIV</span> <span class='ocrx_word' id='word_1_2' title='bbox 617 203 637 244; x_wconf 93' lang='lat' dir='ltr'>I</span> <span class='ocrx_word' id='word_1_3' title='bbox 660 202 696 244; x_wconf 90' lang='lat' dir='ltr'>T</span> <span class='ocrx_word' id='word_1_4' title='bbox 719 204 752 245; x_wconf 89' lang='lat' dir='ltr'><strong>A</strong></span> <span class='ocrx_word' id='word_1_5' title='bbox 773 202 802 244; x_wconf 92' lang='lat' dir='ltr'>S</span> <span class='ocrx_word' id='word_1_6' title='bbox 844 202 966 244; x_wconf 91' lang='lat' dir='ltr'>LIB.</span> <span class='ocrx_word' id='word_1_7' title='bbox 1007 201 1141 244; x_wconf 87' lang='lat' dir='ltr'>VIIII.</span> <span class='ocrx_word' id='word_1_8' title='bbox 1172 206 1238 241; x_wconf 84' lang='lat'>573</span> 
     </span>
    </p>
   </div>
   <div class='ocr_carea' id='block_1_2' title="bbox 1463 204 1545 243">
    <p class='ocr_par' dir='ltr' id='par_1_2' title="bbox 1463 204 1545 243">
     <span class='ocr_line' id='line_1_2' title="bbox 1463 204 1545 243; baseline 0.012 -1"><span class='ocrx_word' id='word_1_9' title='bbox 1463 204 1545 243; x_wconf 74' lang='lat'>117</span> 
     </span>
    </p>
   </div>
   <div class='ocr_carea' id='block_1_3' title="bbox 164 310 1545 438">
    <p class='ocr_par' dir='ltr' id='par_1_3' title="bbox 164 310 1545 438">
     <span class='ocr_line' id='line_1_3' title="bbox 164 310 1545 370; baseline -0.002 -13"><span class='ocrx_word' id='word_1_10' title='bbox 164 315 252 358; x_wconf 87' lang='grc' dir='ltr'>Καὶ</span> <span class='ocrx_word' id='word_1_11' title='bbox 284 313 371 369; x_wconf 85' lang='grc' dir='ltr'><em>μὴν</em></span> <span class='ocrx_word' id='word_1_12' title='bbox 410 313 434 357; x_wconf 81' lang='grc' dir='ltr'>ὅ</span> <span class='ocrx_word' id='word_1_13' title='bbox 467 329 514 368; x_wconf 75' lang='grc' dir='ltr'>γε</span> <span class='ocrx_word' id='word_1_14' title='bbox 555 312 820 369; x_wconf 82' lang='grc' dir='ltr'><strong><em>μαινόμενος</em></strong></span> <span class='ocrx_word' id='word_1_15' title='bbox 858 315 932 356; x_wconf 86' lang='grc' dir='ltr'>καὶ</span> <span class='ocrx_word' id='word_1_16' title='bbox 960 311 1288 370; x_wconf 76' lang='grc' dir='ltr'><em>ὑποκεκινηκιὸς</em></span> <span class='ocrx_word' id='word_1_17' title='bbox 1319 310 1373 356; x_wconf 83' lang='grc' dir='ltr'>οὗ</span> <span class='ocrx_word' id='word_1_18' title='bbox 1405 311 1545 366; x_wconf 87' lang='grc' dir='ltr'><em>μόνον</em></span> 
     </span>
     <span class='ocr_line' id='line_1_4' title="bbox 164 379 1545 438; baseline -0.003 -12"><span class='ocrx_word' id='word_1_19' title='bbox 164 380 432 436; x_wconf 78' lang='grc' dir='ltr'><em>ἀνθρώπων,</em></span> <span class='ocrx_word' id='word_1_20' title='bbox 467 379 575 424; x_wconf 79' lang='grc' dir='ltr'><em>ἀλλὰ</em></span> <span class='ocrx_word' id='word_1_21' title='bbox 613 381 687 424; x_wconf 85' lang='grc' dir='ltr'>καὶ</span> <span class='ocrx_word' id='word_1_22' title='bbox 725 384 844 425; x_wconf 80' lang='grc' dir='ltr'><em>θεῶν</em></span> <span class='ocrx_word' id='word_1_23' title='bbox 873 381 1077 438; x_wconf 81' lang='grc' dir='ltr'><em>ἐπιχειρεῖ</em></span> <span class='ocrx_word' id='word_1_24' title='bbox 1111 397 1154 425; x_wconf 84' lang='grc' dir='ltr'>τε</span> <span class='ocrx_word' id='word_1_25' title='bbox 1185 382 1257 424; x_wconf 86' lang='grc' dir='ltr'>καὶ</span> <span class='ocrx_word' id='word_1_26' title='bbox 1287 380 1443 432; x_wconf 78' lang='grc' dir='ltr'><strong><em>ἐλπίζει</em></strong></span> <span class='ocrx_word' id='word_1_27' title='bbox 1474 382 1545 423; x_wconf 80' lang='grc' dir='ltr'>δυ-</span> 
     </span>
    </p>
   </div>
   <div class='ocr_carea' id='block_1_4' title="bbox 162 447 625 505">
    <p class='ocr_par' dir='ltr' id='par_1_4' title="bbox 162 447 625 505">
     <span class='ocr_line' id='line_1_5' title="bbox 162 447 625 505; baseline -0.004 -12"><span class='ocrx_word' id='word_1_28' title='bbox 162 449 293 501; x_wconf 84' lang='grc' dir='ltr'><em>νατὸς</em></span> <span class='ocrx_word' id='word_1_29' title='bbox 325 447 435 493; x_wconf 79' lang='grc' dir='ltr'><em>εἶναι</em></span> <span class='ocrx_word' id='word_1_30' title='bbox 465 449 625 505; x_wconf 79' lang='grc' dir='ltr'><em>ἄρχειν.</em></span> 
     </span>
    </p>
   </div>
   <div class='ocr_carea' id='block_1_5' title="bbox 164 512 1335 574">
    <p class='ocr_par' dir='ltr' id='par_1_5' title="bbox 164 512 1335 574">
     <span class='ocr_line' id='line_1_6' title="bbox 164 512 1335 574; baseline -0.001 -12"><span class='ocrx_word' id='word_1_31' title='bbox 164 517 209 563; x_wconf 83' lang='grc' dir='ltr'>δ’</span> <span class='ocrx_word' id='word_1_32' title='bbox 250 517 360 574; x_wconf 71' lang='grc' dir='ltr'>ἐγώ,</span> <span class='ocrx_word' id='word_1_33' title='bbox 403 512 440 561; x_wconf 72' lang='grc' dir='ltr'><em>ὦ</em></span> <span class='ocrx_word' id='word_1_34' title='bbox 469 516 693 572; x_wconf 88' lang='grc' dir='ltr'><em>δαιμόνιε,</em></span> <span class='ocrx_word' id='word_1_35' title='bbox 735 515 846 572; x_wconf 78' lang='grc' dir='ltr'><em>ἀνὴρ</em></span> <span class='ocrx_word' id='word_1_36' title='bbox 887 514 1083 573; x_wconf 77' lang='grc' dir='ltr'><em>ἀκριβῶς</em></span> <span class='ocrx_word' id='word_1_37' title='bbox 1121 519 1335 574; x_wconf 72' lang='grc' dir='ltr'><em>γίγνεται.</em></span> 
     </span>
    </p>
   </div>
   <div class='ocr_carea' id='block_1_6' title="bbox 684 441 1545 506">
    <p class='ocr_par' dir='ltr' id='par_1_6' title="bbox 684 441 1545 506">
     <span class='ocr_line' id='line_1_7' title="bbox 684 441 1545 506; baseline 0 -15"><span class='ocrx_word' id='word_1_38' title='bbox 684 449 774 492; x_wconf 86' lang='grc' dir='ltr'>Καὶ</span> <span class='ocrx_word' id='word_1_39' title='bbox 802 447 924 505; x_wconf 82' lang='grc' dir='ltr'><em>μάλ’,</em></span> <span class='ocrx_word' id='word_1_40' title='bbox 953 450 1053 506; x_wconf 75' lang='grc' dir='ltr'><strong>ἔφη.</strong></span> <span class='ocrx_word' id='word_1_41' title='bbox 1105 447 1380 504; x_wconf 83' lang='grc' dir='ltr'><em>Τυραννικὸς</em></span> <span class='ocrx_word' id='word_1_42' title='bbox 1411 447 1468 499; x_wconf 75' lang='grc' dir='ltr'>δὲ,</span> <span class='ocrx_word' id='word_1_43' title='bbox 1489 441 1545 504; x_wconf 81' lang='grc' dir='ltr'><em>ἦν</em></span> 
     </span>
    </p>
   </div>
   <div class='ocr_carea' id='block_1_7' title="bbox 1376 514 1605 571">
    <p class='ocr_par' dir='ltr' id='par_1_7' title="bbox 1376 514 1605 571">
     <span class='ocr_line' id='line_1_8' title="bbox 1376 514 1605 571; baseline -0.004 -12"><span class='ocrx_word' id='word_1_44' title='bbox 1376 515 1484 559; x_wconf 81' lang='grc' dir='ltr'><em>ὅταν</em></span> <span class='ocrx_word' id='word_1_45' title='bbox 1520 514 1548 571; x_wconf 84' lang='grc' dir='ltr'><em>ἢ</em></span> <span class='ocrx_word' id='word_1_46' title='bbox 1598 543 1605 548; x_wconf 82' lang='lat'>-</span> 
     </span>
    </p>
   </div>
   <div class='ocr_carea' id='block_1_8' title="bbox 161 583 1547 777">
    <p class='ocr_par' dir='ltr' id='par_1_8' title="bbox 161 583 1547 777">
     <span class='ocr_line' id='line_1_9' title="bbox 163 583 1545 642; baseline -0.001 -13"><span class='ocrx_word' id='word_1_47' title='bbox 163 585 296 642; x_wconf 84' lang='grc' dir='ltr'><em>φύσει</em></span> <span class='ocrx_word' id='word_1_48' title='bbox 324 584 355 642; x_wconf 78' lang='grc' dir='ltr'><em>ἢ</em></span> <span class='ocrx_word' id='word_1_49' title='bbox 383 583 721 642; x_wconf 82' lang='grc' dir='ltr'><em>ἐπιτηδεύμασιν</em></span> <span class='ocrx_word' id='word_1_50' title='bbox 750 584 779 640; x_wconf 79' lang='grc' dir='ltr'><em>ἢ</em></span> <span class='ocrx_word' id='word_1_51' title='bbox 807 583 1078 640; x_wconf 77' lang='grc' dir='ltr'><em>ἀμφοτέροις</em></span> <span class='ocrx_word' id='word_1_52' title='bbox 1107 583 1371 640; x_wconf 77' lang='grc' dir='ltr'><em>μεθυστικός</em></span> <span class='ocrx_word' id='word_1_53' title='bbox 1400 600 1444 628; x_wconf 87' lang='grc' dir='ltr'>τε</span> <span class='ocrx_word' id='word_1_54' title='bbox 1472 585 1545 627; x_wconf 86' lang='grc' dir='ltr'>καὶ</span> 
     </span>
     <span class='ocr_line' id='line_1_10' title="bbox 161 646 1545 710; baseline -0.003 -13"><span class='ocrx_word' id='word_1_55' title='bbox 161 652 368 708; x_wconf 80' lang='grc' dir='ltr'><em>ἐρωτικὸς</em></span> <span class='ocrx_word' id='word_1_56' title='bbox 395 653 470 697; x_wconf 85' lang='grc' dir='ltr'>καὶ</span> <span class='ocrx_word' id='word_1_57' title='bbox 498 653 808 708; x_wconf 81' lang='grc' dir='ltr'><em>μελαγχολικὸς</em></span> <span class='ocrx_word' id='word_1_58' title='bbox 837 653 1024 710; x_wconf 80' lang='grc' dir='ltr'><em>γένηται.</em></span> <span class='ocrx_word' id='word_1_59' title='bbox 1075 655 1308 703; x_wconf 82' lang='grc' dir='ltr'><em>Παντελιός</em></span> <span class='ocrx_word' id='word_1_60' title='bbox 1339 652 1418 706; x_wconf 82' lang='grc' dir='ltr'><em>μὲν</em></span> <span class='ocrx_word' id='word_1_61' title='bbox 1448 646 1545 695; x_wconf 74' lang='grc' dir='ltr'><em>οὖν.</em></span> 
     </span>
     <span class='ocr_line' id='line_1_11' title="bbox 163 718 1547 777; baseline -0.002 -12"><span class='ocrx_word' id='word_1_62' title='bbox 163 723 364 777; x_wconf 80' lang='grc' dir='ltr'><em>Γίγνεται</em></span> <span class='ocrx_word' id='word_1_63' title='bbox 392 721 496 775; x_wconf 80' lang='grc' dir='ltr'><em>μὲν,</em></span> <span class='ocrx_word' id='word_1_64' title='bbox 535 718 596 772; x_wconf 74' lang='grc' dir='ltr'>ὥς</span> <span class='ocrx_word' id='word_1_65' title='bbox 624 720 788 772; x_wconf 81' lang='grc' dir='ltr'><em>ἔοικεν,</em></span> <span class='ocrx_word' id='word_1_66' title='bbox 830 721 947 765; x_wconf 82' lang='grc' dir='ltr'><em>οὕτω</em></span> <span class='ocrx_word' id='word_1_67' title='bbox 985 722 1059 765; x_wconf 82' lang='grc' dir='ltr'>καὶ</span> <span class='ocrx_word' id='word_1_68' title='bbox 1088 724 1290 770; x_wconf 86' lang='grc' dir='ltr'><em>τοιοῦτος</em></span> <span class='ocrx_word' id='word_1_69' title='bbox 1320 718 1456 775; x_wconf 81' lang='grc' dir='ltr'><em>α’νήρ·</em></span> <span class='ocrx_word' id='word_1_70' title='bbox 1495 722 1547 775; x_wconf 81' lang='grc' dir='ltr'>ζῇ</span> 
     </span>
    </p>
   </div>
   <div class='ocr_carea' id='block_1_9' title="bbox 159 787 459 914">
    <p class='ocr_par' dir='ltr' id='par_1_9' title="bbox 159 787 459 914">
     <span class='ocr_line' id='line_1_12' title="bbox 163 787 459 845; baseline -0.007 -11"><span class='ocrx_word' id='word_1_71' title='bbox 163 790 210 834; x_wconf 77' lang='grc' dir='ltr'>δὲ</span> <span class='ocrx_word' id='word_1_72' title='bbox 250 787 304 845; x_wconf 80' lang='grc' dir='ltr'>δή</span> <span class='ocrx_word' id='word_1_73' title='bbox 342 792 459 841; x_wconf 63' lang='grc' dir='ltr'><em>πῶς,</em></span> 
     </span>
     <span class='ocr_line' id='line_1_13' title="bbox 159 857 409 914; baseline -0.016 -12"><span class='ocrx_word' id='word_1_74' title='bbox 159 858 258 914; x_wconf 83' lang='grc' dir='ltr'><em>ἐμοὶ</em></span> <span class='ocrx_word' id='word_1_75' title='bbox 287 857 409 913; x_wconf 81' lang='grc' dir='ltr'><em>ἐρεῖς.</em></span> 
     </span>
    </p>
   </div>
   <div class='ocr_carea' id='block_1_10' title="bbox 466 786 1606 914">
    <p class='ocr_par' dir='ltr' id='par_1_10' title="bbox 466 786 1606 914">
     <span class='ocr_line' id='line_1_14' title="bbox 515 786 1606 845; baseline 0 -12"><span class='ocrx_word' id='word_1_76' title='bbox 515 789 574 834; x_wconf 82' lang='grc' dir='ltr'>Τό</span> <span class='ocrx_word' id='word_1_77' title='bbox 615 794 705 833; x_wconf 75' lang='grc' dir='ltr'><em>τῶν</em></span> <span class='ocrx_word' id='word_1_78' title='bbox 746 789 1012 843; x_wconf 81' lang='grc' dir='ltr'><em>παιζόντων,</em></span> <span class='ocrx_word' id='word_1_79' title='bbox 1054 789 1160 845; x_wconf 76' lang='grc' dir='ltr'><em>ἔφη,</em></span> <span class='ocrx_word' id='word_1_80' title='bbox 1198 791 1330 831; x_wconf 86' lang='grc' dir='ltr'><em>τοῦτο</em></span> <span class='ocrx_word' id='word_1_81' title='bbox 1371 786 1426 831; x_wconf 78' lang='grc' dir='ltr'>σύ</span> <span class='ocrx_word' id='word_1_82' title='bbox 1473 787 1606 833; x_wconf 79' lang='grc' dir='ltr'><em>καὶὶ)</em></span> 
     </span>
     <span class='ocr_line' id='line_1_15' title="bbox 466 854 1543 914; baseline -0.002 -14"><span class='ocrx_word' id='word_1_83' title='bbox 466 857 591 913; x_wconf 79' lang='grc' dir='ltr'>Λέγω</span> <span class='ocrx_word' id='word_1_84' title='bbox 622 856 698 914; x_wconf 83' lang='grc' dir='ltr'>δὴ,</span> <span class='ocrx_word' id='word_1_85' title='bbox 730 858 856 914; x_wconf 78' lang='grc' dir='ltr'><em>ἔφην.</em></span> <span class='ocrx_word' id='word_1_86' title='bbox 904 855 1027 913; x_wconf 84' lang='grc' dir='ltr'><em>οἶμαι</em></span> <span class='ocrx_word' id='word_1_87' title='bbox 1055 856 1166 912; x_wconf 78' lang='grc' dir='ltr'><em>γάρ,</em></span> <span class='ocrx_word' id='word_1_88' title='bbox 1196 854 1245 899; x_wconf 78' lang='grc' dir='ltr'>τό</span> <span class='ocrx_word' id='word_1_89' title='bbox 1278 854 1383 910; x_wconf 83' lang='grc' dir='ltr'><em>μετὰ</em></span> <span class='ocrx_word' id='word_1_90' title='bbox 1411 859 1543 898; x_wconf 85' lang='grc' dir='ltr'><em>τοῦτο</em></span> 
     </span>
    </p>
   </div>
   <div class='ocr_carea' id='block_1_11' title="bbox 160 924 1545 1051">
    <p class='ocr_par' dir='ltr' id='par_1_11' title="bbox 160 924 1545 1051">
     <span class='ocr_line' id='line_1_16' title="bbox 160 924 1545 982; baseline -0.002 -12"><span class='ocrx_word' id='word_1_91' title='bbox 160 926 311 982; x_wconf 76' lang='grc' dir='ltr'><em>ἑορταὶ</em></span> <span class='ocrx_word' id='word_1_92' title='bbox 332 927 559 982; x_wconf 80' lang='grc' dir='ltr'><em>γίγνονται</em></span> <span class='ocrx_word' id='word_1_93' title='bbox 587 924 698 980; x_wconf 86' lang='grc' dir='ltr'><em>παρ’</em></span> <span class='ocrx_word' id='word_1_94' title='bbox 720 924 870 976; x_wconf 85' lang='grc' dir='ltr'><em>αὐτοῖς</em></span> <span class='ocrx_word' id='word_1_95' title='bbox 893 926 966 968; x_wconf 86' lang='grc' dir='ltr'>καὶ</span> <span class='ocrx_word' id='word_1_96' title='bbox 995 928 1137 979; x_wconf 78' lang='grc' dir='ltr'><em>κῶμοι</em></span> <span class='ocrx_word' id='word_1_97' title='bbox 1168 924 1241 967; x_wconf 89' lang='grc' dir='ltr'>καὶ</span> <span class='ocrx_word' id='word_1_98' title='bbox 1264 924 1440 967; x_wconf 81' lang='grc' dir='ltr'><em>θάλειαι</em></span> <span class='ocrx_word' id='word_1_99' title='bbox 1470 924 1545 967; x_wconf 86' lang='grc' dir='ltr'>καὶ</span> 
     </span>
     <span class='ocr_line' id='line_1_17' title="bbox 160 987 1544 1051; baseline -0.003 -12"><span class='ocrx_word' id='word_1_100' title='bbox 160 994 328 1051; x_wconf 78' lang='grc' dir='ltr'><em>ἑταῖραι</em></span> <span class='ocrx_word' id='word_1_101' title='bbox 346 994 418 1038; x_wconf 83' lang='grc' dir='ltr'><em>καὶ</em></span> <span class='ocrx_word' id='word_1_102' title='bbox 431 994 484 1038; x_wconf 85' lang='grc' dir='ltr'>τὰ</span> <span class='ocrx_word' id='word_1_103' title='bbox 503 996 686 1038; x_wconf 87' lang='grc' dir='ltr'><em>τοιαῦτα</em></span> <span class='ocrx_word' id='word_1_104' title='bbox 706 993 863 1046; x_wconf 87' lang='grc' dir='ltr'><em>πάντα,</em></span> <span class='ocrx_word' id='word_1_105' title='bbox 877 987 940 1036; x_wconf 71' lang='grc' dir='ltr'><em>ὧν</em></span> <span class='ocrx_word' id='word_1_106' title='bbox 952 993 1007 1036; x_wconf 78' lang='grc' dir='ltr'><em>ἂν</em></span> <span class='ocrx_word' id='word_1_107' title='bbox 1016 992 1157 1048; x_wconf 85' lang='grc' dir='ltr'><em>Ἔρως</em></span> <span class='ocrx_word' id='word_1_108' title='bbox 1176 991 1398 1048; x_wconf 86' lang='grc' dir='ltr'><em>τύραννος</em></span> <span class='ocrx_word' id='word_1_109' title='bbox 1417 992 1544 1036; x_wconf 74' lang='grc' dir='ltr'><em>ἔνδον</em></span> 
     </span>
    </p>
   </div>
   <div class='ocr_carea' id='block_1_12' title="bbox 129 1164 824 2831">
    <p class='ocr_par' dir='ltr' id='par_1_12' title="bbox 129 1164 824 2405">
     <span class='ocr_line' id='line_1_18' title="bbox 160 1164 820 1223; baseline -0.002 -22"><span class='ocrx_word' id='word_1_110' title='bbox 160 1166 408 1223; x_wconf 80' lang='lat' dir='ltr'>Aristophanes</span> <span class='ocrx_word' id='word_1_111' title='bbox 429 1167 648 1202; x_wconf 75' lang='lat' dir='ltr'>Plut.1025.</span> <span class='ocrx_word' id='word_1_112' title='bbox 681 1180 709 1200; x_wconf 87' lang='grc' dir='ltr'><em>ω</em></span> <span class='ocrx_word' id='word_1_113' title='bbox 737 1164 820 1210; x_wconf 78' lang='grc' dir='ltr'><em>φίλ’</em></span> 
     </span>
     <span class='ocr_line' id='line_1_19' title="bbox 160 1210 822 1258; baseline -0.003 -11"><span class='ocrx_word' id='word_1_114' title='bbox 160 1224 272 1256; x_wconf 86' lang='grc' dir='ltr'><em>ανερ,</em></span> <span class='ocrx_word' id='word_1_115' title='bbox 297 1225 400 1258; x_wconf 88' lang='lat' dir='ltr'>quam</span> <span class='ocrx_word' id='word_1_116' title='bbox 418 1210 514 1257; x_wconf 69' lang='grc' dir='ltr'><em>ἀνὴρ</em></span> <span class='ocrx_word' id='word_1_117' title='bbox 539 1213 692 1246; x_wconf 87' lang='lat' dir='ltr'>dicturus</span> <span class='ocrx_word' id='word_1_118' title='bbox 715 1213 822 1246; x_wconf 83' lang='lat' dir='ltr'>fuisse</span> 
     </span>
     <span class='ocr_line' id='line_1_20' title="bbox 158 1258 821 1302; baseline -0.002 -10"><span class='ocrx_word' id='word_1_119' title='bbox 158 1259 350 1301; x_wconf 85' lang='lat' dir='ltr'>videbatur,</span> <span class='ocrx_word' id='word_1_120' title='bbox 374 1263 410 1293; x_wconf 74' lang='lat' dir='ltr'>et</span> <span class='ocrx_word' id='word_1_121' title='bbox 432 1264 471 1293; x_wconf 91' lang='lat' dir='ltr'>ut</span> <span class='ocrx_word' id='word_1_122' title='bbox 495 1258 691 1292; x_wconf 71' lang='grc' dir='ltr'><em>εᾶνεὼίυιῃ</em></span> <span class='ocrx_word' id='word_1_123' title='bbox 717 1270 821 1302; x_wconf 84' lang='grc' dir='ltr'><em>ακρι-</em></span> 
     </span>
     <span class='ocr_line' id='line_1_21' title="bbox 160 1304 821 1351; baseline -0.002 -13"><span class='ocrx_word' id='word_1_124' title='bbox 160 1305 392 1351; x_wconf 63' lang='lat' dir='ltr'>4359‚q110d</span> <span class='ocrx_word' id='word_1_125' title='bbox 432 1306 466 1339; x_wconf 93' lang='lat' dir='ltr'>in</span> <span class='ocrx_word' id='word_1_126' title='bbox 507 1305 608 1340; x_wconf 85' lang='lat' dir='ltr'>vind</span> <span class='ocrx_word' id='word_1_127' title='bbox 651 1305 690 1338; x_wconf 86' lang='lat' dir='ltr'>B.</span> <span class='ocrx_word' id='word_1_128' title='bbox 735 1304 821 1338; x_wconf 89' lang='lat' dir='ltr'>male</span> 
     </span>
     <span class='ocr_line' id='line_1_22' title="bbox 159 1350 820 1395; baseline -0.003 -10"><span class='ocrx_word' id='word_1_129' title='bbox 159 1352 317 1385; x_wconf 85' lang='lat' dir='ltr'>omissum</span> <span class='ocrx_word' id='word_1_130' title='bbox 349 1355 424 1392; x_wconf 85' lang='lat' dir='ltr'>est,</span> <span class='ocrx_word' id='word_1_131' title='bbox 458 1350 590 1384; x_wconf 84' lang='lat' dir='ltr'>facilius</span> <span class='ocrx_word' id='word_1_132' title='bbox 623 1354 741 1395; x_wconf 86' lang='lat' dir='ltr'>posset</span> <span class='ocrx_word' id='word_1_133' title='bbox 777 1350 820 1384; x_wconf 90' lang='lat' dir='ltr'>ad</span> 
     </span>
     <span class='ocr_line' id='line_1_23' title="bbox 158 1395 822 1441; baseline -0.002 -11"><span class='ocrx_word' id='word_1_134' title='bbox 158 1395 392 1440; x_wconf 80' lang='grc' dir='ltr'><em>τυραννικὸς,</em></span> <span class='ocrx_word' id='word_1_135' title='bbox 416 1408 483 1441; x_wconf 90' lang='lat' dir='ltr'>quo</span> <span class='ocrx_word' id='word_1_136' title='bbox 507 1396 669 1441; x_wconf 83' lang='lat' dir='ltr'>pertinet,</span> <span class='ocrx_word' id='word_1_137' title='bbox 697 1396 822 1430; x_wconf 84' lang='lat' dir='ltr'>referri</span> 
     </span>
     <span class='ocr_line' id='line_1_24' title="bbox 158 1442 822 1486; baseline -0.002 -10"><span class='ocrx_word' id='word_1_138' title='bbox 158 1448 196 1477; x_wconf 89' lang='lat' dir='ltr'>et</span> <span class='ocrx_word' id='word_1_139' title='bbox 219 1455 240 1476; x_wconf 85' lang='lat' dir='ltr'>a</span> <span class='ocrx_word' id='word_1_140' title='bbox 261 1443 368 1476; x_wconf 80' lang='lat' dir='ltr'>verbo</span> <span class='ocrx_word' id='word_1_141' title='bbox 393 1442 556 1486; x_wconf 77' lang='grc' dir='ltr'><em>γίγνεται</em></span> <span class='ocrx_word' id='word_1_142' title='bbox 577 1442 719 1476; x_wconf 80' lang='lat' dir='ltr'><strong>secerni.</strong></span> <span class='ocrx_word' id='word_1_143' title='bbox 755 1442 822 1476; x_wconf 80' lang='lat' dir='ltr'>of-</span> 
     </span>
     <span class='ocr_line' id='line_1_25' title="bbox 158 1488 823 1523; baseline -0.002 0"><span class='ocrx_word' id='word_1_144' title='bbox 158 1488 269 1523; x_wconf 85' lang='lat' dir='ltr'>fendit</span> <span class='ocrx_word' id='word_1_145' title='bbox 298 1488 353 1522; x_wconf 87' lang='lat' dir='ltr'>hic</span> <span class='ocrx_word' id='word_1_146' title='bbox 384 1488 715 1522; x_wconf 76' lang='lat' dir='ltr'>Schieiermacherus</span> <span class='ocrx_word' id='word_1_147' title='bbox 749 1488 823 1522; x_wconf 82' lang='lat' dir='ltr'>sine</span> 
     </span>
     <span class='ocr_line' id='line_1_26' title="bbox 156 1534 822 1580; baseline -0.003 -11"><span class='ocrx_word' id='word_1_148' title='bbox 156 1535 312 1577; x_wconf 83' lang='lat' dir='ltr'>ratione,</span> <span class='ocrx_word' id='word_1_149' title='bbox 345 1538 384 1567; x_wconf 88' lang='lat' dir='ltr'>ut</span> <span class='ocrx_word' id='word_1_150' title='bbox 413 1534 494 1568; x_wconf 88' lang='lat' dir='ltr'>mihi</span> <span class='ocrx_word' id='word_1_151' title='bbox 518 1535 653 1580; x_wconf 84' lang='lat' dir='ltr'>quidem</span> <span class='ocrx_word' id='word_1_152' title='bbox 675 1534 822 1568; x_wconf 87' lang='lat' dir='ltr'>videtur.</span> 
     </span>
     <span class='ocr_line' id='line_1_27' title="bbox 158 1580 823 1626; baseline -0.003 -11"><span class='ocrx_word' id='word_1_153' title='bbox 158 1582 322 1615; x_wconf 82' lang='lat' dir='ltr'><strong>Socrates</strong></span> <span class='ocrx_word' id='word_1_154' title='bbox 339 1586 519 1626; x_wconf 84' lang='lat' dir='ltr'><strong>postquam</strong></span> <span class='ocrx_word' id='word_1_155' title='bbox 536 1592 694 1622; x_wconf 84' lang='lat' dir='ltr'>amorem,</span> <span class='ocrx_word' id='word_1_156' title='bbox 711 1580 823 1613; x_wconf 89' lang='lat' dir='ltr'>ebrie-</span> 
     </span>
     <span class='ocr_line' id='line_1_28' title="bbox 158 1626 824 1670; baseline -0.002 -10"><span class='ocrx_word' id='word_1_157' title='bbox 158 1630 264 1661; x_wconf 82' lang='lat' dir='ltr'>tatem</span> <span class='ocrx_word' id='word_1_158' title='bbox 288 1631 325 1659; x_wconf 87' lang='lat' dir='ltr'>et</span> <span class='ocrx_word' id='word_1_159' title='bbox 349 1627 517 1660; x_wconf 86' lang='lat' dir='ltr'>insaniam</span> <span class='ocrx_word' id='word_1_160' title='bbox 542 1628 641 1670; x_wconf 80' lang='lat' dir='ltr'>vulgo</span> <span class='ocrx_word' id='word_1_161' title='bbox 666 1626 824 1670; x_wconf 86' lang='lat' dir='ltr'>tyranni-</span> 
     </span>
     <span class='ocr_line' id='line_1_29' title="bbox 159 1672 822 1707; baseline -0.003 0"><span class='ocrx_word' id='word_1_162' title='bbox 159 1684 219 1707; x_wconf 88' lang='lat' dir='ltr'>cas</span> <span class='ocrx_word' id='word_1_163' title='bbox 243 1672 347 1706; x_wconf 86' lang='lat' dir='ltr'>animi</span> <span class='ocrx_word' id='word_1_164' title='bbox 370 1672 571 1707; x_wconf 78' lang='lat' dir='ltr'>affectiones</span> <span class='ocrx_word' id='word_1_165' title='bbox 603 1672 720 1707; x_wconf 86' lang='lat' dir='ltr'>haberi</span> <span class='ocrx_word' id='word_1_166' title='bbox 749 1684 822 1705; x_wconf 90' lang='lat' dir='ltr'>mo-</span> 
     </span>
     <span class='ocr_line' id='line_1_30' title="bbox 157 1718 823 1763; baseline -0.003 -11"><span class='ocrx_word' id='word_1_167' title='bbox 157 1718 232 1752; x_wconf 87' lang='lat' dir='ltr'>nuit</span> <span class='ocrx_word' id='word_1_168' title='bbox 254 1723 357 1763; x_wconf 87' lang='lat' dir='ltr'>atque</span> <span class='ocrx_word' id='word_1_169' title='bbox 380 1719 429 1752; x_wconf 84' lang='lat' dir='ltr'>ita</span> <span class='ocrx_word' id='word_1_170' title='bbox 452 1729 556 1763; x_wconf 90' lang='lat' dir='ltr'>supra</span> <span class='ocrx_word' id='word_1_171' title='bbox 573 1718 762 1763; x_wconf 77' lang='lat' dir='ltr'>expositam</span> <span class='ocrx_word' id='word_1_172' title='bbox 780 1718 823 1751; x_wconf 88' lang='lat' dir='ltr'>de</span> 
     </span>
     <span class='ocr_line' id='line_1_31' title="bbox 157 1763 822 1808; baseline -0.003 -10"><span class='ocrx_word' id='word_1_173' title='bbox 157 1764 224 1798; x_wconf 88' lang='lat' dir='ltr'>viri</span> <span class='ocrx_word' id='word_1_174' title='bbox 255 1764 424 1808; x_wconf 80' lang='lat' dir='ltr'>tyrannici</span> <span class='ocrx_word' id='word_1_175' title='bbox 453 1765 584 1808; x_wconf 82' lang='lat' dir='ltr'>origine</span> <span class='ocrx_word' id='word_1_176' title='bbox 619 1763 822 1797; x_wconf 86' lang='lat' dir='ltr'>sententiam</span> 
     </span>
     <span class='ocr_line' id='line_1_32' title="bbox 157 1810 819 1855; baseline 0 -11"><span class='ocrx_word' id='word_1_177' title='bbox 157 1811 276 1844; x_wconf 90' lang='lat' dir='ltr'>eodem</span> <span class='ocrx_word' id='word_1_178' title='bbox 299 1810 409 1851; x_wconf 88' lang='lat' dir='ltr'>modo,</span> <span class='ocrx_word' id='word_1_179' title='bbox 433 1821 499 1854; x_wconf 92' lang='lat' dir='ltr'>quo</span> <span class='ocrx_word' id='word_1_180' title='bbox 526 1810 563 1843; x_wconf 88' lang='lat' dir='ltr'>L.</span> <span class='ocrx_word' id='word_1_181' title='bbox 585 1810 663 1844; x_wconf 87' lang='lat'>1111.</span> <span class='ocrx_word' id='word_1_182' title='bbox 688 1822 722 1855; x_wconf 92' lang='lat' dir='ltr'>p.</span> <span class='ocrx_word' id='word_1_183' title='bbox 740 1810 819 1844; x_wconf 70' lang='lat'>442.</span> 
     </span>
     <span class='ocr_line' id='line_1_33' title="bbox 158 1855 822 1897; baseline -0.003 -7"><span class='ocrx_word' id='word_1_184' title='bbox 158 1856 202 1890; x_wconf 87' lang='grc' dir='ltr'>Ε.</span> <span class='ocrx_word' id='word_1_185' title='bbox 226 1855 376 1890; x_wconf 81' lang='lat' dir='ltr'>iustitiae</span> <span class='ocrx_word' id='word_1_186' title='bbox 399 1856 638 1897; x_wconf 83' lang='lat' dir='ltr'>definitionem,</span> <span class='ocrx_word' id='word_1_187' title='bbox 661 1868 727 1889; x_wconf 87' lang='lat' dir='ltr'>non</span> <span class='ocrx_word' id='word_1_188' title='bbox 753 1856 822 1888; x_wconf 78' lang='lat' dir='ltr'>dis-</span> 
     </span>
     <span class='ocr_line' id='line_1_34' title="bbox 159 1882 820 1948; baseline -0.003 -12"><span class='ocrx_word' id='word_1_189' title='bbox 159 1913 303 1948; x_wconf 79' lang='lat' dir='ltr'>crepare</span> <span class='ocrx_word' id='word_1_190' title='bbox 322 1913 343 1935; x_wconf 91' lang='lat' dir='ltr'>a</span> <span class='ocrx_word' id='word_1_191' title='bbox 369 1902 532 1935; x_wconf 89' lang='lat' dir='ltr'>communi</span> <span class='ocrx_word' id='word_1_192' title='bbox 553 1882 722 1935; x_wconf 76' lang='lat' dir='ltr'>hominum</span> <span class='ocrx_word' id='word_1_193' title='bbox 741 1913 820 1934; x_wconf 89' lang='lat' dir='ltr'>sen-</span> 
     </span>
     <span class='ocr_line' id='line_1_35' title="bbox 158 1947 819 1990; baseline -0.003 -8"><span class='ocrx_word' id='word_1_194' title='bbox 158 1960 199 1982; x_wconf 90' lang='lat' dir='ltr'>su</span> <span class='ocrx_word' id='word_1_195' title='bbox 231 1947 493 1990; x_wconf 80' lang='lat' dir='ltr'>demonstravit,</span> <span class='ocrx_word' id='word_1_196' title='bbox 526 1948 590 1981; x_wconf 89' lang='lat' dir='ltr'>hoc</span> <span class='ocrx_word' id='word_1_197' title='bbox 621 1948 696 1982; x_wconf 91' lang='lat' dir='ltr'>loco</span> <span class='ocrx_word' id='word_1_198' title='bbox 731 1959 819 1987; x_wconf 88' lang='lat' dir='ltr'>eum,</span> 
     </span>
     <span class='ocr_line' id='line_1_36' title="bbox 179 1992 820 2045; baseline -0.002 -17"><span class='ocrx_word' id='word_1_199' title='bbox 179 1994 216 2028; x_wconf 88' lang='lat' dir='ltr'>ui</span> <span class='ocrx_word' id='word_1_200' title='bbox 237 2005 321 2029; x_wconf 86' lang='lat' dir='ltr'>vere</span> <span class='ocrx_word' id='word_1_201' title='bbox 349 1997 384 2027; x_wconf 90' lang='lat' dir='ltr'>et</span> <span class='ocrx_word' id='word_1_202' title='bbox 413 1998 574 2027; x_wconf 87' lang='lat' dir='ltr'>accurate</span> <span class='ocrx_word' id='word_1_203' title='bbox 597 1992 820 2045; x_wconf 83' lang='grc' dir='ltr'><em>τυραννικὸς</em></span> 
     </span>
     <span class='ocr_line' id='line_1_37' title="bbox 155 2037 822 2095; baseline -0.005 -20"><span class='ocrx_word' id='word_1_204' title='bbox 155 2037 252 2095; x_wconf 86' lang='grc' dir='ltr'><em>ανὴρ</em></span> <span class='ocrx_word' id='word_1_205' title='bbox 277 2040 439 2074; x_wconf 85' lang='lat' dir='ltr'>dicendus</span> <span class='ocrx_word' id='word_1_206' title='bbox 463 2039 509 2073; x_wconf 84' lang='lat' dir='ltr'>sit.</span> <span class='ocrx_word' id='word_1_207' title='bbox 530 2038 570 2083; x_wconf 88' lang='grc' dir='ltr'>(ὁ</span> <span class='ocrx_word' id='word_1_208' title='bbox 595 2040 653 2094; x_wconf 84' lang='grc' dir='ltr'>τῷ</span> <span class='ocrx_word' id='word_1_209' title='bbox 673 2037 822 2094; x_wconf 70' lang='grc' dir='ltr'><em>α’κριβεῖ</em></span> 
     </span>
     <span class='ocr_line' id='line_1_38' title="bbox 155 2082 819 2132; baseline -0.006 -10"><span class='ocrx_word' id='word_1_210' title='bbox 155 2084 250 2132; x_wconf 77' lang='grc' dir='ltr'><em>λόγῳ</em></span> <span class='ocrx_word' id='word_1_211' title='bbox 282 2084 504 2128; x_wconf 84' lang='grc' dir='ltr'><em>τυραννικὸς</em></span> <span class='ocrx_word' id='word_1_212' title='bbox 539 2097 600 2119; x_wconf 87' lang='lat' dir='ltr'>seu</span> <span class='ocrx_word' id='word_1_213' title='bbox 633 2082 653 2120; x_wconf 85' lang='grc' dir='ltr'>ὁ</span> <span class='ocrx_word' id='word_1_214' title='bbox 690 2082 819 2128; x_wconf 79' lang='grc' dir='ltr'><em>ὀρθῶς</em></span> 
     </span>
     <span class='ocr_line' id='line_1_39' title="bbox 155 2129 816 2177; baseline -0.003 -10"><span class='ocrx_word' id='word_1_215' title='bbox 155 2129 396 2176; x_wconf 84' lang='grc' dir='ltr'><em>τυραννικὸς,</em></span> <span class='ocrx_word' id='word_1_216' title='bbox 427 2137 466 2165; x_wconf 86' lang='lat' dir='ltr'>ut</span> <span class='ocrx_word' id='word_1_217' title='bbox 489 2132 530 2166; x_wconf 90' lang='lat' dir='ltr'>L.</span> <span class='ocrx_word' id='word_1_218' title='bbox 559 2132 588 2165; x_wconf 93' lang='lat' dir='ltr'>I.</span> <span class='ocrx_word' id='word_1_219' title='bbox 614 2144 648 2177; x_wconf 89' lang='lat' dir='ltr'>p.</span> <span class='ocrx_word' id='word_1_220' title='bbox 669 2135 749 2168; x_wconf 68' lang='lat'>341.</span> <span class='ocrx_word' id='word_1_221' title='bbox 776 2132 816 2165; x_wconf 93' lang='lat' dir='ltr'>C.</span> 
     </span>
     <span class='ocr_line' id='line_1_40' title="bbox 156 2178 816 2223; baseline -0.006 -10"><span class='ocrx_word' id='word_1_222' title='bbox 156 2183 192 2213; x_wconf 83' lang='lat' dir='ltr'>et.</span> <span class='ocrx_word' id='word_1_223' title='bbox 214 2178 255 2212; x_wconf 91' lang='lat' dir='ltr'>L.</span> <span class='ocrx_word' id='word_1_224' title='bbox 278 2178 379 2214; x_wconf 87' lang='lat' dir='ltr'>VIII.</span> <span class='ocrx_word' id='word_1_225' title='bbox 415 2190 450 2223; x_wconf 88' lang='lat' dir='ltr'>p.</span> <span class='ocrx_word' id='word_1_226' title='bbox 474 2178 554 2213; x_wconf 67' lang='lat'>544.</span> <span class='ocrx_word' id='word_1_227' title='bbox 579 2178 621 2211; x_wconf 91' lang='grc' dir='ltr'>Ε.</span> <span class='ocrx_word' id='word_1_228' title='bbox 647 2178 816 2222; x_wconf 88' lang='lat' dir='ltr'>loquitur)</span> 
     </span>
     <span class='ocr_line' id='line_1_41' title="bbox 154 2223 817 2268; baseline -0.003 -10"><span class='ocrx_word' id='word_1_229' title='bbox 154 2224 205 2258; x_wconf 83' lang='lat' dir='ltr'>ita</span> <span class='ocrx_word' id='word_1_230' title='bbox 228 2224 360 2257; x_wconf 89' lang='lat' dir='ltr'>demum</span> <span class='ocrx_word' id='word_1_231' title='bbox 383 2224 468 2257; x_wconf 88' lang='lat' dir='ltr'>oriri</span> <span class='ocrx_word' id='word_1_232' title='bbox 491 2224 659 2265; x_wconf 80' lang='lat' dir='ltr'>ostendit,</span> <span class='ocrx_word' id='word_1_233' title='bbox 686 2225 716 2258; x_wconf 85' lang='lat' dir='ltr'>si</span> <span class='ocrx_word' id='word_1_234' title='bbox 741 2223 817 2268; x_wconf 87' lang='lat' dir='ltr'>quis</span> 
     </span>
     <span class='ocr_line' id='line_1_42' title="bbox 156 2250 817 2304; baseline -0.002 0"><span class='ocrx_word' id='word_1_235' title='bbox 156 2282 222 2304; x_wconf 90' lang='lat' dir='ltr'>non</span> <span class='ocrx_word' id='word_1_236' title='bbox 246 2281 312 2303; x_wconf 91' lang='lat' dir='ltr'>uno</span> <span class='ocrx_word' id='word_1_237' title='bbox 345 2269 500 2303; x_wconf 83' lang='lat' dir='ltr'>alterove</span> <span class='ocrx_word' id='word_1_238' title='bbox 541 2250 684 2303; x_wconf 76' lang='lat' dir='ltr'>istoruin</span> <span class='ocrx_word' id='word_1_239' title='bbox 716 2270 817 2303; x_wconf 79' lang='lat' dir='ltr'>vitio-</span> 
     </span>
     <span class='ocr_line' id='line_1_43' title="bbox 129 2307 818 2357; baseline 0.001 -9"><span class='ocrx_word' id='word_1_240' title='bbox 129 2346 132 2348; x_wconf 88' lang='lat'>.</span> <span class='ocrx_word' id='word_1_241' title='bbox 156 2328 250 2357; x_wconf 87' lang='lat' dir='ltr'>rum,</span> <span class='ocrx_word' id='word_1_242' title='bbox 283 2315 344 2349; x_wconf 89' lang='lat' dir='ltr'>sed</span> <span class='ocrx_word' id='word_1_243' title='bbox 380 2316 514 2349; x_wconf 87' lang='lat' dir='ltr'>cunctis</span> <span class='ocrx_word' id='word_1_244' title='bbox 537 2316 637 2349; x_wconf 90' lang='lat' dir='ltr'>simul</span> <span class='ocrx_word' id='word_1_245' title='bbox 659 2307 818 2349; x_wconf 78' lang='lat' dir='ltr'>laborare</span> 
     </span>
     <span class='ocr_line' id='line_1_44' title="bbox 154 2361 318 2405; baseline -0.013 -9"><span class='ocrx_word' id='word_1_246' title='bbox 154 2361 318 2405; x_wconf 87' lang='lat' dir='ltr'>coeperit.</span> 
     </span>
    </p>

    <p class='ocr_par' dir='ltr' id='par_1_13' title="bbox 157 2402 818 2495">
     <span class='ocr_line' id='line_1_45' title="bbox 202 2402 818 2453; baseline 0.002 -12"><span class='ocrx_word' id='word_1_247' title='bbox 202 2405 448 2452; x_wconf 74' lang='grc' dir='ltr'><em>ἀμφοτέροις]</em></span> <span class='ocrx_word' id='word_1_248' title='bbox 474 2402 718 2452; x_wconf 82' lang='grc' dir='ltr'><em>αμφοτέρων,</em></span> <span class='ocrx_word' id='word_1_249' title='bbox 742 2419 818 2453; x_wconf 90' lang='lat' dir='ltr'>sup.</span> 
     </span>
     <span class='ocr_line' id='line_1_46' title="bbox 157 2455 397 2498; baseline -0.009 -9"><span class='ocrx_word' id='word_1_250' title='bbox 157 2467 225 2498; x_wconf 84' lang='grc' dir='ltr'><em>οις,</em></span> <span class='ocrx_word' id='word_1_251' title='bbox 251 2455 332 2489; x_wconf 82' lang='lat' dir='ltr'>Vat.</span> <span class='ocrx_word' id='word_1_252' title='bbox 355 2455 397 2487; x_wconf 93' lang='lat' dir='ltr'>B.</span> 
     </span>
    </p>

    <p class='ocr_par' dir='ltr' id='par_1_14' title="bbox 155 2480 818 2823">
     <span class='ocr_line' id='line_1_47' title="bbox 203 2480 815 2543; baseline -0.005 -9"><span class='ocrx_word' id='word_1_253' title='bbox 203 2480 290 2543; x_wconf 79' lang='grc' dir='ltr'><em>καὶ]</em></span> <span class='ocrx_word' id='word_1_254' title='bbox 323 2495 343 2534; x_wconf 85' lang='grc' dir='ltr'>ὁ</span> <span class='ocrx_word' id='word_1_255' title='bbox 372 2500 457 2534; x_wconf 84' lang='lat' dir='ltr'>ven.</span> <span class='ocrx_word' id='word_1_256' title='bbox 479 2500 520 2534; x_wconf 92' lang='lat' dir='ltr'>B.</span> <span class='ocrx_word' id='word_1_257' title='bbox 554 2501 634 2535; x_wconf 86' lang='lat' dir='ltr'>V.at</span> <span class='ocrx_word' id='word_1_258' title='bbox 667 2499 716 2533; x_wconf 88' lang='grc' dir='ltr'>Μ.</span> <span class='ocrx_word' id='word_1_259' title='bbox 741 2499 815 2533; x_wconf 80' lang='lat' dir='ltr'>Ald.</span> 
     </span>
     <span class='ocr_line' id='line_1_48' title="bbox 156 2545 818 2590; baseline -0.005 -9"><span class='ocrx_word' id='word_1_260' title='bbox 156 2549 237 2582; x_wconf 86' lang='lat' dir='ltr'>Bas.</span> <span class='ocrx_word' id='word_1_261' title='bbox 257 2547 311 2580; x_wconf 87' lang='lat' dir='ltr'>ab.</span> <span class='ocrx_word' id='word_1_262' title='bbox 337 2546 457 2590; x_wconf 82' lang='lat' dir='ltr'>Steph.</span> <span class='ocrx_word' id='word_1_263' title='bbox 482 2548 558 2580; x_wconf 90' lang='lat' dir='ltr'>Ast.</span> <span class='ocrx_word' id='word_1_264' title='bbox 581 2546 758 2580; x_wconf 83' lang='lat' dir='ltr'>Bekkerus</span> <span class='ocrx_word' id='word_1_265' title='bbox 780 2545 818 2578; x_wconf 88' lang='lat' dir='ltr'>in</span> 
     </span>
     <span class='ocr_line' id='line_1_49' title="bbox 156 2587 814 2627; baseline -0.005 0"><span class='ocrx_word' id='word_1_266' title='bbox 156 2604 294 2627; x_wconf 87' lang='lat' dir='ltr'>numero</span> <span class='ocrx_word' id='word_1_267' title='bbox 319 2591 469 2625; x_wconf 88' lang='lat' dir='ltr'>codicum</span> <span class='ocrx_word' id='word_1_268' title='bbox 493 2603 557 2626; x_wconf 82' lang='grc' dir='ltr'>και</span> <span class='ocrx_word' id='word_1_269' title='bbox 604 2603 643 2625; x_wconf 88' lang='lat' dir='ltr'>ro</span> <span class='ocrx_word' id='word_1_270' title='bbox 674 2587 693 2625; x_wconf 88' lang='grc' dir='ltr'>ὁ</span> <span class='ocrx_word' id='word_1_271' title='bbox 720 2591 814 2624; x_wconf 82' lang='lat' dir='ltr'>exhi-</span> 
     </span>
     <span class='ocr_line' id='line_1_50' title="bbox 155 2591 815 2682; baseline -0.008 -8"><span class='ocrx_word' id='word_1_272' title='bbox 155 2639 305 2673; x_wconf 83' lang='lat' dir='ltr'>bentium</span> <span class='ocrx_word' id='word_1_273' title='bbox 328 2637 402 2671; x_wconf 83' lang='lat' dir='ltr'>Pa1.</span> <span class='ocrx_word' id='word_1_274' title='bbox 428 2638 466 2671; x_wconf 87' lang='grc' dir='ltr'><strong>Α.</strong></span> <span class='ocrx_word' id='word_1_275' title='bbox 493 2591 626 2682; x_wconf 50' lang='lat' dir='ltr'>powg,</span> <span class='ocrx_word' id='word_1_276' title='bbox 652 2637 815 2670; x_wconf 89' lang='lat' dir='ltr'>eundem-</span> 
     </span>
     <span class='ocr_line' id='line_1_51' title="bbox 155 2683 815 2731; baseline -0.005 -12"><span class='ocrx_word' id='word_1_277' title='bbox 155 2697 223 2731; x_wconf 90' lang='lat' dir='ltr'>que</span> <span class='ocrx_word' id='word_1_278' title='bbox 251 2684 285 2717; x_wconf 87' lang='lat' dir='ltr'>in</span> <span class='ocrx_word' id='word_1_279' title='bbox 318 2683 538 2728; x_wconf 84' lang='lat' dir='ltr'>sequentibus</span> <span class='ocrx_word' id='word_1_280' title='bbox 569 2684 625 2718; x_wconf 88' lang='lat' dir='ltr'>bis</span> <span class='ocrx_word' id='word_1_281' title='bbox 650 2683 815 2725; x_wconf 86' lang='lat' dir='ltr'>adhibuit,</span> 
     </span>
     <span class='ocr_line' id='line_1_52' title="bbox 156 2729 816 2783; baseline -0.006 -17"><span class='ocrx_word' id='word_1_282' title='bbox 156 2732 217 2766; x_wconf 87' lang='lat' dir='ltr'>sed</span> <span class='ocrx_word' id='word_1_283' title='bbox 240 2730 330 2764; x_wconf 86' lang='lat' dir='ltr'>unde</span> <span class='ocrx_word' id='word_1_284' title='bbox 364 2735 424 2763; x_wconf 87' lang='lat' dir='ltr'>aut</span> <span class='ocrx_word' id='word_1_285' title='bbox 457 2742 632 2783; x_wconf 89' lang='lat' dir='ltr'>quousque</span> <span class='ocrx_word' id='word_1_286' title='bbox 665 2729 721 2762; x_wconf 90' lang='lat' dir='ltr'>hic</span> <span class='ocrx_word' id='word_1_287' title='bbox 755 2741 816 2762; x_wconf 85' lang='lat' dir='ltr'>ex-</span> 
     </span>
     <span class='ocr_line' id='line_1_53' title="bbox 155 2775 816 2831; baseline -0.006 -19"><span class='ocrx_word' id='word_1_288' title='bbox 155 2780 310 2831; x_wconf 85' lang='lat' dir='ltr'>cerptum</span> <span class='ocrx_word' id='word_1_289' title='bbox 343 2776 376 2809; x_wconf 90' lang='lat' dir='ltr'>in</span> <span class='ocrx_word' id='word_1_290' title='bbox 409 2787 450 2810; x_wconf 91' lang='lat' dir='ltr'>eo</span> <span class='ocrx_word' id='word_1_291' title='bbox 487 2776 554 2818; x_wconf 88' lang='lat' dir='ltr'>sit,</span> <span class='ocrx_word' id='word_1_292' title='bbox 588 2787 653 2809; x_wconf 89' lang='lat' dir='ltr'>non</span> <span class='ocrx_word' id='word_1_293' title='bbox 685 2775 816 2820; x_wconf 86' lang='lat' dir='ltr'>signifi-</span> 
     </span>
    </p>
   </div>
   <div class='ocr_carea' id='block_1_13' title="bbox 155 2824 676 2915">
    <p class='ocr_par' dir='ltr' id='par_1_15' title="bbox 155 2824 676 2915">
     <span class='ocr_line' id='line_1_54' title="bbox 155 2824 256 2859; baseline -0.033 0"><span class='ocrx_word' id='word_1_294' title='bbox 155 2824 256 2859; x_wconf 79' lang='lat' dir='ltr'>cavit.</span> 
     </span>
     <span class='ocr_line' id='line_1_55' title="bbox 201 2867 676 2915; baseline -0.008 -11"><span class='ocrx_word' id='word_1_295' title='bbox 201 2868 264 2915; x_wconf 89' lang='grc' dir='ltr'>δὴ]</span> <span class='ocrx_word' id='word_1_296' title='bbox 291 2881 356 2903; x_wconf 88' lang='lat' dir='ltr'>om.</span> <span class='ocrx_word' id='word_1_297' title='bbox 382 2869 468 2903; x_wconf 88' lang='lat' dir='ltr'>Lob.</span> <span class='ocrx_word' id='word_1_298' title='bbox 495 2869 572 2901; x_wconf 86' lang='lat' dir='ltr'>vat.</span> <span class='ocrx_word' id='word_1_299' title='bbox 597 2867 676 2901; x_wconf 88' lang='grc' dir='ltr'><strong>ΒΜ.</strong></span> 
     </span>
    </p>
   </div>
   <div class='ocr_carea' id='block_1_14' title="bbox 879 1163 1545 1302">
    <p class='ocr_par' dir='ltr' id='par_1_16' title="bbox 879 1163 1545 1302">
     <span class='ocr_line' id='line_1_56' title="bbox 925 1163 1545 1212; baseline -0.006 -11"><span class='ocrx_word' id='word_1_300' title='bbox 925 1167 1050 1212; x_wconf 77' lang='grc' dir='ltr'><em>πῶς,·]</em></span> <span class='ocrx_word' id='word_1_301' title='bbox 1084 1167 1118 1200; x_wconf 89' lang='lat' dir='ltr'>in</span> <span class='ocrx_word' id='word_1_302' title='bbox 1156 1165 1255 1201; x_wconf 88' lang='lat' dir='ltr'>Vind.</span> <span class='ocrx_word' id='word_1_303' title='bbox 1290 1165 1330 1199; x_wconf 84' lang='lat' dir='ltr'>F.</span> <span class='ocrx_word' id='word_1_304' title='bbox 1367 1163 1545 1198; x_wconf 87' lang='lat' dir='ltr'>encliticon</span> 
     </span>
     <span class='ocr_line' id='line_1_57' title="bbox 879 1219 1542 1302; baseline -0.006 -9"><span class='ocrx_word' id='word_1_305' title='bbox 879 1219 1055 1302; x_wconf 49' lang='grc' dir='ltr'>Θδῖτοῢτο]</span> <span class='ocrx_word' id='word_1_306' title='bbox 1078 1258 1140 1291; x_wconf 85' lang='lat' dir='ltr'>int.</span> <span class='ocrx_word' id='word_1_307' title='bbox 1166 1269 1256 1291; x_wconf 80' lang='lat' dir='ltr'>verS.</span> <span class='ocrx_word' id='word_1_308' title='bbox 1274 1257 1378 1290; x_wconf 88' lang='lat' dir='ltr'>habet</span> <span class='ocrx_word' id='word_1_309' title='bbox 1389 1256 1487 1291; x_wconf 88' lang='lat' dir='ltr'>Vind.</span> <span class='ocrx_word' id='word_1_310' title='bbox 1502 1256 1542 1289; x_wconf 90' lang='lat' dir='ltr'>B.</span> 
     </span>
    </p>
   </div>
   <div class='ocr_carea' id='block_1_15' title="bbox 922 1301 1606 1349">
    <p class='ocr_par' dir='ltr' id='par_1_17' title="bbox 922 1301 1606 1349">
     <span class='ocr_line' id='line_1_58' title="bbox 922 1301 1606 1349; baseline -0.004 -11"><span class='ocrx_word' id='word_1_311' title='bbox 922 1303 1002 1349; x_wconf 81' lang='grc' dir='ltr'><em>καὶ]</em></span> <span class='ocrx_word' id='word_1_312' title='bbox 1031 1316 1096 1339; x_wconf 92' lang='lat' dir='ltr'>om.</span> <span class='ocrx_word' id='word_1_313' title='bbox 1120 1305 1200 1338; x_wconf 85' lang='lat' dir='ltr'>Vat</span> <span class='ocrx_word' id='word_1_314' title='bbox 1227 1304 1268 1339; x_wconf 86' lang='grc' dir='ltr'><strong>Β.</strong></span> <span class='ocrx_word' id='word_1_315' title='bbox 1295 1304 1378 1337; x_wconf 92' lang='lat' dir='ltr'>Ven.</span> <span class='ocrx_word' id='word_1_316' title='bbox 1404 1303 1444 1336; x_wconf 90' lang='lat' dir='ltr'>B.</span> <span class='ocrx_word' id='word_1_317' title='bbox 1482 1301 1538 1336; x_wconf 87' lang='lat' dir='ltr'>Cf.</span> <span class='ocrx_word' id='word_1_318' title='bbox 1569 1302 1606 1343; x_wconf 90' lang='lat' dir='ltr'>D</span> 
     </span>
    </p>
   </div>
   <div class='ocr_carea' id='block_1_16' title="bbox 871 1346 1546 2903">
    <p class='ocr_par' dir='ltr' id='par_1_18' title="bbox 876 1346 1546 2037">
     <span class='ocr_line' id='line_1_59' title="bbox 876 1346 1540 1406; baseline -0.005 -22"><span class='ocrx_word' id='word_1_319' title='bbox 876 1351 1005 1384; x_wconf 84' lang='lat' dir='ltr'>Phileb.</span> <span class='ocrx_word' id='word_1_320' title='bbox 1042 1362 1076 1406; x_wconf 90' lang='lat' dir='ltr'>p.</span> <span class='ocrx_word' id='word_1_321' title='bbox 1102 1350 1159 1385; x_wconf 75' lang='lat'>25.</span> <span class='ocrx_word' id='word_1_322' title='bbox 1185 1350 1232 1382; x_wconf 90' lang='lat' dir='ltr'>B:</span> <span class='ocrx_word' id='word_1_323' title='bbox 1265 1347 1308 1383; x_wconf 86' lang='grc' dir='ltr'>τὸ</span> <span class='ocrx_word' id='word_1_324' title='bbox 1348 1346 1386 1383; x_wconf 87' lang='grc' dir='ltr'>δε</span> <span class='ocrx_word' id='word_1_325' title='bbox 1412 1348 1540 1391; x_wconf 85' lang='grc' dir='ltr'><em>τρίτον</em></span> 
     </span>
     <span class='ocr_line' id='line_1_60' title="bbox 877 1392 1544 1439; baseline -0.006 -8"><span class='ocrx_word' id='word_1_326' title='bbox 877 1395 920 1431; x_wconf 88' lang='grc' dir='ltr'>τὸ</span> <span class='ocrx_word' id='word_1_327' title='bbox 956 1396 1087 1439; x_wconf 87' lang='grc' dir='ltr'><em>μικτὸν</em></span> <span class='ocrx_word' id='word_1_328' title='bbox 1128 1393 1166 1429; x_wconf 80' lang='grc' dir='ltr'>ἐκ</span> <span class='ocrx_word' id='word_1_329' title='bbox 1206 1393 1357 1429; x_wconf 83' lang='grc' dir='ltr'><em>τούτοιν</em></span> <span class='ocrx_word' id='word_1_330' title='bbox 1399 1392 1544 1437; x_wconf 85' lang='grc' dir='ltr'><em>άμφοῖν</em></span> 
     </span>
     <span class='ocr_line' id='line_1_61' title="bbox 877 1438 1543 1499; baseline -0.003 -22.92"><span class='ocrx_word' id='word_1_331' title='bbox 877 1443 964 1476; x_wconf 84' lang='grc' dir='ltr'><em>τίνα</em></span> <span class='ocrx_word' id='word_1_332' title='bbox 989 1440 1094 1476; x_wconf 84' lang='grc' dir='ltr'><em>ἰδέαν</em></span> <span class='ocrx_word' id='word_1_333' title='bbox 1118 1439 1286 1499; x_wconf 82' lang='grc' dir='ltr'><em>φήσομεν</em></span> <span class='ocrx_word' id='word_1_334' title='bbox 1305 1440 1421 1495; x_wconf 72' lang='grc' dir='ltr'><em>ἔχεινς</em></span> <span class='ocrx_word' id='word_1_335' title='bbox 1441 1438 1543 1488; x_wconf 74' lang='grc' dir='ltr'><em>Πριό.</em></span> 
     </span>
     <span class='ocr_line' id='line_1_62' title="bbox 881 1485 1544 1532; baseline -0.006 -9"><span class='ocrx_word' id='word_1_336' title='bbox 881 1487 938 1523; x_wconf 83' lang='grc' dir='ltr'>Σὺ</span> <span class='ocrx_word' id='word_1_337' title='bbox 964 1501 1028 1522; x_wconf 81' lang='grc' dir='ltr'>και</span> <span class='ocrx_word' id='word_1_338' title='bbox 1053 1485 1133 1531; x_wconf 79' lang='grc' dir='ltr'><em>ἐμοὶ</em></span> <span class='ocrx_word' id='word_1_339' title='bbox 1159 1485 1328 1532; x_wconf 74' lang='grc' dir='ltr'><em>φράσεις,</em></span> <span class='ocrx_word' id='word_1_340' title='bbox 1354 1498 1405 1525; x_wconf 87' lang='grc' dir='ltr'>ως</span> <span class='ocrx_word' id='word_1_341' title='bbox 1431 1490 1544 1529; x_wconf 85' lang='grc' dir='ltr'><em>οἱμαι.</em></span> 
     </span>
     <span class='ocr_line' id='line_1_63' title="bbox 879 1533 1544 1569; baseline -0.006 0"><span class='ocrx_word' id='word_1_342' title='bbox 879 1537 930 1569; x_wconf 88' lang='lat' dir='ltr'>Ac</span> <span class='ocrx_word' id='word_1_343' title='bbox 969 1535 1104 1568; x_wconf 88' lang='lat' dir='ltr'>videtur</span> <span class='ocrx_word' id='word_1_344' title='bbox 1137 1545 1204 1567; x_wconf 90' lang='lat' dir='ltr'>non</span> <span class='ocrx_word' id='word_1_345' title='bbox 1251 1534 1316 1566; x_wconf 90' lang='lat' dir='ltr'>nisi</span> <span class='ocrx_word' id='word_1_346' title='bbox 1361 1533 1544 1567; x_wconf 87' lang='lat' dir='ltr'>accedente</span> 
     </span>
     <span class='ocr_line' id='line_1_64' title="bbox 878 1579 1544 1625; baseline -0.003 -11"><span class='ocrx_word' id='word_1_347' title='bbox 878 1581 1060 1625; x_wconf 80' lang='lat' dir='ltr'>particula,</span> <span class='ocrx_word' id='word_1_348' title='bbox 1075 1592 1142 1625; x_wconf 88' lang='lat' dir='ltr'>qua</span> <span class='ocrx_word' id='word_1_349' title='bbox 1164 1580 1396 1624; x_wconf 85' lang='lat' dir='ltr'>interrogatus</span> <span class='ocrx_word' id='word_1_350' title='bbox 1408 1579 1479 1612; x_wconf 89' lang='lat' dir='ltr'>ab</span> <span class='ocrx_word' id='word_1_351' title='bbox 1470 1590 1544 1623; x_wconf 81' lang='lat' dir='ltr'>ipso</span> 
     </span>
     <span class='ocr_line' id='line_1_65' title="bbox 878 1625 1546 1670; baseline -0.004 -10"><span class='ocrx_word' id='word_1_352' title='bbox 878 1629 1112 1670; x_wconf 82' lang='lat' dir='ltr'>interrogante</span> <span class='ocrx_word' id='word_1_353' title='bbox 1144 1638 1185 1659; x_wconf 81' lang='lat' dir='ltr'>ex</span> <span class='ocrx_word' id='word_1_354' title='bbox 1217 1637 1356 1659; x_wconf 86' lang='lat' dir='ltr'>numero</span> <span class='ocrx_word' id='word_1_355' title='bbox 1384 1625 1546 1668; x_wconf 83' lang='lat' dir='ltr'>ignoran—</span> 
     </span>
     <span class='ocr_line' id='line_1_66' title="bbox 879 1670 1544 1717; baseline -0.005 -11"><span class='ocrx_word' id='word_1_356' title='bbox 879 1673 963 1706; x_wconf 87' lang='lat' dir='ltr'>tium</span> <span class='ocrx_word' id='word_1_357' title='bbox 980 1678 1170 1717; x_wconf 87' lang='lat' dir='ltr'>exemptum</span> <span class='ocrx_word' id='word_1_358' title='bbox 1188 1671 1329 1716; x_wconf 85' lang='lat' dir='ltr'>eiusque</span> <span class='ocrx_word' id='word_1_359' title='bbox 1353 1671 1491 1705; x_wconf 82' lang='lat' dir='ltr'>scientis</span> <span class='ocrx_word' id='word_1_360' title='bbox 1510 1670 1544 1704; x_wconf 88' lang='lat' dir='ltr'>in</span> 
     </span>
     <span class='ocr_line' id='line_1_67' title="bbox 879 1717 1544 1762; baseline -0.003 -11"><span class='ocrx_word' id='word_1_361' title='bbox 879 1719 1077 1751; x_wconf 82' lang='lat' dir='ltr'>societatem</span> <span class='ocrx_word' id='word_1_362' title='bbox 1101 1724 1274 1762; x_wconf 86' lang='lat' dir='ltr'>receptum</span> <span class='ocrx_word' id='word_1_363' title='bbox 1308 1717 1349 1750; x_wconf 86' lang='lat' dir='ltr'>iri</span> <span class='ocrx_word' id='word_1_364' title='bbox 1375 1722 1544 1761; x_wconf 84' lang='lat' dir='ltr'>speraret,</span> 
     </span>
     <span class='ocr_line' id='line_1_68' title="bbox 876 1763 1544 1807; baseline -0.003 -10"><span class='ocrx_word' id='word_1_365' title='bbox 876 1764 1039 1798; x_wconf 89' lang='lat' dir='ltr'>iocularis</span> <span class='ocrx_word' id='word_1_366' title='bbox 1064 1775 1140 1797; x_wconf 90' lang='lat' dir='ltr'>esse</span> <span class='ocrx_word' id='word_1_367' title='bbox 1163 1763 1268 1796; x_wconf 88' lang='lat' dir='ltr'>dictio</span> <span class='ocrx_word' id='word_1_368' title='bbox 1287 1763 1450 1807; x_wconf 84' lang='lat' dir='ltr'>potuisse.</span> <span class='ocrx_word' id='word_1_369' title='bbox 1483 1763 1544 1796; x_wconf 94' lang='lat' dir='ltr'>Sic</span> 
     </span>
     <span class='ocr_line' id='line_1_69' title="bbox 878 1805 1542 1863; baseline -0.003 -21"><span class='ocrx_word' id='word_1_370' title='bbox 878 1810 979 1843; x_wconf 83' lang='lat' dir='ltr'>etiam</span> <span class='ocrx_word' id='word_1_371' title='bbox 1004 1810 1223 1843; x_wconf 77' lang='lat' dir='ltr'>scholiastes·</span> <span class='ocrx_word' id='word_1_372' title='bbox 1248 1811 1443 1863; x_wconf 83' lang='grc' dir='ltr'><em>παροιμία,</em></span> <span class='ocrx_word' id='word_1_373' title='bbox 1461 1805 1542 1862; x_wconf 68' lang='grc' dir='ltr'><em>’ἡνί-</em></span> 
     </span>
     <span class='ocr_line' id='line_1_70' title="bbox 876 1851 1543 1912; baseline -0.003 -23"><span class='ocrx_word' id='word_1_374' title='bbox 876 1868 925 1890; x_wconf 81' lang='grc' dir='ltr'>κα</span> <span class='ocrx_word' id='word_1_375' title='bbox 956 1868 1011 1895; x_wconf 85' lang='grc' dir='ltr'><em>τις</em></span> <span class='ocrx_word' id='word_1_376' title='bbox 1044 1853 1245 1912; x_wconf 76' lang='grc' dir='ltr'><em>ἐρωτηθείς</em></span> <span class='ocrx_word' id='word_1_377' title='bbox 1270 1867 1305 1888; x_wconf 90' lang='grc' dir='ltr'><em>τι</em></span> <span class='ocrx_word' id='word_1_378' title='bbox 1329 1851 1406 1889; x_wconf 85' lang='grc' dir='ltr'>υπὸ</span> <span class='ocrx_word' id='word_1_379' title='bbox 1434 1852 1543 1897; x_wconf 73' lang='grc' dir='ltr'><em>γινώ-</em></span> 
     </span>
     <span class='ocr_line' id='line_1_71' title="bbox 877 1898 1543 1955; baseline -0.003 -19"><span class='ocrx_word' id='word_1_380' title='bbox 877 1913 1031 1941; x_wconf 79' lang='grc' dir='ltr'><em>σκοντος</em></span> <span class='ocrx_word' id='word_1_381' title='bbox 1072 1900 1116 1935; x_wconf 83' lang='grc' dir='ltr'>τὸ</span> <span class='ocrx_word' id='word_1_382' title='bbox 1164 1898 1375 1955; x_wconf 74' lang='grc' dir='ltr'><em>ἐρωτηθὲν,</em></span> <span class='ocrx_word' id='word_1_383' title='bbox 1425 1898 1543 1939; x_wconf 78' lang='grc' dir='ltr'><em>αὐτὸς</em></span> 
     </span>
     <span class='ocr_line' id='line_1_72' title="bbox 876 1944 1540 2005; baseline -0.002 -24"><span class='ocrx_word' id='word_1_384' title='bbox 876 1946 1035 2005; x_wconf 72' lang='grc' dir='ltr'><em>ἀγνοῶν,</em></span> <span class='ocrx_word' id='word_1_385' title='bbox 1061 1944 1180 1987; x_wconf 78' lang='grc' dir='ltr'><em>οὕτως</em></span> <span class='ocrx_word' id='word_1_386' title='bbox 1205 1945 1470 1992; x_wconf 73' lang='grc' dir='ltr'><em>ἀποκρίνηται·</em></span> <span class='ocrx_word' id='word_1_387' title='bbox 1495 1945 1540 1981; x_wconf 83' lang='grc' dir='ltr'>σὺ</span> 
     </span>
     <span class='ocr_line' id='line_1_73' title="bbox 875 1991 1174 2048; baseline -0.003 -19.997"><span class='ocrx_word' id='word_1_388' title='bbox 875 1993 938 2028; x_wconf 81' lang='grc' dir='ltr'>καὶ</span> <span class='ocrx_word' id='word_1_389' title='bbox 962 1991 1044 2048; x_wconf 70' lang='grc' dir='ltr'><em>ἐμοὶ</em></span> <span class='ocrx_word' id='word_1_390' title='bbox 1069 1992 1174 2036; x_wconf 78' lang='grc' dir='ltr'><em>ἐρεῖς.</em></span> 
     </span>
    </p>

    <p class='ocr_par' dir='ltr' id='par_1_19' title="bbox 874 2038 1537 2122">
     <span class='ocr_line' id='line_1_74' title="bbox 920 2038 1537 2085; baseline -0.006 -11"><span class='ocrx_word' id='word_1_391' title='bbox 920 2052 1011 2083; x_wconf 76' lang='grc' dir='ltr'><em>μετα</em></span> <span class='ocrx_word' id='word_1_392' title='bbox 1035 2041 1170 2085; x_wconf 86' lang='grc' dir='ltr'><em>τοῦτο]</em></span> <span class='ocrx_word' id='word_1_393' title='bbox 1205 2051 1330 2084; x_wconf 74' lang='grc' dir='ltr'><em>μετατ.</em></span> <span class='ocrx_word' id='word_1_394' title='bbox 1368 2040 1398 2074; x_wconf 59' lang='lat' dir='ltr'>i</span> <span class='ocrx_word' id='word_1_395' title='bbox 1403 2038 1470 2072; x_wconf 89' lang='lat' dir='ltr'>iud.</span> <span class='ocrx_word' id='word_1_396' title='bbox 1495 2038 1537 2072; x_wconf 83' lang='lat' dir='ltr'>E.</span> 
     </span>
     <span class='ocr_line' id='line_1_75' title="bbox 874 2087 1136 2122; baseline -0.008 -1"><span class='ocrx_word' id='word_1_397' title='bbox 874 2087 951 2121; x_wconf 83' lang='lat' dir='ltr'>Ald.</span> <span class='ocrx_word' id='word_1_398' title='bbox 976 2087 1057 2122; x_wconf 83' lang='lat' dir='ltr'>Bas.</span> <span class='ocrx_word' id='word_1_399' title='bbox 1082 2087 1136 2120; x_wconf 81' lang='lat' dir='ltr'>ab.</span> 
     </span>
    </p>

    <p class='ocr_par' dir='ltr' id='par_1_20' title="bbox 919 2130 1390 2176">
     <span class='ocr_line' id='line_1_76' title="bbox 919 2130 1390 2176; baseline 0 -11"><span class='ocrx_word' id='word_1_400' title='bbox 919 2133 1051 2176; x_wconf 79' lang='grc' dir='ltr'><em>κῶμοι]</em></span> <span class='ocrx_word' id='word_1_401' title='bbox 1077 2130 1195 2175; x_wconf 70' lang='grc' dir='ltr'><em>κῶμοι</em></span> <span class='ocrx_word' id='word_1_402' title='bbox 1223 2132 1322 2165; x_wconf 89' lang='lat' dir='ltr'>Vind.</span> <span class='ocrx_word' id='word_1_403' title='bbox 1347 2132 1390 2165; x_wconf 83' lang='lat' dir='ltr'>E.</span> 
     </span>
    </p>

    <p class='ocr_par' dir='ltr' id='par_1_21' title="bbox 871 2176 1541 2903">
     <span class='ocr_line' id='line_1_77' title="bbox 920 2176 1536 2221; baseline -0.003 -10"><span class='ocrx_word' id='word_1_404' title='bbox 920 2177 1086 2221; x_wconf 77' lang='grc' dir='ltr'><em>θάλειαι]</em></span> <span class='ocrx_word' id='word_1_405' title='bbox 1114 2179 1167 2211; x_wconf 87' lang='lat' dir='ltr'>Ita</span> <span class='ocrx_word' id='word_1_406' title='bbox 1192 2179 1270 2212; x_wconf 85' lang='lat' dir='ltr'>Par.</span> <span class='ocrx_word' id='word_1_407' title='bbox 1282 2179 1322 2211; x_wconf 74' lang='lat' dir='ltr'>A.</span> <span class='ocrx_word' id='word_1_408' title='bbox 1348 2176 1536 2211; x_wconf 67' lang='lat' dir='ltr'>Vind.BE.</span> 
     </span>
     <span class='ocr_line' id='line_1_78' title="bbox 875 2223 1538 2258; baseline -0.005 0"><span class='ocrx_word' id='word_1_409' title='bbox 875 2225 954 2258; x_wconf 85' lang='lat' dir='ltr'>Vat.</span> <span class='ocrx_word' id='word_1_410' title='bbox 974 2225 1018 2258; x_wconf 89' lang='lat' dir='ltr'>H.</span> <span class='ocrx_word' id='word_1_411' title='bbox 1045 2225 1138 2258; x_wconf 91' lang='lat' dir='ltr'>Flor.</span> <span class='ocrx_word' id='word_1_412' title='bbox 1153 2225 1255 2258; x_wconf 78' lang='lat' dir='ltr'>ACV.</span> <span class='ocrx_word' id='word_1_413' title='bbox 1280 2225 1433 2257; x_wconf 84' lang='grc' dir='ltr'><em>θαλεῖαι</em></span> <span class='ocrx_word' id='word_1_414' title='bbox 1454 2223 1538 2256; x_wconf 92' lang='lat' dir='ltr'>Ven.</span> 
     </span>
     <span class='ocr_line' id='line_1_79' title="bbox 874 2269 1536 2314; baseline -0.003 -10"><span class='ocrx_word' id='word_1_415' title='bbox 874 2271 915 2304; x_wconf 86' lang='lat' dir='ltr'>B.</span> <span class='ocrx_word' id='word_1_416' title='bbox 948 2271 1082 2304; x_wconf 79' lang='grc' dir='ltr'><em>θαλίαι</em></span> <span class='ocrx_word' id='word_1_417' title='bbox 1115 2282 1191 2305; x_wconf 85' lang='lat' dir='ltr'>cum</span> <span class='ocrx_word' id='word_1_418' title='bbox 1225 2281 1256 2303; x_wconf 82' lang='grc' dir='ltr'><em>ει</em></span> <span class='ocrx_word' id='word_1_419' title='bbox 1281 2281 1383 2314; x_wconf 89' lang='lat' dir='ltr'>super</span> <span class='ocrx_word' id='word_1_420' title='bbox 1415 2269 1536 2302; x_wconf 68' lang='lat' dir='ltr'>[Lob.</span> 
     </span>
     <span class='ocr_line' id='line_1_80' title="bbox 873 2314 1539 2360; baseline -0.002 -10"><span class='ocrx_word' id='word_1_421' title='bbox 873 2314 1008 2350; x_wconf 86' lang='grc' dir='ltr'><em>θάλίαι</em></span> <span class='ocrx_word' id='word_1_422' title='bbox 1030 2318 1112 2350; x_wconf 86' lang='lat' dir='ltr'>item</span> <span class='ocrx_word' id='word_1_423' title='bbox 1139 2328 1214 2349; x_wconf 89' lang='lat' dir='ltr'>cum</span> <span class='ocrx_word' id='word_1_424' title='bbox 1239 2327 1270 2349; x_wconf 79' lang='grc' dir='ltr'><em>ει</em></span> <span class='ocrx_word' id='word_1_425' title='bbox 1294 2326 1397 2360; x_wconf 87' lang='lat' dir='ltr'>super</span> <span class='ocrx_word' id='word_1_426' title='bbox 1427 2314 1440 2348; x_wconf 89' lang='grc' dir='ltr'><em>ί</em></span> <span class='ocrx_word' id='word_1_427' title='bbox 1459 2316 1539 2350; x_wconf 79' lang='lat' dir='ltr'>Vat.</span> 
     </span>
     <span class='ocr_line' id='line_1_81' title="bbox 873 2361 1538 2397; baseline -0.002 -1"><span class='ocrx_word' id='word_1_428' title='bbox 873 2362 924 2396; x_wconf 85' lang='lat' dir='ltr'>M.</span> <span class='ocrx_word' id='word_1_429' title='bbox 966 2363 1100 2397; x_wconf 82' lang='grc' dir='ltr'><em>θαλίαι</em></span> <span class='ocrx_word' id='word_1_430' title='bbox 1146 2362 1246 2396; x_wconf 78' lang='lat' dir='ltr'>Vind.</span> <span class='ocrx_word' id='word_1_431' title='bbox 1284 2362 1329 2395; x_wconf 89' lang='lat' dir='ltr'>F.</span> <span class='ocrx_word' id='word_1_432' title='bbox 1356 2361 1463 2395; x_wconf 74' lang='lat' dir='ltr'>Mon.</span> <span class='ocrx_word' id='word_1_433' title='bbox 1498 2361 1538 2395; x_wconf 89' lang='lat' dir='ltr'>B.</span> 
     </span>
     <span class='ocr_line' id='line_1_82' title="bbox 874 2406 1541 2452; baseline -0.003 -10"><span class='ocrx_word' id='word_1_434' title='bbox 874 2410 972 2452; x_wconf 86' lang='lat' dir='ltr'>(Par.</span> <span class='ocrx_word' id='word_1_435' title='bbox 999 2409 1043 2442; x_wconf 87' lang='lat' dir='ltr'>K.</span> <span class='ocrx_word' id='word_1_436' title='bbox 1079 2409 1171 2444; x_wconf 80' lang='lat' dir='ltr'>Flor.</span> <span class='ocrx_word' id='word_1_437' title='bbox 1194 2408 1307 2442; x_wconf 89' lang='lat' dir='ltr'>RTU.</span> <span class='ocrx_word' id='word_1_438' title='bbox 1374 2407 1426 2440; x_wconf 90' lang='lat' dir='ltr'>De</span> <span class='ocrx_word' id='word_1_439' title='bbox 1460 2406 1541 2441; x_wconf 89' lang='lat' dir='ltr'>reli-</span> 
     </span>
     <span class='ocr_line' id='line_1_83' title="bbox 875 2454 1540 2500; baseline -0.003 -12"><span class='ocrx_word' id='word_1_440' title='bbox 875 2455 951 2500; x_wconf 89' lang='lat' dir='ltr'>quis</span> <span class='ocrx_word' id='word_1_441' title='bbox 983 2454 1135 2488; x_wconf 83' lang='lat' dir='ltr'>Bekkeri</span> <span class='ocrx_word' id='word_1_442' title='bbox 1170 2454 1342 2487; x_wconf 77' lang='lat' dir='ltr'>codicibus</span> <span class='ocrx_word' id='word_1_443' title='bbox 1366 2465 1432 2486; x_wconf 85' lang='lat' dir='ltr'>non</span> <span class='ocrx_word' id='word_1_444' title='bbox 1459 2464 1540 2486; x_wconf 93' lang='lat' dir='ltr'>con—</span> 
     </span>
     <span class='ocr_line' id='line_1_84' title="bbox 873 2499 1538 2545; baseline -0.005 -11"><span class='ocrx_word' id='word_1_445' title='bbox 873 2502 974 2545; x_wconf 89' lang='lat' dir='ltr'>stat.)</span> <span class='ocrx_word' id='word_1_446' title='bbox 1019 2507 1054 2534; x_wconf 86' lang='lat' dir='ltr'>et</span> <span class='ocrx_word' id='word_1_447' title='bbox 1090 2500 1167 2534; x_wconf 82' lang='lat' dir='ltr'>Ald.</span> <span class='ocrx_word' id='word_1_448' title='bbox 1202 2500 1283 2533; x_wconf 85' lang='lat' dir='ltr'>Bas.</span> <span class='ocrx_word' id='word_1_449' title='bbox 1330 2500 1384 2532; x_wconf 88' lang='lat' dir='ltr'>ab.</span> <span class='ocrx_word' id='word_1_450' title='bbox 1417 2499 1538 2543; x_wconf 83' lang='lat' dir='ltr'>steph.</span> 
     </span>
     <span class='ocr_line' id='line_1_85' title="bbox 873 2545 1538 2590; baseline -0.005 -10"><span class='ocrx_word' id='word_1_451' title='bbox 873 2549 949 2581; x_wconf 84' lang='lat' dir='ltr'>Ast.</span> <span class='ocrx_word' id='word_1_452' title='bbox 985 2559 1038 2590; x_wconf 86' lang='lat' dir='ltr'>pr.</span> <span class='ocrx_word' id='word_1_453' title='bbox 1073 2558 1144 2581; x_wconf 87' lang='lat' dir='ltr'>sec.</span> <span class='ocrx_word' id='word_1_454' title='bbox 1205 2546 1246 2578; x_wconf 88' lang='lat' dir='ltr'>Id</span> <span class='ocrx_word' id='word_1_455' title='bbox 1281 2545 1538 2586; x_wconf 64' lang='lat' dir='ltr'>Stallbaxmius,</span> 
     </span>
     <span class='ocr_line' id='line_1_86' title="bbox 871 2588 1537 2638; baseline -0.003 -12"><span class='ocrx_word' id='word_1_456' title='bbox 871 2593 932 2638; x_wconf 86' lang='lat' dir='ltr'>qui</span> <span class='ocrx_word' id='word_1_457' title='bbox 956 2593 991 2626; x_wconf 89' lang='lat' dir='ltr'>in</span> <span class='ocrx_word' id='word_1_458' title='bbox 1016 2604 1069 2637; x_wconf 89' lang='lat' dir='ltr'>pr.</span> <span class='ocrx_word' id='word_1_459' title='bbox 1101 2604 1177 2626; x_wconf 84' lang='lat' dir='ltr'>cum</span> <span class='ocrx_word' id='word_1_460' title='bbox 1201 2592 1360 2625; x_wconf 86' lang='lat' dir='ltr'>Bekkero</span> <span class='ocrx_word' id='word_1_461' title='bbox 1384 2588 1537 2625; x_wconf 78' lang='grc' dir='ltr'><em>θάλειαι</em></span> 
     </span>
     <span class='ocr_line' id='line_1_87' title="bbox 872 2637 1537 2682; baseline -0.002 -11"><span class='ocrx_word' id='word_1_462' title='bbox 872 2639 1050 2680; x_wconf 85' lang='lat' dir='ltr'>ediderat,</span> <span class='ocrx_word' id='word_1_463' title='bbox 1080 2637 1117 2672; x_wconf 87' lang='lat' dir='ltr'>in</span> <span class='ocrx_word' id='word_1_464' title='bbox 1146 2650 1215 2672; x_wconf 88' lang='lat' dir='ltr'>sec.</span> <span class='ocrx_word' id='word_1_465' title='bbox 1239 2637 1380 2682; x_wconf 86' lang='lat' dir='ltr'>repetiit</span> <span class='ocrx_word' id='word_1_466' title='bbox 1409 2637 1537 2670; x_wconf 80' lang='lat' dir='ltr'>Eusta-</span> 
     </span>
     <span class='ocr_line' id='line_1_88' title="bbox 872 2683 1536 2726; baseline -0.005 -8"><span class='ocrx_word' id='word_1_467' title='bbox 872 2685 981 2718; x_wconf 87' lang='lat' dir='ltr'>thium</span> <span class='ocrx_word' id='word_1_468' title='bbox 1005 2690 1144 2718; x_wconf 88' lang='lat' dir='ltr'>secutus</span> <span class='ocrx_word' id='word_1_469' title='bbox 1168 2685 1299 2717; x_wconf 90' lang='lat' dir='ltr'>duobus</span> <span class='ocrx_word' id='word_1_470' title='bbox 1322 2683 1425 2725; x_wconf 87' lang='lat' dir='ltr'>locis,</span> <span class='ocrx_word' id='word_1_471' title='bbox 1451 2694 1536 2726; x_wconf 89' lang='lat' dir='ltr'>quos</span> 
     </span>
     <span class='ocr_line' id='line_1_89' title="bbox 873 2729 1535 2783; baseline -0.006 -19"><span class='ocrx_word' id='word_1_472' title='bbox 873 2731 1088 2774; x_wconf 81' lang='lat' dir='ltr'>negligenter</span> <span class='ocrx_word' id='word_1_473' title='bbox 1120 2736 1301 2783; x_wconf 87' lang='lat' dir='ltr'>excerptos</span> <span class='ocrx_word' id='word_1_474' title='bbox 1325 2730 1359 2762; x_wconf 89' lang='lat' dir='ltr'>in</span> <span class='ocrx_word' id='word_1_475' title='bbox 1393 2729 1535 2761; x_wconf 87' lang='lat' dir='ltr'>adnota—</span> 
     </span>
     <span class='ocr_line' id='line_1_90' title="bbox 874 2772 1536 2831; baseline -0.003 -22"><span class='ocrx_word' id='word_1_476' title='bbox 874 2777 965 2809; x_wconf 86' lang='lat' dir='ltr'>tione</span> <span class='ocrx_word' id='word_1_477' title='bbox 997 2776 1116 2810; x_wconf 87' lang='lat' dir='ltr'>critica</span> <span class='ocrx_word' id='word_1_478' title='bbox 1136 2776 1272 2831; x_wconf 83' lang='lat' dir='ltr'>posuit,</span> <span class='ocrx_word' id='word_1_479' title='bbox 1303 2774 1443 2809; x_wconf 87' lang='grc' dir='ltr'><em>θαλίαν</em></span> <span class='ocrx_word' id='word_1_480' title='bbox 1467 2772 1536 2830; x_wconf 59' lang='grc' dir='ltr'><em>τὴν</em></span> 
     </span>
     <span class='ocr_line' id='line_1_91' title="bbox 875 2819 1535 2865; baseline -0.005 -9"><span class='ocrx_word' id='word_1_481' title='bbox 875 2819 1056 2865; x_wconf 71' lang='grc' dir='ltr'><em>εὐωχίαν,</em></span> <span class='ocrx_word' id='word_1_482' title='bbox 1089 2821 1249 2857; x_wconf 82' lang='grc' dir='ltr'><em>θάλειαν</em></span> <span class='ocrx_word' id='word_1_483' title='bbox 1283 2832 1366 2854; x_wconf 87' lang='lat' dir='ltr'>vero</span> <span class='ocrx_word' id='word_1_484' title='bbox 1405 2821 1535 2860; x_wconf 86' lang='grc' dir='ltr'><em>δαιτος</em></span> 
     </span>
     <span class='ocr_line' id='line_1_92' title="bbox 875 2848 1535 2903; baseline -0.002 -1"><span class='ocrx_word' id='word_1_485' title='bbox 875 2848 1056 2903; x_wconf 76' lang='grc' dir='ltr'><em>ἐπίθετον</em></span> <span class='ocrx_word' id='word_1_486' title='bbox 1084 2874 1120 2903; x_wconf 83' lang='lat' dir='ltr'>et.</span> <span class='ocrx_word' id='word_1_487' title='bbox 1151 2869 1273 2902; x_wconf 89' lang='lat' dir='ltr'>Musae</span> <span class='ocrx_word' id='word_1_488' title='bbox 1305 2878 1425 2901; x_wconf 86' lang='lat' dir='ltr'>nomen</span> <span class='ocrx_word' id='word_1_489' title='bbox 1459 2878 1535 2901; x_wconf 83' lang='lat' dir='ltr'>esse</span> 
     </span>
    </p>
   </div>
  </div>
 </body>
</html>
