1764 3176
260 124 342 164 142

711 120 1181 164 PLATONIS

196 235 230 276 E
259 233 455 283 θωπείας
483 231 558 274 καὶ
590 232 793 284 δουλείας
821 233 897 277 καὶ
924 232 1058 286 κόλαξ
1086 235 1175 276 τῶν
1202 233 1531 290 πονηροτάτων,
1560 235 1635 278 καὶ

253 300 329 351 τοὶς
359 300 595 355 ἐπιθυμίας
628 298 732 344 οὐδ’
765 301 1013 345 ὁπωστιοῦν
1042 299 1344 356 ἀποπιμπλὰς,
1377 299 1484 346 ἄλλα
1511 303 1634 346 πλεί-

253 381 371 413 στων
402 368 695 419 ἐπιδεέστατος
733 369 806 412 καὶ
835 369 966 425 πένης
985 373 1059 450 τῇ
1088 369 1270 427 ἀληθείᾳ
1301 371 1523 425 φαίνεται,
1555 369 1634 414 ἐάν

251 454 316 488 τις
347 436 455 493 ὅλην
486 436 632 492 ψυχήν
663 437 884 494 ἐπίστηται
912 435 1173 491 θεασασθαι,
1206 439 1280 482 καὶ
1311 437 1459 494 φόβου
1488 439 1634 494 γέμων

252 505 325 549 διὰ
352 504 515 557 παντὸς
545 509 625 548 τοῦ
655 508 756 561 βίου
789 508 1062 561 σφαδασμῶν
1085 522 1129 549 τε
1154 507 1228 549 καὶ
1258 504 1433 550 ὀδυνων
1453 507 1632 563 πλήρης,

252 576 369 629 εἴπερ
412 578 466 631 τῇ
507 578 581 630 τῆς
621 574 787 625 πόλεως
817 575 1029 627 διαθέσει,
1067 571 1119 631 ἧς
1149 575 1288 632 ἄρχει,
1321 576 1472 619 ἑᾚοικεν
1524 576 1635 619 ἔοικε

158 654 227 689 580

188 1230 225 1271 Ε

251 642 309 685 δέ.

370 637 396 699 ἦ
424 641 531 697 γάρς
566 643 653 685 Καὶ
684 642 824 698 μάλα,
856 644 952 699 ε’.φη

1015 643 1194 687 Οὐκοῦν
1223 645 1296 688 καὶ
1325 643 1436 698 πρὸς
1462 643 1636 696 τούτοις

250 710 310 754 ἔτι
341 710 630 765 αποδτόσομεν
666 715 728 768 τῷ
762 710 888 765 ἀνδρὶ
921 711 993 754 καὶ
1033 710 1060 754 ἃ
1098 711 1146 756 τὸ
1186 713 1403 767 πρότερον
1443 715 1635 768 εἴπομεν,

250 778 317 823 ὅτι
349 777 516 835 ἀνάγκη
548 779 620 822 καὶ
651 778 764 823 εἶναι
799 781 873 823 καὶ
904 780 965 822 ἔτι
995 783 1162 834 μᾶλλον
1190 783 1419 837 γίγνεσθαι
1450 780 1581 838 αὐτῷ,
1608 800 1635 838 η

1616 778 1636 796 Ἄ

249 847 490 905 πρότερον,
533 847 605 891 διοὶ
645 847 727 904 τήν
768 847 906 905 ἀρχὴν
958 853 1188 906 φθονερῷ,
1237 848 1426 906 ἀπίστῳ,
1477 846 1633 907 ἀδίκῳ,

297 995 360 1031 καὶ
383 994 496 1038 κόλαξ
519 997 595 1030 τῶν
618 994 914 1052 πονηροτατων,]

251 1043 450 1077 libidinibus
485 1044 768 1087 nequissimorum
806 1045 914 1078 homi-

251 1102 333 1123 num
357 1091 521 1123 adulator
544 1090 712 1123 Fic.1n
737 1090 812 1125 Ald.
837 1094 915 1135 post

250 1147 334 1169 πον.
360 1135 468 1177 nulla,
493 1141 572 1169 ante
594 1134 657 1170 και
682 1137 783 1182 plena
806 1136 914 1171 inter-

250 1182 388 1238 punctio
413 1187 477 1216 est.

297 1225 521 1272 ἐπιθυμίας]
557 1225 613 1261 ἐπ.
647 1226 710 1262 καὶ
743 1227 913 1267 δουλείας

249 1273 337 1308 Lob.
362 1274 454 1307 Mon.
480 1275 518 1307 B.
549 1275 629 1308 Vat.
655 1274 733 1309 ΒΜ.
762 1275 842 1308 Ven.
869 1274 911 1308 C.

248 1320 329 1354 Par.
355 1320 431 1353 DK.
460 1332 529 1353 sec.
553 1320 661 1353 Bekk.
687 1321 783 1353 Flor.
811 1321 856 1356 U.

297 1363 522 1420 ὁπωστιοῦν]
550 1361 651 1404 ὅπως
670 1366 706 1399 τί
713 1365 794 1444 Ιούν
814 1366 913 1401 Vind.

247 1411 291 1444 F.
318 1408 448 1445 ὁτιοῦν
474 1412 558 1446 Lob.
584 1413 662 1448 Vat.

296 1454 566 1502 ἀποπιμπλὰς]

247 1504 350 1540 Vind.
376 1504 413 1537 F.

292 1550 486 1594 πλείστων]
511 1551 684 1584 πλεῖστον
708 1550 807 1585 Stob.
835 1550 910 1584 cod.

294 1638 572 1686 ἐπιδεέστατος]
634 1638 910 1683 ἐπιδεέστατος·

247 1689 369 1733 Steph.
396 1689 470 1722 Ast.
496 1700 545 1733 pr.
569 1700 639 1722 sec.
665 1689 805 1723 Ficinus
824 1701 914 1723 sem-

245 1745 312 1790 per
337 1734 478 1768 addidit.

296 1778 385 1825 ἐάν]
423 1776 488 1812 ἐαν
530 1776 573 1813 δέ
613 1781 710 1815 Stob.
752 1781 826 1816 cod.
870 1781 912 1818 A.

247 1826 364 1861 Trinc.
391 1825 503 1859 Gaisf.

295 1870 499 1915 ἐπίστηται]
530 1868 721 1915 ε’πιστηται
743 1872 844 1907 vind.
869 1873 910 1907 F.

249 1915 540 1962 fimovfitoctAng.
552 1919 592 1953 Β.
604 1916 797 1952 ἐπίσταται
817 1919 910 1952 Mon.

247 1966 289 2000 Β.
314 1966 412 1998 Stob.
446 1964 519 1997 cod.
544 1963 584 1998 Β.
632 1964 746 1998 Etiam
770 1966 805 1998 in
830 1965 908 2000 Par.

245 2012 287 2046 A.
308 2008 499 2055 ἔπιστῆται
516 2010 676 2053 scriptum
694 2023 769 2044 esse
789 2022 830 2044 ex
849 2023 910 2044 an·-

247 2058 422 2091 notatione
446 2056 597 2090 Bekkeri
631 2057 674 2090 ad
707 2057 764 2090 Sis
766 2057 847 2102 yph.
874 2069 907 2101 p.

249 2104 338 2144 541,
363 2105 418 2138 32.
455 2104 553 2146 (389.
588 2102 629 2138 Ε.
656 2105 762 2146 extr.)
797 2103 909 2147 colligi

246 2153 382 2203 posset:
409 2146 619 2193 ἐπιστῆται,
646 2152 684 2182 ut
708 2150 805 2191 solet,
830 2150 909 2184 Par.

246 2197 313 2229 A.“
337 2195 400 2229 nisi
426 2195 531 2239 magis
556 2195 733 2239 probabile
756 2199 848 2229 esset
867 2196 910 2229 ad

246 2242 339 2275 illum
372 2246 504 2275 tantum
538 2240 706 2285 dialogum
741 2253 814 2274 eam
847 2242 910 2275 ob-

249 2287 475 2321 servationem
489 2299 549 2331 pei
553 2287 671 2321 tinere.
707 2287 812 2320 Certe
826 2287 909 2344 Leg.

246 2334 286 2367 L.
306 2334 372 2368 ΠΙ.
397 2346 429 2378 p.
449 2333 529 2376 304,
558 2333 610 2367 16.
638 2334 732 2377 (689
751 2331 909 2390 1).)ἒπι-

246 2389 407 2414 στωνται
431 2381 473 2412 ab
498 2380 573 2424 ipso
592 2391 652 2423 pro
669 2380 808 2422 vulgato
829 2377 909 2413 ἐπί-

246 2435 403 2459 στωνται
423 2429 597 2470 receptum
622 2437 686 2459 non
705 2426 909 2459 parisiensis

243 2472 284 2505 A.
310 2472 369 2504 sed
394 2472 599 2505 deteriorum
634 2477 782 2516 quatuor
805 2472 909 2505 libro-

244 2529 318 2551 rum
341 2518 430 2561 (Pal.
457 2518 497 2550 C.
525 2517 599 2551 Ric.
626 2518 663 2551 B.
698 2519 776 2551 Vat.
801 2518 848 2551 M.
875 2520 910 2551 et

246 2575 267 2597 a
299 2575 342 2596 m.
375 2574 402 2596 s.
437 2564 494 2606 C.)
540 2564 748 2597 auctoritate
778 2564 908 2598 muniit.

248 2610 409 2643 Ceterum
444 2621 561 2653 parum
607 2610 670 2643 sibi
713 2611 776 2643 hac
807 2611 841 2643 in
872 2622 908 2643 re

245 2655 410 2690 constitit.
458 2656 537 2699 Ipso
561 2655 616 2688 illo
639 2656 778 2701 Sisyphi
801 2656 837 2690 in
857 2657 908 2690 lo-

246 2714 285 2735 co
322 2705 438 2758 spreta
473 2701 598 2734 codicis
633 2702 712 2735 Par.
746 2703 784 2737 A.
823 2702 909 2735 scri—-

245 2751 348 2793 ptura
372 2745 562 2791 ἐπίστηται
598 2747 707 2781 tenuit
737 2755 771 2782 et
797 2749 907 2792 paullo

246 2798 326 2828 ante
358 2805 392 2839 p.
426 2795 516 2836 541,
542 2795 598 2829 22.
643 2795 742 2837 (389.
777 2795 820 2828 E.
857 2795 907 2839 4)

667 1412 913 1502 οΞπῙοπιμπλᾶς

972 993 1165 1040 ἔπιστῆται
1204 996 1276 1031 sine
1318 997 1385 1031 ulla
1430 997 1635 1033 auctoritate

971 1042 1120 1087 scripsit.
1154 1043 1307 1087 Euthyd.
1336 1056 1368 1088 p.
1391 1045 1470 1079 296.
1489 1045 1528 1078 C.
1556 1041 1634 1078 ἐπί-

971 1089 1036 1133 στῇ
1063 1089 1143 1122 item
1167 1101 1209 1122 ex
1234 1090 1442 1132 coniectura,
1461 1090 1515 1123 cui
1539 1094 1634 1135 post-

969 1135 1103 1168 modum
1133 1146 1218 1168 unus
1243 1136 1325 1169 Vrb.
1351 1137 1392 1170 B.
1427 1137 1635 1193 suffragator

970 1180 1115 1222 exstitit,
1153 1193 1215 1226 pro
1249 1178 1396 1227 ἐπίστῃ,
1419 1182 1465 1216 ib.
1490 1186 1531 1216 A.
1557 1180 1634 1216 ἐπι-

971 1227 1114 1269 στῶμαι
1147 1228 1331 1261 secundum
1363 1240 1424 1261 sex
1449 1239 1514 1261 non
1545 1240 1563 1262 o
1590 1229 1634 1262 ti-

970 1284 1051 1313 mos,
1067 1273 1188 1317 quibus
1209 1273 1295 1307 Lob.
1316 1274 1459 1316 accedit,
1474 1286 1536 1319 pro
1558 1274 1634 1308 επί-

970 1328 1131 1361 στωμαι,
1172 1319 1266 1352 Prot.
1307 1331 1341 1364 p.
1373 1322 1452 1356 325.
1480 1321 1522 1354 B.
1557 1318 1635 1355 ἐπι-

971 1365 1132 1398 στῶνται
1166 1377 1240 1398 cum
1274 1377 1339 1398 uno
1375 1368 1459 1401 Ven.
1498 1367 1537 1400 C.
1571 1378 1634 1412 pro

970 1407 1192 1444 ἐπίστωνται
1240 1412 1394 1445 exhibuit
1434 1417 1469 1446 et
1516 1418 1634 1446 nostro

968 1458 1043 1490 loco
1067 1454 1269 1513 ἐπίστηται,
1287 1462 1326 1490 ut
1349 1458 1505 1502 Thucyd.
1520 1458 1560 1492 L.
1574 1459 1633 1493 VI.

970 1514 999 1536 c.
1024 1504 1079 1538 72.
1103 1507 1189 1537 extr.
1215 1500 1456 1545 ἐπίστωνται,
1479 1516 1540 1550 pro
1566 1517 1634 1550 quo

970 1549 1078 1582 codex
1113 1549 1222 1583 Italus
1254 1546 1475 1584 ἐπιστῶνται
1509 1551 1635 1584 offere-

969 1595 1049 1635 bat,
1073 1596 1239 1629 intactum
1263 1596 1415 1649 reliquit.
1450 1596 1534 1630 Mihi
1560 1597 1635 1631 vul-

970 1647 1086 1685 gatum
1118 1642 1411 1685 grammaticorum
1451 1643 1494 1676 de
1534 1643 1634 1676 huius

970 1687 1174 1720 coniunctivi
1221 1691 1363 1722 accentu
1413 1692 1634 1734 praeceptum

969 1745 1086 1768 verum
1111 1733 1256 1768 videtur.

1014 1776 1247 1835 θεάσασθαι]
1266 1777 1477 1814 θεασεσθαι
1494 1781 1580 1825 Ang.
1591 1782 1633 1816 B.

1017 1823 1079 1858 διὰ
1109 1824 1273 1871 παντὸς]
1310 1827 1412 1861 διαπ.
1454 1827 1556 1863 Vind.
1588 1827 1632 1862 Ε.

969 1871 1062 1906 Mon.
1087 1872 1127 1905 B.

1015 1917 1271 1971 σφαδασμῶν]
1307 1918 1469 1953 Timaeus
1499 1918 1566 1954 lex.
1597 1930 1632 1964 p.

966 1962 1055 1998 242:
1091 1961 1316 2016 σφαδάζειν·
1349 1965 1632 2008 δυσανασχετεῖν

964 2021 1058 2052 μετα
1082 2021 1184 2048 τινος
1207 2006 1329 2054 ὠσπερ
1352 2011 1534 2052 σπασμοῦ.
1561 2011 1632 2051 Qui

967 2055 997 2088 si
1037 2056 1124 2088 hunc.
1172 2057 1303 2096 locum,
1353 2056 1632 2100 quemadmodum

966 2101 1188 2134 Ruhnkenius
1209 2101 1343 2143 statuit,
1360 2103 1524 2146 respexit,
1537 2113 1632 2145 σφα-

968 2145 1091 2189 δάζων
1127 2159 1190 2192 pro
1236 2148 1467 2191 σφαδασμῶν
1507 2149 1632 2193 legisse

965 2194 1073 2227 videri
1114 2196 1238 2238 potest.
1307 2195 1345 2227 Id
1384 2195 1523 2239 vulgato
1565 2206 1631 2228 non

966 2240 1238 2284 praeferendum,
1265 2241 1324 2274 sed
1340 2241 1551 2275 tolerabilius
1575 2253 1633 2274 es-

966 2291 1031 2328 set,
1056 2298 1157 2332 quam
1182 2283 1246 2319 δια
1271 2283 1412 2326 παντὸς
1431 2287 1517 2332 βιου
1538 2297 1632 2331 σφα-

968 2332 1038 2379 δᾷ,
1076 2332 1164 2377 quod
1196 2333 1417 2366 Ruhnkenius
1454 2333 1634 2377 Etymolo-

966 2391 1045 2422 gum
1061 2379 1187 2423 p.737‚
1204 2380 1257 2413 18.
1276 2379 1354 2413 hinc
1372 2379 1497 2413 afferre
1516 2384 1632 2413 osten-

964 2425 1026 2458 dit.
1075 2425 1176 2465 Quod
1205 2424 1292 2458 idem
1320 2437 1394 2459 cum
1417 2425 1534 2469 Lipsio
1559 2430 1632 2459 sta-

965 2471 1032 2504 tuit
1055 2471 1211 2504 Tacitum
1242 2472 1328 2505 Ann.
1368 2472 1407 2506 L.
1443 2472 1505 2507 VI.
1541 2483 1570 2504 c.
1596 2473 1629 2505 6.

965 2520 1117 2550 nostrum
1141 2517 1247 2550 locum
1273 2519 1494 2562 expressisse,
1515 2517 1630 2550 imme-

966 2575 1076 2597 mores
1112 2570 1211 2597 erant
1247 2563 1314 2596 viri
1347 2563 1531 2598 doctissimi
1553 2563 1630 2596 illo-

964 2621 1060 2651 rum,
1094 2621 1181 2654 quae
1205 2611 1314 2654 Gorg.
1339 2622 1372 2655 p.
1399 2610 1478 2645 524.
1505 2609 1546 2643 Ε.
1579 2609 1630 2642 le-

965 2659 1102 2700 guntur.

1012 2699 1192 2746 διαθέσει]
1209 2699 1398 2742 διαθέσεις
1408 2702 1505 2735 Stob.
1521 2702 1627 2736 Gesn-

967 2748 1060 2804 (⁶⁰‚d·
1084 2748 1142 2792 B)

1013 2790 1130 2839 ἄρχει]
1157 2789 1283 2838 ἄρχειν
1307 2795 1386 2830 Vat.
1410 2793 1460 2827 M.
