1764 3176
573 201 1064 246 EDITORIS.
1477 222 1517 248 c1

126 326 281 376 quanto
298 302 400 362 vivit
425 322 584 362 tristior
606 336 713 377 vrege
737 326 975 377 tyrannus?
1010 325 1130 365 Glau.
1150 323 1295 364 Sciam
1313 330 1448 374 certe,
1484 326 1521 364 si

125 412 292 455 dixeris.
363 413 436 453 So.
466 413 566 452 Cum
587 419 673 454 tres
698 414 948 470 cupiditates
966 417 1072 463 sint,
1109 421 1152 455 et
1171 429 1255 455 una
1274 415 1438 470 quidem
1458 417 1516 455 le-

121 505 270 557 gitima
287 505 362 554 sit,
398 504 613 544 adulterae
624 497 662 560 1)
684 506 816 556 duae,
853 506 1136 546 adulterarum
1150 499 1194 561 2)
1217 513 1423 558 tyrannus
1448 521 1516 547 su-

115 608 264 648 prema
280 598 451 636 sortitus
461 597 642 650 fastigia
649 613 667 645 ;
702 598 799 638 dum
819 599 952 651 legem
964 599 1085 651 fugit
1102 603 1145 637 et
1164 600 1368 638 rationem
1380 628 1391 646 ,
1428 611 1517 638 ser-
1583 612 1585 614 ’

120 679 232 742 vis3)
262 687 501 741 quibusdam
531 694 574 728 et
605 690 852 729 satellitibus
883 689 1164 743 voluptatibus
1198 703 1244 728 se
1263 692 1520 729 commiscet:

120 783 163 817 et
188 791 309 832 quam
331 780 565 833 longissimo
587 781 804 820 intervallo
823 795 849 820 a
867 782 1079 835 voluptate
1098 781 1284 833 legitima
1304 782 1360 819 sit
1377 782 1515 820 seiun-

120 875 235 919 ctu35
271 870 383 910 haud
401 873 532 925 facile
551 873 694 920 aliter,
731 874 813 912 nisi
825 875 1013 925 forsitan
1032 873 1140 912 hunc
1158 874 1202 912 in
1221 871 1405 919 modum,
1443 885 1515 911 ex-

112 962 243 1015 primi
272 967 428 1016 potest.
519 964 639 1003 Glau.
688 964 1068 1013 Quemadmodum?
1125 963 1195 1003 So.
1243 963 1309 1001 Ab
1359 963 1519 1002 homine

112 1066 340 1106 paucorum
372 1055 538 1108 imperii
573 1054 721 1108 cupido
764 1058 914 1095 tertius
953 1057 1150 1110 apparuit
1181 1068 1268 1094 esse
1294 1058 1516 1106 tyrannus.

119 1145 278 1185 medius
327 1159 503 1199 namque
537 1147 708 1185 istorum
737 1148 952 1200 popularis
996 1150 1058 1187 vir
1085 1138 1297 1199 extit-5154).
1324 1142 1327 1146 ⁴
1398 1146 1519 1185 Glau.

119 1241 189 1280 Ita
217 1245 292 1279 est.
364 1237 434 1276 So.
466 1232 577 1276 ‘Cum
603 1239 727 1277 tertio
745 1240 885 1292 itaque
903 1240 1148 1293 voluptatis,
1186 1250 1263 1291 quo
1286 1235 1342 1275 ad
1364 1237 1517 1276 verita-

115 1337 200 1372 tem
211 1323 254 1385 5)
283 1329 499 1369 simulacro
513 1334 613 1382 post
630 1330 742 1368 illum
761 1331 1049 1384 congreditur,
1085 1331 1123 1369 si
1141 1341 1239 1369 vera
1264 1330 1308 1368 in
1329 1329 1514 1381 superio—

113 1422 224 1463 ribus
243 1421 432 1462 diximus.
505 1421 625 1459 Glau.
658 1420 732 1460 Sic
762 1428 825 1461 est
843 1422 1074 1462 dicendam.
1148 1420 1220 1460 So.
1261 1419 1369 1470 Quin
1389 1421 1514 1458 etiam

109 1526 338 1568 paucorum
361 1513 580 1565 potentiae
610 1512 777 1553 deditus
806 1515 959 1553 tertius
987 1518 1049 1553 est
1068 1526 1094 1552 a
1114 1525 1214 1565 rege
1224 1504 1290 1566 6),
1326 1512 1365 1550 si
1381 1512 1426 1550 in
1445 1524 1511 1550 eo-

114 1606 207 1646 dem
232 1596 464 1657 locamus7)
493 1605 733 1657 optimatem
762 1619 811 1644 ac
846 1618 999 1658 regem.
1071 1604 1191 1643 Glau.
1239 1602 1403 1642 Tertius
1429 1604 1512 1641 uti-

113 1709 201 1751 que.
275 1695 346 1735 So.
385 1695 523 1748 Triplo
540 1696 671 1748 igitur
690 1709 859 1735 numero
876 1695 1100 1735 secundum
1118 1696 1236 1748 tripli
1254 1696 1458 1734 rationem
1468 1688 1512 1742 8)

113 1788 243 1828 distat
254 1780 297 1841 9)
324 1800 350 1826 a
373 1799 473 1829 vera
489 1788 705 1840 voluptate
729 1793 948 1840 tyrannus.
1020 1787 1141 1825 Glau.
1186 1785 1392 1840 Apparet.
1439 1784 1509 1825 So.

114 1881 290 1920 Planum
314 1880 454 1932 itaque
482 1879 744 1918 simulacrum
763 1877 988 1918 secundum
1005 1876 1277 1930 longitudinis
1297 1889 1511 1917 numerum

113 1972 359 2025 tyrannicae
382 1970 608 2023 voluptatis
637 1963 879 2026 existet10).
963 1970 1084 2009 Glau.
1140 1968 1267 2009 Valde
1279 1961 1355 2021 11).
1438 1967 1509 2007 So·

113 2063 353 2104 Secundum
377 2074 474 2101 vero
497 2063 735 2115 potentiam
745 2055 811 2120 12)
841 2068 884 2102 et
903 2063 1073 2101 tertium
1092 2066 1384 2114 augmentum,
1420 2072 1511 2098 ma-

110 2158 309 2209 nifestum
334 2165 421 2206 est,
459 2164 615 2212 quanto
638 2158 846 2209 discrepat
859 2147 922 2205 13)
948 2153 1178 2192 intervallo.
1251 2152 1372 2191 Glau.
1412 2150 1507 2190 Ma-

109 2248 308 2300 nifestum
321 2249 484 2302 quidem
503 2248 788 2304 computator-i.
842 2245 914 2285 So.
952 2243 1004 2283 Si
1030 2245 1118 2298 quis
1139 2255 1333 2282 converso
1351 2242 1508 2292 ordine,

109 2344 310 2393 quantum
322 2332 388 2394 14)
444 2343 669 2395 voluptatis
712 2340 890 2378 veritate
928 2340 1103 2389 superat
1139 2348 1214 2374 rea·
1263 2340 1507 2386 tyrannum,

109 2431 374 2484 quaesiverit,
422 2438 598 2486 peracta
641 2429 983 2484 multiplicatione
1015 2428 1198 2467 inveniet
1225 2439 1365 2479 regem
1396 2429 1508 2466 vitae

108 2521 324 2562 dulcedine
351 2536 549 2578 superare
572 2529 800 2576 tyrannum
838 2525 881 2560 et
907 2526 1135 2572 tyrannum
1153 2520 1264 2559 vitae
1298 2520 1501 2558 amaritu-

196 2669 236 2713 1)
263 2670 482 2704 adulterinae
509 2681 550 2704 ac
578 2669 722 2715 spuriae
735 2667 850 2712 Gryn.
909 2664 950 2709 2)
981 2665 1256 2699 adulterinarum
1310 2663 1352 2707 3)
1381 2669 1415 2698 et
1433 2675 1507 2698 ser·-

106 2727 159 2761 vis
217 2725 259 2770 4)
298 2727 354 2760 vir
376 2727 558 2772 popularis
590 2732 664 2761 erat
720 2721 763 2771 5)
802 2723 894 2769 quod
924 2722 971 2755 ad
1003 2722 1186 2756 veritatem
1219 2722 1357 2767 quidem
1382 2721 1506 2755 attinet

105 2783 144 2824 6)
187 2796 211 2817 a
237 2794 322 2828 rege
351 2788 402 2818 est
466 2778 508 2832 7)
546 2787 630 2828 post
653 2793 773 2827 regem
838 2779 882 2823 8)
927 2778 1042 2824 Tripli
1078 2779 1191 2824 igitur
1208 2780 1350 2822 triplum
1365 2789 1506 2813 numero

106 2841 244 2885 quidem
310 2839 351 2884 9)
381 2844 464 2884 post
492 2845 657 2885 tyrannus
714 2838 778 2883 10)
809 2843 859 2873 est
915 2835 983 2879 11)
1020 2836 1161 2870 Prorsus
1220 2835 1286 2878 12)
1314 2835 1505 2880 potentiam

106 2908 186 2931 vero
242 2895 311 2940 13)
342 2896 514 2942 discrepet
578 2895 657 2942 14)Ὺ
682 2900 808 2942 quanto
