<?xml version="1.0" encoding="UTF-8"?>
<!DOCTYPE html PUBLIC "-//W3C//DTD XHTML 1.0 Transitional//EN"
    "http://www.w3.org/TR/xhtml1/DTD/xhtml1-transitional.dtd">
<html xmlns="http://www.w3.org/1999/xhtml" xml:lang="en" lang="en">
 <head>
  <title>
</title>
<meta http-equiv="Content-Type" content="text/html;charset=utf-8" />
  <meta name='ocr-system' content='tesseract 3.04.00' />
  <meta name='ocr-capabilities' content='ocr_page ocr_carea ocr_par ocr_line ocrx_word'/>
</head>
<body>
  <div class='ocr_page' id='page_1' title='image "./operagraecerecen01platuoft_0063.png"; bbox 0 0 1764 3176; ppageno 0'>
   <div class='ocr_carea' id='block_1_1' title="bbox 594 152 1508 194">
    <p class='ocr_par' dir='ltr' id='par_1_1' title="bbox 594 152 1508 194">
     <span class='ocr_line' id='line_1_1' title="bbox 594 152 1508 194; baseline -0.002 -1"><span class='ocrx_word' id='word_1_1' title='bbox 594 152 1074 194; x_wconf 86' lang='lat' dir='ltr'><strong>EDITORIS.</strong></span> <span class='ocrx_word' id='word_1_2' title='bbox 1487 168 1508 191; x_wconf 81' lang='lat' dir='ltr'>L</span> 
     </span>
    </p>
   </div>
   <div class='ocr_carea' id='block_1_2' title="bbox 138 268 1545 2870">
    <p class='ocr_par' dir='ltr' id='par_1_2' title="bbox 138 268 1545 2870">
     <span class='ocr_line' id='line_1_2' title="bbox 145 268 1542 316; baseline -0.004 -9"><span class='ocrx_word' id='word_1_3' title='bbox 145 282 252 316; x_wconf 80' lang='lat' dir='ltr'>opera</span> <span class='ocrx_word' id='word_1_4' title='bbox 280 271 331 305; x_wconf 77' lang='lat' dir='ltr'>ita</span> <span class='ocrx_word' id='word_1_5' title='bbox 358 269 536 314; x_wconf 78' lang='lat' dir='ltr'>scripsisse</span> <span class='ocrx_word' id='word_1_6' title='bbox 561 270 750 312; x_wconf 85' lang='lat' dir='ltr'>gloriatur,</span> <span class='ocrx_word' id='word_1_7' title='bbox 779 274 817 304; x_wconf 90' lang='lat' dir='ltr'>ut</span> <span class='ocrx_word' id='word_1_8' title='bbox 845 270 990 313; x_wconf 83' lang='lat' dir='ltr'>intelligi</span> <span class='ocrx_word' id='word_1_9' title='bbox 1018 270 1146 310; x_wconf 86' lang='lat' dir='ltr'>nollet;</span> <span class='ocrx_word' id='word_1_10' title='bbox 1176 268 1334 303; x_wconf 82' lang='lat' dir='ltr'>Platonis</span> <span class='ocrx_word' id='word_1_11' title='bbox 1359 268 1542 302; x_wconf 85' lang='lat' dir='ltr'>Timaeum</span> 
     </span>
     <span class='ocr_line' id='line_1_3' title="bbox 147 326 1541 370; baseline -0.004 -7"><span class='ocrx_word' id='word_1_12' title='bbox 147 329 425 363; x_wconf 87' lang='lat' dir='ltr'>obscurissimum</span> <span class='ocrx_word' id='word_1_13' title='bbox 456 327 631 361; x_wconf 79' lang='lat' dir='ltr'>imitatus:</span> <span class='ocrx_word' id='word_1_14' title='bbox 661 326 753 370; x_wconf 90' lang='lat' dir='ltr'>quod</span> <span class='ocrx_word' id='word_1_15' title='bbox 786 327 830 360; x_wconf 87' lang='lat' dir='ltr'>de</span> <span class='ocrx_word' id='word_1_16' title='bbox 867 337 904 360; x_wconf 89' lang='lat' dir='ltr'>se</span> <span class='ocrx_word' id='word_1_17' title='bbox 934 327 1007 370; x_wconf 90' lang='lat' dir='ltr'>ipse</span> <span class='ocrx_word' id='word_1_18' title='bbox 1039 327 1190 360; x_wconf 79' lang='lat' dir='ltr'>Lucilius</span> <span class='ocrx_word' id='word_1_19' title='bbox 1218 327 1376 369; x_wconf 82' lang='lat' dir='ltr'>scripsit,</span> <span class='ocrx_word' id='word_1_20' title='bbox 1406 336 1444 359; x_wconf 89' lang='lat' dir='ltr'>se</span> <span class='ocrx_word' id='word_1_21' title='bbox 1473 337 1541 359; x_wconf 90' lang='lat' dir='ltr'>non</span> 
     </span>
     <span class='ocr_line' id='line_1_4' title="bbox 144 383 1543 428; baseline -0.003 -9"><span class='ocrx_word' id='word_1_22' title='bbox 144 385 290 428; x_wconf 80' lang='lat' dir='ltr'>intelligi</span> <span class='ocrx_word' id='word_1_23' title='bbox 319 395 421 428; x_wconf 84' lang='lat' dir='ltr'>quam</span> <span class='ocrx_word' id='word_1_24' title='bbox 453 383 656 427; x_wconf 87' lang='lat' dir='ltr'>reprehendi</span> <span class='ocrx_word' id='word_1_25' title='bbox 694 383 867 417; x_wconf 86' lang='lat' dir='ltr'>maluisse.</span> <span class='ocrx_word' id='word_1_26' title='bbox 951 383 1023 416; x_wconf 89' lang='lat' dir='ltr'>Sed</span> <span class='ocrx_word' id='word_1_27' title='bbox 1050 383 1205 417; x_wconf 85' lang='lat' dir='ltr'>Platonis</span> <span class='ocrx_word' id='word_1_28' title='bbox 1235 383 1347 417; x_wconf 85' lang='lat' dir='ltr'>fucum</span> <span class='ocrx_word' id='word_1_29' title='bbox 1378 383 1543 424; x_wconf 85' lang='lat' dir='ltr'>detegere</span> 
     </span>
     <span class='ocr_line' id='line_1_5' title="bbox 146 439 1545 486; baseline -0.002 -11"><span class='ocrx_word' id='word_1_30' title='bbox 146 443 260 486; x_wconf 88' lang='lat' dir='ltr'>placet</span> <span class='ocrx_word' id='word_1_31' title='bbox 281 451 326 475; x_wconf 86' lang='lat' dir='ltr'>ex</span> <span class='ocrx_word' id='word_1_32' title='bbox 345 441 386 474; x_wconf 91' lang='lat' dir='ltr'>iis</span> <span class='ocrx_word' id='word_1_33' title='bbox 401 451 491 484; x_wconf 88' lang='lat' dir='ltr'>quae</span> <span class='ocrx_word' id='word_1_34' title='bbox 523 445 643 483; x_wconf 86' lang='lat' dir='ltr'>aperte</span> <span class='ocrx_word' id='word_1_35' title='bbox 671 439 811 482; x_wconf 81' lang='lat' dir='ltr'>scribit3</span> <span class='ocrx_word' id='word_1_36' title='bbox 843 445 880 474; x_wconf 93' lang='lat' dir='ltr'>ut</span> <span class='ocrx_word' id='word_1_37' title='bbox 900 440 943 473; x_wconf 91' lang='lat' dir='ltr'>de</span> <span class='ocrx_word' id='word_1_38' title='bbox 958 440 1000 473; x_wconf 90' lang='lat' dir='ltr'>iis</span> <span class='ocrx_word' id='word_1_39' title='bbox 1016 450 1105 482; x_wconf 88' lang='lat' dir='ltr'>quae</span> <span class='ocrx_word' id='word_1_40' title='bbox 1128 441 1308 473; x_wconf 78' lang='lat' dir='ltr'>verborum</span> <span class='ocrx_word' id='word_1_41' title='bbox 1333 440 1545 473; x_wconf 84' lang='lat' dir='ltr'>obscuritate</span> 
     </span>
     <span class='ocr_line' id='line_1_6' title="bbox 145 496 1543 540; baseline -0.003 -8"><span class='ocrx_word' id='word_1_42' title='bbox 145 499 305 540; x_wconf 84' lang='lat' dir='ltr'>involvit,</span> <span class='ocrx_word' id='word_1_43' title='bbox 335 498 462 532; x_wconf 88' lang='lat' dir='ltr'>certius</span> <span class='ocrx_word' id='word_1_44' title='bbox 492 496 636 530; x_wconf 86' lang='lat' dir='ltr'>iudicari</span> <span class='ocrx_word' id='word_1_45' title='bbox 664 497 782 540; x_wconf 75' lang='lat' dir='ltr'>possit.</span> <span class='ocrx_word' id='word_1_46' title='bbox 840 497 959 531; x_wconf 89' lang='lat' dir='ltr'>Voluit</span> <span class='ocrx_word' id='word_1_47' title='bbox 985 497 1074 530; x_wconf 89' lang='lat' dir='ltr'>enim</span> <span class='ocrx_word' id='word_1_48' title='bbox 1104 507 1159 529; x_wconf 92' lang='lat' dir='ltr'>res</span> <span class='ocrx_word' id='word_1_49' title='bbox 1185 507 1244 529; x_wconf 84' lang='lat' dir='ltr'>eas</span> <span class='ocrx_word' id='word_1_50' title='bbox 1271 507 1359 539; x_wconf 79' lang='lat' dir='ltr'>quae</span> <span class='ocrx_word' id='word_1_51' title='bbox 1384 496 1543 529; x_wconf 90' lang='lat' dir='ltr'>divinitus</span> 
     </span>
     <span class='ocr_line' id='line_1_7' title="bbox 143 553 1544 599; baseline -0.004 -9"><span class='ocrx_word' id='word_1_52' title='bbox 143 556 323 597; x_wconf 85' lang='lat' dir='ltr'>oriantur,</span> <span class='ocrx_word' id='word_1_53' title='bbox 350 554 503 599; x_wconf 87' lang='lat' dir='ltr'>perfecto</span> <span class='ocrx_word' id='word_1_54' title='bbox 533 564 674 587; x_wconf 90' lang='lat' dir='ltr'>numero</span> <span class='ocrx_word' id='word_1_55' title='bbox 705 553 849 588; x_wconf 87' lang='lat' dir='ltr'>definiri.</span> <span class='ocrx_word' id='word_1_56' title='bbox 908 553 980 587; x_wconf 88' lang='lat' dir='ltr'>Sed</span> <span class='ocrx_word' id='word_1_57' title='bbox 1013 563 1101 595; x_wconf 90' lang='lat' dir='ltr'>quae</span> <span class='ocrx_word' id='word_1_58' title='bbox 1136 553 1276 586; x_wconf 82' lang='lat' dir='ltr'>tandem</span> <span class='ocrx_word' id='word_1_59' title='bbox 1307 564 1362 586; x_wconf 89' lang='lat' dir='ltr'>res</span> <span class='ocrx_word' id='word_1_60' title='bbox 1381 558 1434 586; x_wconf 91' lang='lat' dir='ltr'>est</span> <span class='ocrx_word' id='word_1_61' title='bbox 1456 563 1544 595; x_wconf 91' lang='lat' dir='ltr'>quae</span> 
     </span>
     <span class='ocr_line' id='line_1_8' title="bbox 144 609 1544 654; baseline -0.003 -8"><span class='ocrx_word' id='word_1_62' title='bbox 144 617 242 646; x_wconf 84' lang='lat' dir='ltr'>ortus</span> <span class='ocrx_word' id='word_1_63' title='bbox 259 612 312 645; x_wconf 88' lang='lat' dir='ltr'>sui</span> <span class='ocrx_word' id='word_1_64' title='bbox 329 611 530 654; x_wconf 89' lang='lat' dir='ltr'>principium</span> <span class='ocrx_word' id='word_1_65' title='bbox 548 611 731 643; x_wconf 86' lang='lat' dir='ltr'>immortali</span> <span class='ocrx_word' id='word_1_66' title='bbox 753 611 828 644; x_wconf 90' lang='lat' dir='ltr'>Deo</span> <span class='ocrx_word' id='word_1_67' title='bbox 855 621 925 644; x_wconf 91' lang='lat' dir='ltr'>non</span> <span class='ocrx_word' id='word_1_68' title='bbox 949 610 1015 643; x_wconf 85' lang='lat' dir='ltr'>alia</span> <span class='ocrx_word' id='word_1_69' title='bbox 1045 620 1150 643; x_wconf 90' lang='lat' dir='ltr'>causa</span> <span class='ocrx_word' id='word_1_70' title='bbox 1173 610 1376 650; x_wconf 87' lang='lat' dir='ltr'>interiecta,</span> <span class='ocrx_word' id='word_1_71' title='bbox 1412 613 1472 642; x_wconf 89' lang='lat' dir='ltr'>aut</span> <span class='ocrx_word' id='word_1_72' title='bbox 1490 609 1544 642; x_wconf 90' lang='lat' dir='ltr'>in-</span> 
     </span>
     <span class='ocr_line' id='line_1_9' title="bbox 144 666 1544 709; baseline -0.002 -7"><span class='ocrx_word' id='word_1_73' title='bbox 144 668 400 703; x_wconf 71' lang='lat' dir='ltr'>tercedentibus</span> <span class='ocrx_word' id='word_1_74' title='bbox 424 667 559 709; x_wconf 87' lang='lat' dir='ltr'>causis,</span> <span class='ocrx_word' id='word_1_75' title='bbox 588 678 657 700; x_wconf 91' lang='lat' dir='ltr'>non</span> <span class='ocrx_word' id='word_1_76' title='bbox 686 667 841 701; x_wconf 66' lang='lat' dir='ltr'>debeat?</span> <span class='ocrx_word' id='word_1_77' title='bbox 891 667 1053 700; x_wconf 87' lang='lat' dir='ltr'>coelestia</span> <span class='ocrx_word' id='word_1_78' title='bbox 1082 666 1218 709; x_wconf 91' lang='lat' dir='ltr'>quidem</span> <span class='ocrx_word' id='word_1_79' title='bbox 1241 670 1277 699; x_wconf 88' lang='lat' dir='ltr'>et</span> <span class='ocrx_word' id='word_1_80' title='bbox 1308 667 1448 709; x_wconf 84' lang='lat' dir='ltr'>angelos</span> <span class='ocrx_word' id='word_1_81' title='bbox 1481 676 1544 709; x_wconf 88' lang='lat' dir='ltr'>per</span> 
     </span>
     <span class='ocr_line' id='line_1_10' title="bbox 143 721 1543 767; baseline -0.004 -7"><span class='ocrx_word' id='word_1_82' title='bbox 143 736 222 760; x_wconf 82' lang='lat' dir='ltr'>sese</span> <span class='ocrx_word' id='word_1_83' title='bbox 245 725 339 759; x_wconf 86' lang='lat' dir='ltr'>nulla</span> <span class='ocrx_word' id='word_1_84' title='bbox 360 724 543 758; x_wconf 87' lang='lat' dir='ltr'>interiecta</span> <span class='ocrx_word' id='word_1_85' title='bbox 574 735 678 757; x_wconf 89' lang='lat' dir='ltr'>causa</span> <span class='ocrx_word' id='word_1_86' title='bbox 701 725 812 757; x_wconf 90' lang='lat' dir='ltr'>Deum</span> <span class='ocrx_word' id='word_1_87' title='bbox 837 734 1058 767; x_wconf 83' lang='lat' dir='ltr'>procreasse,</span> <span class='ocrx_word' id='word_1_88' title='bbox 1088 734 1155 757; x_wconf 89' lang='lat' dir='ltr'>non</span> <span class='ocrx_word' id='word_1_89' title='bbox 1175 727 1307 756; x_wconf 85' lang='lat' dir='ltr'>tantum</span> <span class='ocrx_word' id='word_1_90' title='bbox 1329 723 1454 766; x_wconf 88' lang='lat' dir='ltr'>Plato,</span> <span class='ocrx_word' id='word_1_91' title='bbox 1482 721 1543 756; x_wconf 90' lang='lat' dir='ltr'>sed</span> 
     </span>
     <span class='ocr_line' id='line_1_11' title="bbox 141 779 1543 826; baseline -0.003 -10"><span class='ocrx_word' id='word_1_92' title='bbox 141 782 208 826; x_wconf 88' lang='lat' dir='ltr'>ipsi</span> <span class='ocrx_word' id='word_1_93' title='bbox 240 792 377 824; x_wconf 84' lang='lat' dir='ltr'>quoque</span> <span class='ocrx_word' id='word_1_94' title='bbox 403 779 600 824; x_wconf 81' lang='lat' dir='ltr'>Manichaei</span> <span class='ocrx_word' id='word_1_95' title='bbox 629 781 857 822; x_wconf 86' lang='lat' dir='ltr'>confitentur,</span> <span class='ocrx_word' id='word_1_96' title='bbox 887 781 944 823; x_wconf 92' lang='lat' dir='ltr'>qui</span> <span class='ocrx_word' id='word_1_97' title='bbox 975 781 1078 823; x_wconf 88' lang='lat' dir='ltr'>impie</span> <span class='ocrx_word' id='word_1_98' title='bbox 1115 780 1295 813; x_wconf 87' lang='lat' dir='ltr'>terrestria</span> <span class='ocrx_word' id='word_1_99' title='bbox 1326 779 1346 812; x_wconf 75' lang='lat' dir='ltr'>a</span> <span class='ocrx_word' id='word_1_100' title='bbox 1375 780 1543 812; x_wconf 91' lang='lat' dir='ltr'>malorum</span> 
     </span>
     <span class='ocr_line' id='line_1_12' title="bbox 142 836 1544 884; baseline -0.002 -12"><span class='ocrx_word' id='word_1_101' title='bbox 142 839 298 883; x_wconf 82' lang='lat' dir='ltr'>principe</span> <span class='ocrx_word' id='word_1_102' title='bbox 329 842 441 872; x_wconf 85' lang='lat' dir='ltr'>ortum</span> <span class='ocrx_word' id='word_1_103' title='bbox 468 836 627 884; x_wconf 69' lang='lat' dir='ltr'>habuisse</span> <span class='ocrx_word' id='word_1_104' title='bbox 652 839 832 881; x_wconf 82' lang='lat' dir='ltr'>putabant.</span> <span class='ocrx_word' id='word_1_105' title='bbox 892 838 1004 871; x_wconf 87' lang='lat' dir='ltr'>Terra</span> <span class='ocrx_word' id='word_1_106' title='bbox 1037 837 1173 880; x_wconf 88' lang='lat' dir='ltr'>quidem</span> <span class='ocrx_word' id='word_1_107' title='bbox 1205 836 1399 880; x_wconf 72' lang='lat' dir='ltr'>procrearit</span> <span class='ocrx_word' id='word_1_108' title='bbox 1419 836 1544 879; x_wconf 80' lang='lat' dir='ltr'>stirpes</span> 
     </span>
     <span class='ocr_line' id='line_1_13' title="bbox 143 894 1544 938; baseline -0.003 -9"><span class='ocrx_word' id='word_1_109' title='bbox 143 900 180 930; x_wconf 85' lang='lat' dir='ltr'>et</span> <span class='ocrx_word' id='word_1_110' title='bbox 207 895 368 928; x_wconf 88' lang='lat' dir='ltr'>animalia</span> <span class='ocrx_word' id='word_1_111' title='bbox 400 895 520 928; x_wconf 84' lang='lat' dir='ltr'>bruta:</span> <span class='ocrx_word' id='word_1_112' title='bbox 551 905 661 937; x_wconf 84' lang='lat' dir='ltr'>aquae</span> <span class='ocrx_word' id='word_1_113' title='bbox 691 905 772 928; x_wconf 84' lang='lat' dir='ltr'>vero</span> <span class='ocrx_word' id='word_1_114' title='bbox 805 894 948 938; x_wconf 87' lang='lat' dir='ltr'>piscium</span> <span class='ocrx_word' id='word_1_115' title='bbox 974 898 1009 927; x_wconf 91' lang='lat' dir='ltr'>et</span> <span class='ocrx_word' id='word_1_116' title='bbox 1039 895 1150 927; x_wconf 75' lang='lat' dir='ltr'>avium</span> <span class='ocrx_word' id='word_1_117' title='bbox 1175 903 1323 936; x_wconf 85' lang='lat' dir='ltr'>genera:</span> <span class='ocrx_word' id='word_1_118' title='bbox 1359 898 1544 935; x_wconf 90' lang='lat' dir='ltr'>utrumque</span> 
     </span>
     <span class='ocr_line' id='line_1_14' title="bbox 142 950 1543 995; baseline -0.003 -9"><span class='ocrx_word' id='word_1_119' title='bbox 142 956 260 986; x_wconf 56' lang='lat' dir='ltr'>nmen</span> <span class='ocrx_word' id='word_1_120' title='bbox 278 952 345 986; x_wconf 89' lang='lat' dir='ltr'>Dei</span> <span class='ocrx_word' id='word_1_121' title='bbox 364 952 601 995; x_wconf 86' lang='lat' dir='ltr'>praepotentis</span> <span class='ocrx_word' id='word_1_122' title='bbox 623 952 728 985; x_wconf 88' lang='lat' dir='ltr'>iussu.</span> <span class='ocrx_word' id='word_1_123' title='bbox 759 951 803 985; x_wconf 89' lang='lat' dir='ltr'>ad</span> <span class='ocrx_word' id='word_1_124' title='bbox 833 950 981 985; x_wconf 88' lang='lat' dir='ltr'>hominis</span> <span class='ocrx_word' id='word_1_125' title='bbox 1002 961 1084 984; x_wconf 87' lang='lat' dir='ltr'>vero</span> <span class='ocrx_word' id='word_1_126' title='bbox 1105 950 1381 994; x_wconf 87' lang='lat' dir='ltr'>procreationem</span> <span class='ocrx_word' id='word_1_127' title='bbox 1400 950 1543 992; x_wconf 85' lang='lat' dir='ltr'>angelos</span> 
     </span>
     <span class='ocr_line' id='line_1_15' title="bbox 143 1007 1544 1051; baseline -0.002 -9"><span class='ocrx_word' id='word_1_128' title='bbox 143 1008 266 1043; x_wconf 82' lang='lat' dir='ltr'>adesse</span> <span class='ocrx_word' id='word_1_129' title='bbox 289 1009 407 1044; x_wconf 73' lang='lat' dir='ltr'>voluit.</span> <span class='ocrx_word' id='word_1_130' title='bbox 451 1018 658 1051; x_wconf 87' lang='lat' dir='ltr'>quamquam</span> <span class='ocrx_word' id='word_1_131' title='bbox 684 1007 888 1042; x_wconf 84' lang='lat' dir='ltr'>Aristoteles</span> <span class='ocrx_word' id='word_1_132' title='bbox 913 1007 1041 1041; x_wconf 86' lang='lat' dir='ltr'>formas</span> <span class='ocrx_word' id='word_1_133' title='bbox 1073 1018 1186 1040; x_wconf 90' lang='lat' dir='ltr'>rerum</span> <span class='ocrx_word' id='word_1_134' title='bbox 1215 1007 1366 1041; x_wconf 87' lang='lat' dir='ltr'>omnium</span> <span class='ocrx_word' id='word_1_135' title='bbox 1385 1007 1544 1040; x_wconf 75' lang='lat' dir='ltr'>divinitus</span> 
     </span>
     <span class='ocr_line' id='line_1_16' title="bbox 143 1057 1544 1108; baseline -0.001 -10"><span class='ocrx_word' id='word_1_136' title='bbox 143 1065 397 1108; x_wconf 89' lang='lat' dir='ltr'>quodammodo</span> <span class='ocrx_word' id='word_1_137' title='bbox 425 1065 553 1098; x_wconf 83' lang='lat' dir='ltr'>infusas</span> <span class='ocrx_word' id='word_1_138' title='bbox 581 1076 658 1098; x_wconf 88' lang='lat' dir='ltr'>esse</span> <span class='ocrx_word' id='word_1_139' title='bbox 686 1057 838 1108; x_wconf 53' lang='lat' dir='ltr'>putarit,</span> <span class='ocrx_word' id='word_1_140' title='bbox 872 1075 947 1098; x_wconf 91' lang='lat' dir='ltr'>cum</span> <span class='ocrx_word' id='word_1_141' title='bbox 980 1065 1147 1097; x_wconf 86' lang='lat' dir='ltr'>scriberet</span> <span class='ocrx_word' id='word_1_142' title='bbox 1174 1064 1208 1097; x_wconf 91' lang='lat' dir='ltr'>in</span> <span class='ocrx_word' id='word_1_143' title='bbox 1241 1064 1397 1097; x_wconf 86' lang='lat' dir='ltr'>omnibus</span> <span class='ocrx_word' id='word_1_144' title='bbox 1430 1064 1544 1096; x_wconf 84' lang='lat' dir='ltr'>inesse</span> 
     </span>
     <span class='ocr_line' id='line_1_17' title="bbox 140 1118 1544 1163; baseline -0.001 -8"><span class='ocrx_word' id='word_1_145' title='bbox 140 1118 252 1156; x_wconf 65' lang='grc' dir='ltr'><em>θεῖόν</em></span> <span class='ocrx_word' id='word_1_146' title='bbox 269 1132 318 1156; x_wconf 85' lang='grc' dir='ltr'>τι.</span> <span class='ocrx_word' id='word_1_147' title='bbox 349 1127 500 1156; x_wconf 87' lang='lat' dir='ltr'>mentem</span> <span class='ocrx_word' id='word_1_148' title='bbox 515 1132 596 1155; x_wconf 76' lang='lat' dir='ltr'>vero</span> <span class='ocrx_word' id='word_1_149' title='bbox 612 1121 770 1163; x_wconf 82' lang='lat' dir='ltr'>hominis,</span> <span class='ocrx_word' id='word_1_150' title='bbox 801 1132 869 1155; x_wconf 92' lang='lat' dir='ltr'>non</span> <span class='ocrx_word' id='word_1_151' title='bbox 889 1123 1036 1155; x_wconf 89' lang='lat' dir='ltr'>obscure</span> <span class='ocrx_word' id='word_1_152' title='bbox 1061 1125 1122 1154; x_wconf 89' lang='lat' dir='ltr'>aut</span> <span class='ocrx_word' id='word_1_153' title='bbox 1137 1121 1309 1163; x_wconf 75' lang='lat' dir='ltr'>ambighe,</span> <span class='ocrx_word' id='word_1_154' title='bbox 1340 1120 1402 1154; x_wconf 90' lang='lat' dir='ltr'>sed</span> <span class='ocrx_word' id='word_1_155' title='bbox 1424 1123 1544 1163; x_wconf 85' lang='lat' dir='ltr'>aperte</span> 
     </span>
     <span class='ocr_line' id='line_1_18' title="bbox 142 1171 1543 1225; baseline -0.003 -13"><span class='ocrx_word' id='word_1_156' title='bbox 142 1178 230 1212; x_wconf 82' lang='lat' dir='ltr'>dixit</span> <span class='ocrx_word' id='word_1_157' title='bbox 257 1173 436 1222; x_wconf 75' lang='grc' dir='ltr'><strong><em>θύραθεν</em></strong></span> <span class='ocrx_word' id='word_1_158' title='bbox 454 1173 671 1225; x_wconf 54' lang='grc' dir='ltr'>ἐςτὲισιέναι,</span> <span class='ocrx_word' id='word_1_159' title='bbox 700 1178 735 1212; x_wconf 90' lang='lat' dir='ltr'>id</span> <span class='ocrx_word' id='word_1_160' title='bbox 757 1182 822 1219; x_wconf 83' lang='lat' dir='ltr'>est,</span> <span class='ocrx_word' id='word_1_161' title='bbox 851 1182 888 1210; x_wconf 92' lang='lat' dir='ltr'>ut</span> <span class='ocrx_word' id='word_1_162' title='bbox 915 1189 980 1221; x_wconf 82' lang='lat' dir='ltr'>ego</span> <span class='ocrx_word' id='word_1_163' title='bbox 1003 1179 1222 1221; x_wconf 89' lang='lat' dir='ltr'>interpretor,</span> <span class='ocrx_word' id='word_1_164' title='bbox 1251 1171 1420 1218; x_wconf 70' lang='grc' dir='ltr'><strong><em>ὑψόθεν,</em></strong></span> <span class='ocrx_word' id='word_1_165' title='bbox 1450 1173 1543 1209; x_wconf 72' lang='grc' dir='ltr'><strong>θεό-</strong></span> 
     </span>
     <span class='ocr_line' id='line_1_19' title="bbox 141 1228 1544 1278; baseline -0.002 -9"><span class='ocrx_word' id='word_1_166' title='bbox 141 1234 226 1278; x_wconf 71' lang='grc' dir='ltr'>θεν,</span> <span class='ocrx_word' id='word_1_167' title='bbox 256 1228 482 1278; x_wconf 69' lang='grc' dir='ltr'><strong><em>οὐρανόθεν,</em></strong></span> <span class='ocrx_word' id='word_1_168' title='bbox 511 1245 580 1268; x_wconf 91' lang='lat' dir='ltr'>non</span> <span class='ocrx_word' id='word_1_169' title='bbox 603 1235 747 1269; x_wconf 88' lang='lat' dir='ltr'>traduce</span> <span class='ocrx_word' id='word_1_170' title='bbox 765 1236 908 1276; x_wconf 86' lang='lat' dir='ltr'>semine,</span> <span class='ocrx_word' id='word_1_171' title='bbox 936 1239 974 1268; x_wconf 90' lang='lat' dir='ltr'>ut</span> <span class='ocrx_word' id='word_1_172' title='bbox 1001 1235 1044 1268; x_wconf 92' lang='lat' dir='ltr'>de</span> <span class='ocrx_word' id='word_1_173' title='bbox 1064 1235 1205 1276; x_wconf 89' lang='lat' dir='ltr'>reliquis</span> <span class='ocrx_word' id='word_1_174' title='bbox 1227 1234 1470 1274; x_wconf 85' lang='lat' dir='ltr'>animantibus,</span> <span class='ocrx_word' id='word_1_175' title='bbox 1499 1233 1544 1266; x_wconf 89' lang='lat' dir='ltr'>de</span> 
     </span>
     <span class='ocr_line' id='line_1_20' title="bbox 141 1291 1542 1337; baseline -0.001 -11"><span class='ocrx_word' id='word_1_176' title='bbox 141 1293 265 1335; x_wconf 89' lang='lat' dir='ltr'>quibus</span> <span class='ocrx_word' id='word_1_177' title='bbox 284 1292 451 1326; x_wconf 87' lang='lat' dir='ltr'>tamenin</span> <span class='ocrx_word' id='word_1_178' title='bbox 469 1292 661 1325; x_wconf 86' lang='lat' dir='ltr'>universum</span> <span class='ocrx_word' id='word_1_179' title='bbox 684 1291 784 1325; x_wconf 89' lang='lat' dir='ltr'>Maro</span> <span class='ocrx_word' id='word_1_180' title='bbox 808 1293 945 1337; x_wconf 78' lang='lat' dir='ltr'>igneus,</span> <span class='ocrx_word' id='word_1_181' title='bbox 974 1292 1098 1335; x_wconf 89' lang='lat' dir='ltr'>inquit,</span> <span class='ocrx_word' id='word_1_182' title='bbox 1121 1296 1170 1326; x_wconf 80' lang='lat' dir='ltr'>est</span> <span class='ocrx_word' id='word_1_183' title='bbox 1189 1292 1266 1325; x_wconf 73' lang='lat' dir='ltr'>ollis</span> <span class='ocrx_word' id='word_1_184' title='bbox 1283 1292 1389 1335; x_wconf 84' lang='lat' dir='ltr'>vigor</span> <span class='ocrx_word' id='word_1_185' title='bbox 1410 1295 1443 1324; x_wconf 82' lang='lat' dir='ltr'>et</span> <span class='ocrx_word' id='word_1_186' title='bbox 1465 1301 1542 1324; x_wconf 86' lang='lat' dir='ltr'>coe—</span> 
     </span>
     <span class='ocr_line' id='line_1_21' title="bbox 140 1347 1545 1394; baseline -0.003 -10"><span class='ocrx_word' id='word_1_187' title='bbox 140 1349 235 1384; x_wconf 70' lang='lat' dir='ltr'>lestis</span> <span class='ocrx_word' id='word_1_188' title='bbox 263 1350 381 1394; x_wconf 75' lang='lat' dir='ltr'>origo.</span> <span class='ocrx_word' id='word_1_189' title='bbox 436 1348 546 1391; x_wconf 86' lang='lat' dir='ltr'>Igitur</span> <span class='ocrx_word' id='word_1_190' title='bbox 576 1350 692 1382; x_wconf 90' lang='lat' dir='ltr'>omnia</span> <span class='ocrx_word' id='word_1_191' title='bbox 721 1348 884 1392; x_wconf 86' lang='lat' dir='ltr'>perfectis</span> <span class='ocrx_word' id='word_1_192' title='bbox 912 1349 1060 1382; x_wconf 89' lang='lat' dir='ltr'>numeris</span> <span class='ocrx_word' id='word_1_193' title='bbox 1079 1347 1228 1390; x_wconf 88' lang='lat' dir='ltr'>includi,</span> <span class='ocrx_word' id='word_1_194' title='bbox 1260 1348 1288 1381; x_wconf 90' lang='lat' dir='ltr'>si</span> <span class='ocrx_word' id='word_1_195' title='bbox 1306 1347 1446 1381; x_wconf 88' lang='lat' dir='ltr'>Platoni</span> <span class='ocrx_word' id='word_1_196' title='bbox 1466 1357 1545 1380; x_wconf 89' lang='lat' dir='ltr'>cre-</span> 
     </span>
     <span class='ocr_line' id='line_1_22' title="bbox 140 1403 1543 1447; baseline -0.002 -8"><span class='ocrx_word' id='word_1_197' title='bbox 140 1405 273 1447; x_wconf 76' lang='lat' dir='ltr'>dimuS,</span> <span class='ocrx_word' id='word_1_198' title='bbox 301 1405 531 1440; x_wconf 83' lang='lat' dir='ltr'>confitendum</span> <span class='ocrx_word' id='word_1_199' title='bbox 560 1406 616 1443; x_wconf 85' lang='lat' dir='ltr'>sit.</span> <span class='ocrx_word' id='word_1_200' title='bbox 687 1407 815 1439; x_wconf 89' lang='lat' dir='ltr'>Demus</span> <span class='ocrx_word' id='word_1_201' title='bbox 846 1410 962 1439; x_wconf 87' lang='lat' dir='ltr'>tamen</span> <span class='ocrx_word' id='word_1_202' title='bbox 1004 1404 1246 1446; x_wconf 84' lang='lat' dir='ltr'>Academicis,</span> <span class='ocrx_word' id='word_1_203' title='bbox 1279 1404 1371 1447; x_wconf 91' lang='lat' dir='ltr'>quod</span> <span class='ocrx_word' id='word_1_204' title='bbox 1403 1403 1543 1447; x_wconf 89' lang='lat' dir='ltr'>impium</span> 
     </span>
     <span class='ocr_line' id='line_1_23' title="bbox 140 1456 1543 1506; baseline -0.002 -9"><span class='ocrx_word' id='word_1_205' title='bbox 140 1466 214 1504; x_wconf 78' lang='lat' dir='ltr'>est,</span> <span class='ocrx_word' id='word_1_206' title='bbox 247 1461 334 1496; x_wconf 88' lang='lat' dir='ltr'>haec</span> <span class='ocrx_word' id='word_1_207' title='bbox 364 1462 544 1496; x_wconf 84' lang='lat' dir='ltr'>terrestria</span> <span class='ocrx_word' id='word_1_208' title='bbox 573 1456 661 1505; x_wconf 76' lang='lat' dir='ltr'>quae</span> <span class='ocrx_word' id='word_1_209' title='bbox 690 1467 900 1504; x_wconf 82' lang='lat' dir='ltr'>tractamus,</span> <span class='ocrx_word' id='word_1_210' title='bbox 933 1462 1071 1496; x_wconf 87' lang='lat' dir='ltr'>aliunde</span> <span class='ocrx_word' id='word_1_211' title='bbox 1099 1472 1202 1506; x_wconf 88' lang='lat' dir='ltr'>quam</span> <span class='ocrx_word' id='word_1_212' title='bbox 1231 1461 1275 1494; x_wconf 89' lang='lat' dir='ltr'>ab</span> <span class='ocrx_word' id='word_1_213' title='bbox 1308 1461 1543 1505; x_wconf 80' lang='lat' dir='ltr'>omnipotente</span> 
     </span>
     <span class='ocr_line' id='line_1_24' title="bbox 139 1518 1542 1563; baseline -0.002 -10"><span class='ocrx_word' id='word_1_214' title='bbox 139 1520 217 1554; x_wconf 90' lang='lat' dir='ltr'>Deo</span> <span class='ocrx_word' id='word_1_215' title='bbox 233 1525 348 1554; x_wconf 85' lang='lat' dir='ltr'>ortum</span> <span class='ocrx_word' id='word_1_216' title='bbox 367 1518 545 1559; x_wconf 83' lang='lat' dir='ltr'>habuisse3</span> <span class='ocrx_word' id='word_1_217' title='bbox 576 1530 619 1553; x_wconf 87' lang='lat' dir='ltr'>an</span> <span class='ocrx_word' id='word_1_218' title='bbox 639 1524 822 1563; x_wconf 89' lang='lat' dir='ltr'>propterea</span> <span class='ocrx_word' id='word_1_219' title='bbox 841 1519 985 1563; x_wconf 88' lang='lat' dir='ltr'>perfecti</span> <span class='ocrx_word' id='word_1_220' title='bbox 1011 1520 1158 1560; x_wconf 88' lang='lat' dir='ltr'>numeri,</span> <span class='ocrx_word' id='word_1_221' title='bbox 1187 1519 1236 1551; x_wconf 89' lang='lat' dir='ltr'>uti</span> <span class='ocrx_word' id='word_1_222' title='bbox 1255 1519 1542 1562; x_wconf 86' lang='lat' dir='ltr'>praestantiores,</span> 
     </span>
     <span class='ocr_line' id='line_1_25' title="bbox 139 1575 1542 1620; baseline -0.001 -10"><span class='ocrx_word' id='word_1_223' title='bbox 139 1577 243 1612; x_wconf 86' lang='lat' dir='ltr'>rebus</span> <span class='ocrx_word' id='word_1_224' title='bbox 258 1575 379 1612; x_wconf 84' lang='lat' dir='ltr'>divinis</span> <span class='ocrx_word' id='word_1_225' title='bbox 402 1576 623 1610; x_wconf 75' lang='lat' dir='ltr'>tribuantur?</span> <span class='ocrx_word' id='word_1_226' title='bbox 654 1581 691 1609; x_wconf 86' lang='lat' dir='ltr'>at</span> <span class='ocrx_word' id='word_1_227' title='bbox 715 1577 829 1620; x_wconf 90' lang='lat' dir='ltr'>potius</span> <span class='ocrx_word' id='word_1_228' title='bbox 853 1577 1076 1610; x_wconf 89' lang='lat' dir='ltr'>terrestribus</span> <span class='ocrx_word' id='word_1_229' title='bbox 1092 1575 1236 1619; x_wconf 87' lang='lat' dir='ltr'>perfecti</span> <span class='ocrx_word' id='word_1_230' title='bbox 1259 1575 1391 1608; x_wconf 89' lang='lat' dir='ltr'>numeri</span> <span class='ocrx_word' id='word_1_231' title='bbox 1415 1585 1542 1608; x_wconf 88' lang='lat' dir='ltr'>conve-</span> 
     </span>
     <span class='ocr_line' id='line_1_26' title="bbox 139 1632 1541 1678; baseline -0.002 -11"><span class='ocrx_word' id='word_1_232' title='bbox 139 1633 267 1675; x_wconf 87' lang='lat' dir='ltr'>nirent,</span> <span class='ocrx_word' id='word_1_233' title='bbox 297 1633 376 1676; x_wconf 85' lang='lat' dir='ltr'>quia</span> <span class='ocrx_word' id='word_1_234' title='bbox 395 1632 537 1676; x_wconf 82' lang='lat' dir='ltr'>perfecti</span> <span class='ocrx_word' id='word_1_235' title='bbox 552 1633 685 1667; x_wconf 85' lang='lat' dir='ltr'>numeri</span> <span class='ocrx_word' id='word_1_236' title='bbox 706 1638 874 1677; x_wconf 87' lang='lat' dir='ltr'>quotquot</span> <span class='ocrx_word' id='word_1_237' title='bbox 894 1638 986 1678; x_wconf 90' lang='lat' dir='ltr'>sunt,</span> <span class='ocrx_word' id='word_1_238' title='bbox 1017 1644 1118 1676; x_wconf 87' lang='lat' dir='ltr'>pares</span> <span class='ocrx_word' id='word_1_239' title='bbox 1134 1637 1227 1673; x_wconf 88' lang='lat' dir='ltr'>sunt,</span> <span class='ocrx_word' id='word_1_240' title='bbox 1250 1632 1420 1665; x_wconf 84' lang='lat' dir='ltr'>foeminae</span> <span class='ocrx_word' id='word_1_241' title='bbox 1440 1636 1541 1672; x_wconf 87' lang='lat' dir='ltr'>sunt;</span> 
     </span>
     <span class='ocr_line' id='line_1_27' title="bbox 140 1688 1541 1734; baseline -0.002 -11"><span class='ocrx_word' id='word_1_242' title='bbox 140 1690 268 1733; x_wconf 78' lang='lat' dir='ltr'>alioqui</span> <span class='ocrx_word' id='word_1_243' title='bbox 284 1689 429 1733; x_wconf 77' lang='lat' dir='ltr'>perfecti</span> <span class='ocrx_word' id='word_1_244' title='bbox 445 1700 514 1723; x_wconf 89' lang='lat' dir='ltr'>nou</span> <span class='ocrx_word' id='word_1_245' title='bbox 536 1695 667 1724; x_wconf 87' lang='lat' dir='ltr'>esseut.</span> <span class='ocrx_word' id='word_1_246' title='bbox 702 1701 768 1723; x_wconf 87' lang='lat' dir='ltr'>nec</span> <span class='ocrx_word' id='word_1_247' title='bbox 787 1691 900 1734; x_wconf 90' lang='lat' dir='ltr'>plures</span> <span class='ocrx_word' id='word_1_248' title='bbox 924 1694 1004 1723; x_wconf 89' lang='lat' dir='ltr'>sunt</span> <span class='ocrx_word' id='word_1_249' title='bbox 1025 1694 1172 1732; x_wconf 87' lang='lat' dir='ltr'>quatuor</span> <span class='ocrx_word' id='word_1_250' title='bbox 1197 1689 1288 1722; x_wconf 86' lang='lat' dir='ltr'>intra</span> <span class='ocrx_word' id='word_1_251' title='bbox 1308 1693 1445 1722; x_wconf 91' lang='lat' dir='ltr'>centum</span> <span class='ocrx_word' id='word_1_252' title='bbox 1464 1688 1541 1721; x_wconf 90' lang='lat' dir='ltr'>mil-</span> 
     </span>
     <span class='ocr_line' id='line_1_28' title="bbox 139 1745 1538 1790; baseline -0.002 -10"><span class='ocrx_word' id='word_1_253' title='bbox 139 1747 199 1780; x_wconf 78' lang='lat' dir='ltr'>lia.</span> <span class='ocrx_word' id='word_1_254' title='bbox 258 1745 516 1789; x_wconf 86' lang='lat' dir='ltr'>Supraperfecti</span> <span class='ocrx_word' id='word_1_255' title='bbox 547 1757 684 1790; x_wconf 87' lang='lat' dir='ltr'>quoque</span> <span class='ocrx_word' id='word_1_256' title='bbox 710 1751 790 1780; x_wconf 86' lang='lat' dir='ltr'>sunt</span> <span class='ocrx_word' id='word_1_257' title='bbox 822 1747 975 1787; x_wconf 81' lang='lat' dir='ltr'>numeri3</span> <span class='ocrx_word' id='word_1_258' title='bbox 1002 1746 1067 1779; x_wconf 83' lang='lat' dir='ltr'>sed</span> <span class='ocrx_word' id='word_1_259' title='bbox 1094 1746 1150 1788; x_wconf 83' lang='lat' dir='ltr'>qui</span> <span class='ocrx_word' id='word_1_260' title='bbox 1172 1756 1236 1779; x_wconf 91' lang='lat' dir='ltr'>nec</span> <span class='ocrx_word' id='word_1_261' title='bbox 1250 1745 1296 1778; x_wconf 88' lang='lat' dir='ltr'>ad</span> <span class='ocrx_word' id='word_1_262' title='bbox 1320 1756 1376 1779; x_wconf 89' lang='lat' dir='ltr'>res</span> <span class='ocrx_word' id='word_1_263' title='bbox 1396 1745 1538 1786; x_wconf 79' lang='lat' dir='ltr'>divinas,</span> 
     </span>
     <span class='ocr_line' id='line_1_29' title="bbox 140 1802 1539 1846; baseline -0.001 -9"><span class='ocrx_word' id='word_1_264' title='bbox 140 1813 207 1837; x_wconf 79' lang='lat' dir='ltr'>nec</span> <span class='ocrx_word' id='word_1_265' title='bbox 228 1803 272 1836; x_wconf 91' lang='lat' dir='ltr'>ad</span> <span class='ocrx_word' id='word_1_266' title='bbox 291 1802 457 1837; x_wconf 81' lang='lat' dir='ltr'>humanas</span> <span class='ocrx_word' id='word_1_267' title='bbox 484 1807 544 1836; x_wconf 84' lang='lat' dir='ltr'>aut</span> <span class='ocrx_word' id='word_1_268' title='bbox 559 1807 741 1836; x_wconf 88' lang='lat' dir='ltr'>terrestres</span> <span class='ocrx_word' id='word_1_269' title='bbox 771 1803 1023 1836; x_wconf 88' lang='lat' dir='ltr'>accommodari</span> <span class='ocrx_word' id='word_1_270' title='bbox 1043 1804 1186 1846; x_wconf 86' lang='lat' dir='ltr'>possint.</span> <span class='ocrx_word' id='word_1_271' title='bbox 1246 1802 1332 1836; x_wconf 91' lang='lat' dir='ltr'>Cum</span> <span class='ocrx_word' id='word_1_272' title='bbox 1356 1802 1461 1844; x_wconf 83' lang='lat' dir='ltr'>igitur</span> <span class='ocrx_word' id='word_1_273' title='bbox 1482 1812 1539 1835; x_wconf 87' lang='lat' dir='ltr'>se-</span> 
     </span>
     <span class='ocr_line' id='line_1_30' title="bbox 140 1859 1540 1903; baseline -0.001 -10"><span class='ocrx_word' id='word_1_274' title='bbox 140 1860 258 1894; x_wconf 88' lang='lat' dir='ltr'>narius</span> <span class='ocrx_word' id='word_1_275' title='bbox 287 1860 332 1893; x_wconf 88' lang='lat' dir='ltr'>sit</span> <span class='ocrx_word' id='word_1_276' title='bbox 361 1859 489 1903; x_wconf 86' lang='lat' dir='ltr'>primus</span> <span class='ocrx_word' id='word_1_277' title='bbox 517 1859 770 1902; x_wconf 83' lang='lat' dir='ltr'>perfectorum,</span> <span class='ocrx_word' id='word_1_278' title='bbox 809 1861 910 1893; x_wconf 90' lang='lat' dir='ltr'>rebus</span> <span class='ocrx_word' id='word_1_279' title='bbox 938 1860 1097 1893; x_wconf 80' lang='lat' dir='ltr'>divinitus</span> <span class='ocrx_word' id='word_1_280' title='bbox 1125 1859 1318 1903; x_wconf 88' lang='lat' dir='ltr'>procreatis</span> <span class='ocrx_word' id='word_1_281' title='bbox 1348 1869 1540 1901; x_wconf 87' lang='lat' dir='ltr'>congruere</span> 
     </span>
     <span class='ocr_line' id='line_1_31' title="bbox 140 1916 1539 1959; baseline -0.001 -9"><span class='ocrx_word' id='word_1_282' title='bbox 140 1916 334 1959; x_wconf 83' lang='lat' dir='ltr'>debuisset,</span> <span class='ocrx_word' id='word_1_283' title='bbox 365 1926 408 1950; x_wconf 80' lang='lat' dir='ltr'>ex</span> <span class='ocrx_word' id='word_1_284' title='bbox 430 1916 588 1949; x_wconf 88' lang='lat' dir='ltr'>Platonis</span> <span class='ocrx_word' id='word_1_285' title='bbox 617 1917 802 1950; x_wconf 85' lang='lat' dir='ltr'>sententia.</span> <span class='ocrx_word' id='word_1_286' title='bbox 832 1916 983 1950; x_wconf 88' lang='lat' dir='ltr'>videmus</span> <span class='ocrx_word' id='word_1_287' title='bbox 1012 1921 1127 1949; x_wconf 88' lang='lat' dir='ltr'>tamen</span> <span class='ocrx_word' id='word_1_288' title='bbox 1154 1916 1323 1949; x_wconf 78' lang='lat' dir='ltr'>vilissimis</span> <span class='ocrx_word' id='word_1_289' title='bbox 1356 1916 1539 1949; x_wconf 90' lang='lat' dir='ltr'>animanti-</span> 
     </span>
     <span class='ocr_line' id='line_1_32' title="bbox 140 1973 1539 2017; baseline -0.001 -10"><span class='ocrx_word' id='word_1_290' title='bbox 140 1973 204 2007; x_wconf 89' lang='lat' dir='ltr'>bus</span> <span class='ocrx_word' id='word_1_291' title='bbox 230 1973 424 2007; x_wconf 82' lang='lat' dir='ltr'>convenire.</span> <span class='ocrx_word' id='word_1_292' title='bbox 463 1973 602 2017; x_wconf 88' lang='lat' dir='ltr'>lepores</span> <span class='ocrx_word' id='word_1_293' title='bbox 630 1974 742 2015; x_wconf 90' lang='lat' dir='ltr'>enim,</span> <span class='ocrx_word' id='word_1_294' title='bbox 782 1974 914 2016; x_wconf 87' lang='lat' dir='ltr'>legibus</span> <span class='ocrx_word' id='word_1_295' title='bbox 949 1973 1071 2006; x_wconf 82' lang='lat' dir='ltr'>divinis</span> <span class='ocrx_word' id='word_1_296' title='bbox 1104 1973 1314 2006; x_wconf 87' lang='lat' dir='ltr'>immundum</span> <span class='ocrx_word' id='word_1_297' title='bbox 1349 1973 1473 2006; x_wconf 85' lang='lat' dir='ltr'>animal</span> <span class='ocrx_word' id='word_1_298' title='bbox 1505 1976 1539 2005; x_wconf 92' lang='lat' dir='ltr'>et</span> 
     </span>
     <span class='ocr_line' id='line_1_33' title="bbox 139 2027 1539 2074; baseline -0.001 -11"><span class='ocrx_word' id='word_1_299' title='bbox 139 2034 263 2064; x_wconf 79' lang='lat' dir='ltr'>sancto</span> <span class='ocrx_word' id='word_1_300' title='bbox 282 2031 409 2074; x_wconf 87' lang='lat' dir='ltr'>populo</span> <span class='ocrx_word' id='word_1_301' title='bbox 428 2030 582 2071; x_wconf 83' lang='lat' dir='ltr'>vetitum,</span> <span class='ocrx_word' id='word_1_302' title='bbox 613 2030 645 2064; x_wconf 92' lang='lat'>6.</span> <span class='ocrx_word' id='word_1_303' title='bbox 665 2040 773 2064; x_wconf 87' lang='lat' dir='ltr'>annos</span> <span class='ocrx_word' id='word_1_304' title='bbox 792 2030 835 2064; x_wconf 92' lang='lat' dir='ltr'>ad</span> <span class='ocrx_word' id='word_1_305' title='bbox 863 2040 1031 2064; x_wconf 91' lang='lat' dir='ltr'>summum</span> <span class='ocrx_word' id='word_1_306' title='bbox 1051 2031 1165 2063; x_wconf 85' lang='lat' dir='ltr'>vivere</span> <span class='ocrx_word' id='word_1_307' title='bbox 1186 2030 1306 2063; x_wconf 88' lang='lat' dir='ltr'>scribit</span> <span class='ocrx_word' id='word_1_308' title='bbox 1321 2027 1539 2062; x_wconf 82' lang='lat' dir='ltr'>Aristoteles.</span> 
     </span>
     <span class='ocr_line' id='line_1_34' title="bbox 139 2086 1539 2130; baseline -0.001 -10"><span class='ocrx_word' id='word_1_309' title='bbox 139 2087 283 2121; x_wconf 91' lang='lat' dir='ltr'>totidem</span> <span class='ocrx_word' id='word_1_310' title='bbox 305 2097 414 2121; x_wconf 88' lang='lat' dir='ltr'>annos</span> <span class='ocrx_word' id='word_1_311' title='bbox 444 2087 594 2120; x_wconf 92' lang='lat' dir='ltr'>muribus</span> <span class='ocrx_word' id='word_1_312' title='bbox 624 2086 899 2121; x_wconf 89' lang='lat' dir='ltr'>immundissimis</span> <span class='ocrx_word' id='word_1_313' title='bbox 923 2087 1013 2120; x_wconf 90' lang='lat' dir='ltr'>idem</span> <span class='ocrx_word' id='word_1_314' title='bbox 1041 2087 1171 2120; x_wconf 83' lang='lat' dir='ltr'>tribuit.</span> <span class='ocrx_word' id='word_1_315' title='bbox 1230 2086 1376 2120; x_wconf 86' lang='lat' dir='ltr'>Insectis</span> <span class='ocrx_word' id='word_1_316' title='bbox 1401 2097 1539 2130; x_wconf 90' lang='lat' dir='ltr'>quoque</span> 
     </span>
     <span class='ocr_line' id='line_1_35' title="bbox 138 2143 1537 2187; baseline -0.001 -10"><span class='ocrx_word' id='word_1_317' title='bbox 138 2153 333 2177; x_wconf 89' lang='lat' dir='ltr'>muscarum</span> <span class='ocrx_word' id='word_1_318' title='bbox 362 2144 545 2186; x_wconf 83' lang='lat' dir='ltr'>generibus</span> <span class='ocrx_word' id='word_1_319' title='bbox 573 2144 799 2186; x_wconf 90' lang='lat' dir='ltr'>quibusdam,</span> <span class='ocrx_word' id='word_1_320' title='bbox 829 2149 913 2187; x_wconf 87' lang='lat' dir='ltr'>puta</span> <span class='ocrx_word' id='word_1_321' title='bbox 935 2144 1047 2187; x_wconf 81' lang='lat' dir='ltr'>vespis</span> <span class='ocrx_word' id='word_1_322' title='bbox 1080 2147 1116 2177; x_wconf 90' lang='lat' dir='ltr'>et</span> <span class='ocrx_word' id='word_1_323' title='bbox 1146 2143 1289 2186; x_wconf 81' lang='lat' dir='ltr'>apibus,</span> <span class='ocrx_word' id='word_1_324' title='bbox 1320 2153 1382 2176; x_wconf 85' lang='lat' dir='ltr'>sex</span> <span class='ocrx_word' id='word_1_325' title='bbox 1410 2144 1489 2176; x_wconf 92' lang='lat' dir='ltr'>anni</span> <span class='ocrx_word' id='word_1_326' title='bbox 1517 2143 1537 2176; x_wconf 76' lang='lat' dir='ltr'>a</span> 
     </span>
     <span class='ocr_line' id='line_1_36' title="bbox 138 2199 1536 2244; baseline -0.001 -10"><span class='ocrx_word' id='word_1_327' title='bbox 138 2199 286 2234; x_wconf 87' lang='lat' dir='ltr'>Marone</span> <span class='ocrx_word' id='word_1_328' title='bbox 304 2201 521 2242; x_wconf 89' lang='lat' dir='ltr'>tribuuntur,</span> <span class='ocrx_word' id='word_1_329' title='bbox 553 2204 589 2233; x_wconf 94' lang='lat' dir='ltr'>et</span> <span class='ocrx_word' id='word_1_330' title='bbox 614 2201 766 2234; x_wconf 77' lang='lat' dir='ltr'>alvearia</span> <span class='ocrx_word' id='word_1_331' title='bbox 798 2201 871 2244; x_wconf 89' lang='lat' dir='ltr'>ipsa</span> <span class='ocrx_word' id='word_1_332' title='bbox 899 2201 1120 2243; x_wconf 84' lang='lat' dir='ltr'>sexangulari</span> <span class='ocrx_word' id='word_1_333' title='bbox 1149 2201 1260 2242; x_wconf 81' lang='lat' dir='ltr'>figura</span> <span class='ocrx_word' id='word_1_334' title='bbox 1286 2210 1422 2243; x_wconf 86' lang='lat' dir='ltr'>semper</span> <span class='ocrx_word' id='word_1_335' title='bbox 1453 2210 1536 2233; x_wconf 89' lang='lat' dir='ltr'>con-</span> 
     </span>
     <span class='ocr_line' id='line_1_37' title="bbox 138 2257 1535 2301; baseline -0.001 -11"><span class='ocrx_word' id='word_1_336' title='bbox 138 2260 286 2290; x_wconf 88' lang='lat' dir='ltr'>structa.</span> <span class='ocrx_word' id='word_1_337' title='bbox 316 2267 404 2300; x_wconf 89' lang='lat' dir='ltr'>quae</span> <span class='ocrx_word' id='word_1_338' title='bbox 427 2261 542 2290; x_wconf 82' lang='lat' dir='ltr'>tamen</span> <span class='ocrx_word' id='word_1_339' title='bbox 570 2258 742 2298; x_wconf 87' lang='lat' dir='ltr'>animalia,</span> <span class='ocrx_word' id='word_1_340' title='bbox 771 2261 919 2300; x_wconf 81' lang='lat' dir='ltr'>excepto</span> <span class='ocrx_word' id='word_1_341' title='bbox 938 2258 1067 2301; x_wconf 87' lang='lat' dir='ltr'>lepore,</span> <span class='ocrx_word' id='word_1_342' title='bbox 1097 2257 1278 2300; x_wconf 88' lang='lat' dir='ltr'>putredine</span> <span class='ocrx_word' id='word_1_343' title='bbox 1298 2260 1535 2290; x_wconf 88' lang='lat' dir='ltr'>concrescunt.</span> 
     </span>
     <span class='ocr_line' id='line_1_38' title="bbox 139 2312 1537 2359; baseline -0.001 -11"><span class='ocrx_word' id='word_1_344' title='bbox 139 2312 187 2348; x_wconf 85' lang='lat' dir='ltr'>At</span> <span class='ocrx_word' id='word_1_345' title='bbox 213 2324 355 2347; x_wconf 80' lang='lat' dir='ltr'>numero</span> <span class='ocrx_word' id='word_1_346' title='bbox 383 2314 475 2347; x_wconf 82' lang='lat' dir='ltr'>Deus</span> <span class='ocrx_word' id='word_1_347' title='bbox 501 2315 636 2359; x_wconf 80' lang='lat' dir='ltr'>impare</span> <span class='ocrx_word' id='word_1_348' title='bbox 666 2314 825 2359; x_wconf 79' lang='lat' dir='ltr'>gaudet,</span> <span class='ocrx_word' id='word_1_349' title='bbox 855 2319 892 2347; x_wconf 90' lang='lat' dir='ltr'>ut</span> <span class='ocrx_word' id='word_1_350' title='bbox 925 2315 973 2347; x_wconf 88' lang='lat' dir='ltr'>ait</span> <span class='ocrx_word' id='word_1_351' title='bbox 1001 2314 1130 2348; x_wconf 84' lang='lat' dir='ltr'>Poeta:</span> <span class='ocrx_word' id='word_1_352' title='bbox 1163 2317 1199 2346; x_wconf 93' lang='lat' dir='ltr'>et</span> <span class='ocrx_word' id='word_1_353' title='bbox 1229 2313 1376 2356; x_wconf 88' lang='lat' dir='ltr'>impares</span> <span class='ocrx_word' id='word_1_354' title='bbox 1404 2313 1537 2346; x_wconf 91' lang='lat' dir='ltr'>numeri</span> 
     </span>
     <span class='ocr_line' id='line_1_39' title="bbox 140 2370 1536 2415; baseline -0.001 -12"><span class='ocrx_word' id='word_1_355' title='bbox 140 2371 292 2404; x_wconf 90' lang='lat' dir='ltr'>maribus</span> <span class='ocrx_word' id='word_1_356' title='bbox 307 2370 512 2404; x_wconf 89' lang='lat' dir='ltr'>tribuuntur.</span> <span class='ocrx_word' id='word_1_357' title='bbox 562 2371 652 2405; x_wconf 89' lang='lat' dir='ltr'>Nam</span> <span class='ocrx_word' id='word_1_358' title='bbox 669 2371 760 2414; x_wconf 90' lang='lat' dir='ltr'>quod</span> <span class='ocrx_word' id='word_1_359' title='bbox 783 2371 920 2405; x_wconf 85' lang='lat' dir='ltr'>Seneca</span> <span class='ocrx_word' id='word_1_360' title='bbox 941 2371 1080 2412; x_wconf 88' lang='lat' dir='ltr'>scribit,</span> <span class='ocrx_word' id='word_1_361' title='bbox 1110 2370 1282 2415; x_wconf 78' lang='lat' dir='ltr'>Septimus</span> <span class='ocrx_word' id='word_1_362' title='bbox 1304 2371 1448 2415; x_wconf 79' lang='lat' dir='ltr'>quisque</span> <span class='ocrx_word' id='word_1_363' title='bbox 1471 2382 1536 2403; x_wconf 83' lang='grc' dir='ltr'>αη-</span> 
     </span>
     <span class='ocr_line' id='line_1_40' title="bbox 139 2426 1536 2473; baseline 0 -12"><span class='ocrx_word' id='word_1_364' title='bbox 139 2437 204 2461; x_wconf 75' lang='lat' dir='ltr'>mts</span> <span class='ocrx_word' id='word_1_365' title='bbox 222 2428 333 2461; x_wconf 75' lang='lat' dir='ltr'>aetati</span> <span class='ocrx_word' id='word_1_366' title='bbox 349 2432 468 2462; x_wconf 78' lang='lat' dir='ltr'>notam</span> <span class='ocrx_word' id='word_1_367' title='bbox 492 2428 680 2473; x_wconf 78' lang='lat' dir='ltr'>imprimit,</span> <span class='ocrx_word' id='word_1_368' title='bbox 712 2428 756 2461; x_wconf 89' lang='lat' dir='ltr'>de</span> <span class='ocrx_word' id='word_1_369' title='bbox 777 2429 927 2462; x_wconf 88' lang='lat' dir='ltr'>maribus</span> <span class='ocrx_word' id='word_1_370' title='bbox 955 2432 1088 2461; x_wconf 88' lang='lat' dir='ltr'>tantum</span> <span class='ocrx_word' id='word_1_371' title='bbox 1112 2427 1241 2460; x_wconf 89' lang='lat' dir='ltr'>dictum</span> <span class='ocrx_word' id='word_1_372' title='bbox 1261 2432 1330 2461; x_wconf 86' lang='lat' dir='ltr'>est:</span> <span class='ocrx_word' id='word_1_373' title='bbox 1362 2438 1441 2460; x_wconf 91' lang='lat' dir='ltr'>nam</span> <span class='ocrx_word' id='word_1_374' title='bbox 1461 2426 1536 2461; x_wconf 83' lang='lat' dir='ltr'>foe-</span> 
     </span>
     <span class='ocr_line' id='line_1_41' title="bbox 139 2483 1535 2527; baseline -0.001 -9"><span class='ocrx_word' id='word_1_375' title='bbox 139 2484 241 2518; x_wconf 85' lang='lat' dir='ltr'>minis</span> <span class='ocrx_word' id='word_1_376' title='bbox 261 2494 370 2518; x_wconf 88' lang='lat' dir='ltr'>annus</span> <span class='ocrx_word' id='word_1_377' title='bbox 387 2485 530 2527; x_wconf 88' lang='lat' dir='ltr'>quisque</span> <span class='ocrx_word' id='word_1_378' title='bbox 545 2489 663 2519; x_wconf 84' lang='lat' dir='ltr'>sextus</span> <span class='ocrx_word' id='word_1_379' title='bbox 682 2485 790 2518; x_wconf 87' lang='lat' dir='ltr'>aetati</span> <span class='ocrx_word' id='word_1_380' title='bbox 810 2489 927 2519; x_wconf 89' lang='lat' dir='ltr'>notam</span> <span class='ocrx_word' id='word_1_381' title='bbox 948 2485 1097 2527; x_wconf 90' lang='lat' dir='ltr'>aliquam</span> <span class='ocrx_word' id='word_1_382' title='bbox 1122 2483 1266 2525; x_wconf 89' lang='lat' dir='ltr'>indidit,</span> <span class='ocrx_word' id='word_1_383' title='bbox 1295 2488 1334 2517; x_wconf 88' lang='lat' dir='ltr'>ut</span> <span class='ocrx_word' id='word_1_384' title='bbox 1365 2495 1440 2518; x_wconf 91' lang='lat' dir='ltr'>cum</span> <span class='ocrx_word' id='word_1_385' title='bbox 1461 2494 1535 2517; x_wconf 83' lang='lat' dir='ltr'>ma-</span> 
     </span>
     <span class='ocr_line' id='line_1_42' title="bbox 140 2541 1535 2584; baseline 0 -11"><span class='ocrx_word' id='word_1_386' title='bbox 140 2551 197 2574; x_wconf 88' lang='lat' dir='ltr'>res</span> <span class='ocrx_word' id='word_1_387' title='bbox 226 2551 315 2574; x_wconf 89' lang='lat' dir='ltr'>anno</span> <span class='ocrx_word' id='word_1_388' title='bbox 351 2541 485 2575; x_wconf 89' lang='lat' dir='ltr'>decimo</span> <span class='ocrx_word' id='word_1_389' title='bbox 516 2547 660 2584; x_wconf 90' lang='lat' dir='ltr'>quarto,</span> <span class='ocrx_word' id='word_1_390' title='bbox 703 2541 873 2576; x_wconf 84' lang='lat' dir='ltr'>foeminae</span> <span class='ocrx_word' id='word_1_391' title='bbox 902 2541 1105 2575; x_wconf 91' lang='lat' dir='ltr'>duodecimo</span> <span class='ocrx_word' id='word_1_392' title='bbox 1142 2541 1343 2583; x_wconf 88' lang='lat' dir='ltr'>pubescant.</span> <span class='ocrx_word' id='word_1_393' title='bbox 1410 2541 1535 2574; x_wconf 85' lang='lat' dir='ltr'>Feriae</span> 
     </span>
     <span class='ocr_line' id='line_1_43' title="bbox 141 2597 1534 2642; baseline 0 -12"><span class='ocrx_word' id='word_1_394' title='bbox 141 2607 277 2640; x_wconf 90' lang='lat' dir='ltr'>quoque</span> <span class='ocrx_word' id='word_1_395' title='bbox 298 2597 432 2631; x_wconf 90' lang='lat' dir='ltr'>divinae</span> <span class='ocrx_word' id='word_1_396' title='bbox 462 2609 580 2632; x_wconf 89' lang='lat' dir='ltr'>omnes</span> <span class='ocrx_word' id='word_1_397' title='bbox 596 2599 800 2642; x_wconf 85' lang='lat' dir='ltr'>septenariis</span> <span class='ocrx_word' id='word_1_398' title='bbox 819 2602 878 2632; x_wconf 93' lang='lat' dir='ltr'>aut</span> <span class='ocrx_word' id='word_1_399' title='bbox 897 2599 1082 2642; x_wconf 90' lang='lat' dir='ltr'>imparibus</span> <span class='ocrx_word' id='word_1_400' title='bbox 1102 2598 1253 2631; x_wconf 87' lang='lat' dir='ltr'>numeris</span> <span class='ocrx_word' id='word_1_401' title='bbox 1273 2597 1534 2631; x_wconf 88' lang='lat' dir='ltr'>concluduntur.</span> 
     </span>
     <span class='ocr_line' id='line_1_44' title="bbox 139 2655 1535 2699; baseline 0 -12"><span class='ocrx_word' id='word_1_402' title='bbox 139 2658 330 2687; x_wconf 82' lang='lat' dir='ltr'>nascuntur</span> <span class='ocrx_word' id='word_1_403' title='bbox 358 2655 460 2688; x_wconf 89' lang='lat' dir='ltr'>etiam</span> <span class='ocrx_word' id='word_1_404' title='bbox 490 2665 592 2697; x_wconf 86' lang='lat' dir='ltr'>quam</span> <span class='ocrx_word' id='word_1_405' title='bbox 622 2655 773 2699; x_wconf 87' lang='lat' dir='ltr'>plurimis</span> <span class='ocrx_word' id='word_1_406' title='bbox 800 2656 835 2688; x_wconf 88' lang='lat' dir='ltr'>iu</span> <span class='ocrx_word' id='word_1_407' title='bbox 855 2655 941 2688; x_wconf 89' lang='lat' dir='ltr'>locis</span> <span class='ocrx_word' id='word_1_408' title='bbox 963 2655 1166 2688; x_wconf 84' lang='lat' dir='ltr'>adamantes</span> <span class='ocrx_word' id='word_1_409' title='bbox 1190 2656 1379 2697; x_wconf 84' lang='lat' dir='ltr'>sexangulo</span> <span class='ocrx_word' id='word_1_410' title='bbox 1398 2655 1535 2688; x_wconf 82' lang='lat' dir='ltr'>laevore</span> 
     </span>
     <span class='ocr_line' id='line_1_45' title="bbox 141 2710 1534 2754; baseline 0 -11"><span class='ocrx_word' id='word_1_411' title='bbox 141 2711 185 2743; x_wconf 88' lang='lat' dir='ltr'>ab</span> <span class='ocrx_word' id='word_1_412' title='bbox 204 2711 280 2754; x_wconf 89' lang='lat' dir='ltr'>ipsa</span> <span class='ocrx_word' id='word_1_413' title='bbox 298 2715 423 2744; x_wconf 89' lang='lat' dir='ltr'>natura</span> <span class='ocrx_word' id='word_1_414' title='bbox 441 2711 615 2754; x_wconf 89' lang='lat' dir='ltr'>distincti,</span> <span class='ocrx_word' id='word_1_415' title='bbox 646 2716 684 2745; x_wconf 91' lang='lat' dir='ltr'>ut</span> <span class='ocrx_word' id='word_1_416' title='bbox 700 2712 830 2745; x_wconf 89' lang='lat' dir='ltr'>Plinius</span> <span class='ocrx_word' id='word_1_417' title='bbox 849 2713 907 2745; x_wconf 93' lang='lat' dir='ltr'>lib.</span> <span class='ocrx_word' id='word_1_418' title='bbox 927 2711 983 2745; x_wconf 86' lang='lat'>33.</span> <span class='ocrx_word' id='word_1_419' title='bbox 1011 2710 1094 2753; x_wconf 81' lang='lat'>(37,</span> <span class='ocrx_word' id='word_1_420' title='bbox 1127 2711 1182 2745; x_wconf 90' lang='grc'>15.</span> <span class='ocrx_word' id='word_1_421' title='bbox 1206 2711 1340 2754; x_wconf 82' lang='lat' dir='ltr'>Hard.)</span> <span class='ocrx_word' id='word_1_422' title='bbox 1366 2711 1534 2754; x_wconf 79' lang='lat' dir='ltr'>prodidit:</span> 
     </span>
     <span class='ocr_line' id='line_1_46' title="bbox 139 2767 1533 2811; baseline 0 -11"><span class='ocrx_word' id='word_1_423' title='bbox 139 2767 243 2810; x_wconf 87' lang='lat' dir='ltr'>idque</span> <span class='ocrx_word' id='word_1_424' title='bbox 273 2769 456 2805; x_wconf 83' lang='lat' dir='ltr'>contritum</span> <span class='ocrx_word' id='word_1_425' title='bbox 485 2773 537 2802; x_wconf 85' lang='lat' dir='ltr'>est</span> <span class='ocrx_word' id='word_1_426' title='bbox 563 2769 598 2803; x_wconf 88' lang='lat' dir='ltr'>in</span> <span class='ocrx_word' id='word_1_427' title='bbox 624 2769 828 2811; x_wconf 81' lang='lat' dir='ltr'>Pyrenaeis.</span> <span class='ocrx_word' id='word_1_428' title='bbox 884 2768 950 2802; x_wconf 91' lang='lat' dir='ltr'>Est</span> <span class='ocrx_word' id='word_1_429' title='bbox 978 2768 1084 2810; x_wconf 84' lang='lat' dir='ltr'>igitur</span> <span class='ocrx_word' id='word_1_430' title='bbox 1113 2768 1297 2802; x_wconf 88' lang='lat' dir='ltr'>absurdum</span> <span class='ocrx_word' id='word_1_431' title='bbox 1323 2767 1415 2811; x_wconf 91' lang='lat' dir='ltr'>quod</span> <span class='ocrx_word' id='word_1_432' title='bbox 1432 2768 1533 2801; x_wconf 90' lang='lat' dir='ltr'>Plato</span> 
     </span>
     <span class='ocr_line' id='line_1_47' title="bbox 139 2822 1536 2870; baseline -0.001 -12"><span class='ocrx_word' id='word_1_433' title='bbox 139 2834 254 2859; x_wconf 89' lang='lat' dir='ltr'>rerum</span> <span class='ocrx_word' id='word_1_434' title='bbox 284 2824 473 2859; x_wconf 86' lang='lat' dir='ltr'>divinarum</span> <span class='ocrx_word' id='word_1_435' title='bbox 503 2826 654 2870; x_wconf 83' lang='lat' dir='ltr'>origines</span> <span class='ocrx_word' id='word_1_436' title='bbox 679 2829 716 2860; x_wconf 89' lang='lat' dir='ltr'>et</span> <span class='ocrx_word' id='word_1_437' title='bbox 742 2835 888 2860; x_wconf 89' lang='lat' dir='ltr'>occasus</span> <span class='ocrx_word' id='word_1_438' title='bbox 914 2824 1076 2869; x_wconf 86' lang='lat' dir='ltr'>perfectis</span> <span class='ocrx_word' id='word_1_439' title='bbox 1106 2825 1257 2860; x_wconf 86' lang='lat' dir='ltr'>numeris</span> <span class='ocrx_word' id='word_1_440' title='bbox 1288 2824 1418 2861; x_wconf 85' lang='lat' dir='ltr'>tribuit.</span> <span class='ocrx_word' id='word_1_441' title='bbox 1489 2822 1536 2858; x_wconf 82' lang='lat' dir='ltr'>At</span> 
     </span>
    </p>
   </div>
  </div>
 </body>
</html>
