1764 3176
429 185 760 228 CIVITAS
797 185 921 227 LIB.
949 185 1007 227 X.
1039 189 1107 224 6⁶20

75 297 312 358 δυομένην.

1373 187 1458 227 299

353 295 463 340 κατὰ
492 294 628 352 τύχην
655 296 702 340 δὲ
729 295 809 352 τὴν
833 294 1099 348 Ὀδυσσέως,
1127 298 1351 352 λαχοῦσαν
1380 310 1458 338 πα-

75 370 166 410 σῶν
201 364 415 420 ὑστάτην,
448 363 745 421 αἱρησομένην
771 364 904 416 ἰέναι,
936 362 1082 420 μνήμῃ
1115 364 1160 406 δὲ
1189 367 1278 406 τῶν
1305 364 1459 416 προτέ-

76 450 169 490 ρων
203 432 357 478 πόνων
394 436 645 490 φιλοτιμίας
677 436 987 488 λελωφηκυῖαν
1032 436 1171 486 ζητεῖν
1199 436 1462 486 περιιοῦσαν

75 501 239 559 χρόνον
267 501 408 547 πολὺν
436 504 537 558 βίον
566 501 728 556 ἀνδρὸς
758 499 939 545 ἰδιώτου
972 498 1258 554 ἀπράγμονος
1288 501 1360 543 καὶ
1382 499 1461 556 μό-

38 587 142 626 syce
180 569 327 626 εὑρεῖν
365 571 568 626 κείμενόν
608 587 697 615 που
735 571 810 614 καὶ
848 569 1211 624 παρημελημένον
1248 567 1337 611 ὑπὸ
1370 571 1461 610 τῶν

73 639 218 681 ἄλλων
255 639 328 683 καὶ
369 641 512 683 εἰπεῖν·
544 641 752 691 ἰδοῦσαν,
792 638 860 682 ὅτι
889 635 942 680 τοὶ
974 634 1084 680 αὐτοὶ
1117 635 1172 679 ἄν
1202 636 1355 689 ἔπραξε
1386 636 1458 678 καὶ
1482 636 1521 677 D

72 706 225 763 πρώτη
254 711 469 764 λαχοῦσα,
509 708 582 752 καὶ
613 706 806 764 ἀσμένην
839 705 1026 750 ἑλέσθαι.
1084 706 1159 748 καὶ
1193 704 1241 747 ἐκ
1271 708 1359 747 τών
1389 702 1461 746 ἅλ-

73 779 162 817 λων
201 777 254 832 δὴ
291 777 465 832 θηρίων
503 775 711 828 ὡσαύτως
749 778 809 826 εἰς
847 773 1117 828 ἀνθρώπους
1155 773 1267 816 ἰέναι
1296 772 1370 815 καὶ
1401 773 1461 822 εἰς

74 840 260 898 ἄλληλα,
297 843 352 887 τα
384 844 465 900 μὲν
504 843 634 889 ἄδικα
674 846 735 896 εἷς
773 843 827 888 τοὶ
866 843 1019 897 ἄγρια,
1056 842 1109 885 τοὶ
1142 841 1187 884 δὲ
1222 842 1370 884 δίκαια
1400 841 1460 890 εἰς

74 909 127 953 τὰ
167 910 306 966 ἥμεροι
346 912 689 970 μεταβάλλοντα,
735 913 808 957 καὶ
849 911 992 963 πάσας
1031 911 1164 967 μίξεις
1203 910 1458 965 μίγνυσθαι.

74 977 223 1036 ἐπειδὴ
265 978 307 1024 δ’
348 976 430 1024 οὖν
470 982 612 1034 πάσας
649 980 725 1032 τὰς
763 979 905 1036 ψυχὰς
943 979 1048 1030 τοὺς
1089 980 1214 1036 βίους
1247 978 1458 1035 ᾑρῆσθαι,

73 1161 115 1239 go
117 1150 186 1233 p4ei.
233 1152 276 1187 V.
299 1153 487 1188 Pausanias
509 1155 550 1190 L.
566 1155 612 1190 ΙΙ.
637 1168 666 1189 c.
679 1156 734 1190 21.

119 1268 296 1314 τεχνικῆς]
329 1269 505 1314 τεχνηηῆς
527 1270 607 1304 Bas.
630 1270 665 1305 b.

120 1334 267 1382 πόῤῥω]
299 1335 502 1383 πόρρωθεν
526 1339 618 1372 Flor.
643 1339 689 1373 T.

118 1402 160 1439 δ’
184 1401 236 1450 ἒν]
262 1403 301 1440 δὲ
327 1403 366 1440 ἐν
390 1406 519 1441 Euseb.

117 1473 308 1519 πίθηκον]
343 1475 487 1509 Proclns
515 1475 551 1509 in
586 1475 675 1509 Tim.
700 1488 734 1520 p.

72 1519 218 1574 329,17
243 1533 261 1556 a
286 1523 312 1554 f.
338 1517 398 1555 ὅτι
422 1518 469 1555 tc}
495 1519 533 1555 ἐν
559 1522 734 1555 Πολιτεία

72 1562 143 1609 τήν
166 1564 290 1611 ’ψυχήν
314 1568 382 1601 τοῦ
412 1567 590 1624 Θερσίτου
619 1557 744 1601 πύθι

72 1623 140 1654 κην
165 1614 208 1656 (f.
228 1614 409 1669 πίθηκον)
435 1611 635 1648 ἐνδύεσθαί
663 1626 734 1658 φη-

73 1665 153 1700 σιν,
193 1655 277 1692 ἀλλ’
314 1657 360 1693 ου’
394 1660 499 1703 σῶμα
522 1659 734 1704 πιθήκειον.

74 1703 124 1747 (v.
142 1683 379 1750 πυθήκειον)
404 1706 560 1740 Fallitur.

119 1784 217 1807 κατα
240 1771 378 1820 τύχην]
409 1787 537 1809 κατατ.
562 1775 665 1810 Vind.
688 1776 733 1811 F.

119 1839 298 1888 ὑστάτην]
322 1840 535 1888 ’ὑστατάτην
558 1844 658 1879 idem.

121 1909 233 1957 ἰέναι]
259 1909 355 1946 ἱέναι
382 1912 483 1946 Vind.
508 1913 551 1947 E.

121 1981 344 2026 φιλοτιμίας]
359 1981 574 2026 φιλοτιμίαν
596 1982 682 2039 Aug.
694 1982 735 2017 Β.

119 2051 374 2095 λελωφηκυῖαν
384 2051 399 2096 ]

74 2095 171 2131 vind.
196 2096 241 2132 F.

73 2165 267 2245 Β1ἑη·τεῖν]
290 2169 369 2211 pest
400 2163 521 2200 πολύν
547 2166 632 2201 Lob.
660 2167 737 2200 vat.

482 2051 737 2096 λελωφηκυῖαν

123 2278 366 2324 περιιοῦσαν]
399 2281 604 2324 περιοῦσαν
636 2281 738 2317 vind.

40 2338 43 2343 ’
76 2326 235 2414 ξέδνῖἐ.
254 2327 293 2360 B.
317 2327 398 2361 Par.
422 2327 466 2361 D.
490 2328 570 2363 Vat.
595 2328 641 2361 H.
662 2327 738 2361 Aid.

122 2437 256 2497 πολυν]
281 2438 401 2485 πολήν
425 2441 502 2477 Ald.
529 2442 609 2475 Bas.
635 2453 667 2475 a.

125 2484 381 2532 ἀπράγμονος]
406 2488 469 2522 καὶ
491 2485 527 2522 ἀ.
553 2488 640 2523 Lob.
657 2488 738 2523 Vat.

78 2533 128 2567 M.
153 2535 281 2568 Euseb.
307 2535 380 2568 Ast.
404 2546 472 2568 sec.
507 2534 612 2576 „Non
637 2531 739 2567 ἰδιώ-

79 2591 146 2614 του
187 2577 448 2635 ἀπράγμονος,
492 2581 551 2615 sed
588 2578 739 2614 ἰδιώτου

78 2625 141 2660 καὶ
186 2623 423 2669 ἀπράγμονος
464 2627 552 2671 apud
597 2627 741 2660 eundem

82 2672 280 2717 [Euseb.]
291 2672 435 2717 iegitur·
468 2685 556 2718 quae
585 2673 664 2706 mihi
688 2673 738 2705 le-

79 2718 147 2753 ctio
183 2707 287 2754 multd
310 2718 418 2763 magis
446 2719 611 2753 arridet.“
659 2719 740 2753 ste-

78 2765 209 2809 phanus
246 2768 358 2799 annot.
401 2776 434 2809 p.
461 2765 517 2799 97.
585 2765 740 2799 Eandem

79 2811 194 2845 Astius
217 2811 252 2846 in
277 2814 354 2845 tert.
379 2812 637 2856 praeferendam
660 2822 740 2844 cen-

79 2860 135 2890 set
151 2861 188 2892 et
210 2857 278 2893 iam
301 2857 336 2891 in
360 2868 412 2903 pr.
436 2857 597 2892 exhibere
615 2856 741 2891 voluis-

793 1165 830 1186 se
854 1152 1009 1194 videtur,
1040 1151 1074 1185 in
1098 1162 1167 1196 qua
1200 1147 1239 1184 δὲ
1265 1146 1457 1194 ἀπράγμο-

793 1211 857 1238 νος
882 1199 1017 1242 legitur.
1066 1197 1182 1230 Etiam
1216 1196 1352 1230 Ficinus
1383 1197 1458 1240 pri-

793 1246 869 1279 vati
903 1245 1050 1278 hominis
1083 1244 1290 1287 minimeque
1333 1243 1460 1276 curiosi

793 1291 927 1336 posuit,
953 1289 1106 1324 adhibita
1124 1289 1264 1343 copula,
1290 1300 1357 1344 qua
1372 1300 1459 1333 opus

793 1349 858 1371 non
883 1344 946 1371 est.
994 1338 1082 1370 Sunt
1117 1331 1291 1378 ἄρχοντες
1325 1331 1460 1379 ἄνδρες

795 1381 1041 1426 ἀπράγμονες,
1071 1387 1150 1415 sunt
1175 1381 1323 1414 ἰδιῶται
1347 1383 1459 1417 πολυ-

793 1427 1026 1484 πραγμονες.
1062 1428 1170 1470 Ἣ)55”
1164 1439 1190 1460 is
1216 1428 1328 1460 anima
1352 1427 1459 1460 vitam

793 1473 932 1518 ἀνδρος
970 1471 1123 1508 ἰδιώτου
1159 1487 1177 1506 e
1210 1485 1347 1507 numero
1382 1473 1459 1506 τῶν

793 1519 909 1565 ἀπριψ,
912 1518 1044 1564 μόνων
1069 1521 1268 1565 quaerebat.
1319 1520 1375 1553 Cf.
1401 1531 1459 1553 su-

792 1579 856 1612 pra
879 1580 912 1612 p.
942 1568 1017 1607 134,
1042 1567 1076 1600 b.

838 1622 965 1668 μόγις]
1001 1624 1055 1657 Ita
1085 1624 1165 1657 Par.
1193 1624 1233 1658 A.
1260 1622 1359 1656 Vind.
1386 1622 1460 1656 BF.

793 1672 878 1704 Ven.
904 1671 944 1704 Β.
972 1675 1058 1714 Ano.
1082 1670 1123 1704 B.
1148 1669 1220 1702 Pal.
1248 1670 1288 1702 A.
1313 1669 1390 1702 Vat.
1414 1668 1460 1701 H.

792 1718 887 1751 Flor.
912 1698 1085 1750 ACRf’V.
1119 1713 1224 1758 μόλις
1250 1715 1335 1748 Lob.
1362 1714 1461 1749 vind.

793 1763 835 1796 Ε.
870 1763 970 1805 (Par.
1006 1762 1070 1803 K.)
1106 1763 1234 1795 Euseb.
1269 1761 1341 1794 Ald.
1379 1761 1460 1794 Bas.

793 1811 847 1842 ab.
875 1810 997 1850 steph.
1022 1809 1066 1840 Aa
1061 1812 1095 1842 t.
1119 1819 1172 1852 pr.
1210 1808 1263 1840 De
1290 1809 1366 1841 Par.
1380 1807 1457 1840 ΒΚ.

793 1855 872 1890 vat.
908 1855 986 1888 ΒΜ.
1020 1855 1199 1887 Bekkerus
1229 1857 1334 1887 tacet.
1401 1853 1457 1886 Cf.

793 1902 867 1935 Vol.
893 1901 938 1934 ΙΙ.
963 1913 995 1945 p.
1014 1902 1093 1935 208.
1115 1912 1167 1945 sq.

839 1959 1010 2001 ἰδοῦσαν]
1036 1970 1101 1991 om.
1128 1958 1201 1992 Fic.
1430 1978 1437 1982 -
1482 1949 1520 1990 D

839 2014 886 2051 τοὶ
913 2014 1027 2060 αὐτὰ]
1053 2013 1167 2049 ταῦτ’
1193 2016 1318 2050 Euseb.

840 2071 967 2117 πρώτη
1000 2074 1186 2118 λαχοῦσα]
1221 2071 1374 2117 πρώτην
1398 2075 1458 2107 λα-

793 2120 933 2164 χοῦσαν
959 2120 1019 2164 (——-
1038 2131 1098 2154 σαι
1122 2125 1202 2154 ante
1226 2121 1333 2164 corr.)
1360 2120 1448 2155 Vind

795 2168 836 2201 F.

842 2210 889 2246 τὰ
918 2207 1040 2255 ἄγρια]
1068 2209 1114 2245 τὰ
1141 2225 1207 2246 om.
1231 2212 1326 2246 Flor.
1352 2212 1398 2246 Τ.

841 2270 1069 2314 μίγνυσθαι]
1131 2270 1327 2314 μίγνεσθαι
1383 2270 1460 2305 Ald.

795 2317 874 2350 Bas.
901 2317 955 2351 ab.

843 2370 969 2417 ἐπειδή
992 2392 1035 2400 --
1061 2370 1196 2416 Λήθης
1221 2372 1352 2406 πεδίον
1378 2375 1459 2409 621.

795 2422 835 2455 Α.
845 2421 857 2465 ]
887 2419 1059 2465 excerpsit
1083 2421 1254 2452 Stobaeus
1279 2420 1342 2453 ecl.
1366 2420 1406 2453 L.
1434 2421 1460 2453 Ι.

796 2478 830 2512 p.
853 2468 906 2500 13.
935 2466 1035 2499 Cant.
1061 2465 1186 2498 P1iora
1209 2477 1317 2510 usque
1341 2467 1385 2499 ad
1405 2466 1463 2500 αὶ-

797 2510 985 2556 ρεθέντων
1040 2511 1157 2544 laudat
1204 2511 1362 2546 Clemens
1407 2513 1461 2546 Ab.

797 2561 924 2593 St··.01n
959 2558 999 2591 L.
1026 2558 1067 2590 V.
1103 2569 1136 2601 p.
1165 2559 1244 2592 701.
1277 2570 1319 2592 ex
1353 2570 1462 2600 eoque

796 2605 969 2639 Eusebius
1010 2615 1129 2649 praep.
1171 2615 1224 2638 ev.
1273 2605 1315 2639 L.
1362 2605 1462 2638 XIII.

843 2703 886 2740 δ’
913 2699 997 2749 οὖν]
1023 2720 1088 2741 om.
1114 2707 1222 2742 Clem.

841 2751 933 2791 τοὺς
958 2752 1078 2798 βίους]
1101 2754 1170 2788 τοῦ
1196 2753 1282 2799 βίου
1304 2753 1403 2788 Stob.

842 2806 1035 2856 ᾑρῆσθαι]
1078 2811 1254 2856 εἰρῆσθαι
1295 2812 1375 2846 vat.
1413 2811 1460 2845 H.

797 2856 890 2892 Flor.
908 2857 1011 2891 ACV.
