1764 3176
475 169 817 213 CIVITAS
856 169 978 211 LlB.
1006 171 1063 211 X.
1091 175 1158 208 619

129 297 174 326 τε
208 280 281 324 καὶ
309 280 612 337 τελευτήσαντι
651 279 760 336 αὕτη
791 283 996 338 κρατίστη
1037 283 1211 337 αἵρεσις.

1429 173 1513 212 293

1271 278 1511 334 ἀδαμαντί-

128 365 218 400 νως
250 338 303 403 δὴ
343 350 411 392 δεῖ
447 347 611 404 ταύτην
649 347 728 403 τὴν
769 348 901 399 δόξαν
940 349 1091 405 ἔχοντα
1121 350 1181 400 εἰς
1199 347 1353 391 Ἀιδου
1383 347 1510 400 ἱέναι,
1536 357 1604 393 619

131 416 249 468 ὅπως
278 413 334 459 α“ν
369 411 400 472 ἦ
429 416 504 459 καὶ
547 416 637 459 ἐκεῖ
669 415 964 473 ἀνέκπληκτος
1005 415 1092 460 ὑπὸ
1132 414 1336 460 πλούτων
1366 432 1410 458 τε
1440 416 1513 459 καὶ

127 501 216 529 των
251 483 466 528 τοιούτων
497 487 670 536 κακῶν,
713 485 786 527 καὶ
817 483 875 540 μὴ
919 484 1115 540 ἐμπεσων
1155 486 1215 535 εἰς
1244 485 1513 538 τυραννίδας

127 553 202 597 καὶ
241 551 372 604 ἄλλας
411 551 617 602 τοιαύτας
654 552 831 606 πράξεις
868 553 1007 596 πολλὰ
1052 553 1130 608 μὲν
1168 550 1401 607 ἐργάσηται
1439 552 1514 595 καὶ

128 615 343 678 ἀνήκεστα
373 619 505 672 κακοὶ,
523 620 584 663 ἔτι
614 619 659 662 δὲ
691 618 825 671 αὐτὸς
853 622 982 676 μείζω
1012 621 1150 678 πάθῃ,
1171 618 1280 662 ulmo?
1311 624 1404 677 γνῷ
1433 619 1513 664 τὸν

126 690 261 746 μέσον
290 689 356 732 ἀεὶ
384 691 473 732 τῶν
511 687 729 730 τοιούτων
760 690 859 745 βίον
889 691 1110 744 αἱρεῖσθαι
1139 688 1212 730 καὶ
1244 686 1423 743 φεύγειν
1459 688 1512 731 τοὶ

124 756 455 814 υπερβάλλοντα
486 755 723 808 ἑκατέρωσε
762 757 836 799 καὶ
872 773 920 799 εν
959 759 1070 813 τῷδε
1108 759 1170 813 τῷ
1209 757 1290 814 βίῳ
1322 771 1431 798 κατα
1460 756 1510 799 τό

125 826 318 871 δυνατὸν
354 825 427 868 καὶ
465 825 511 868 ἐν
541 824 685 867 παντὶ·
702 829 761 881 τῷ
794 825 959 868 ἔπειτα·
995 823 1109 868 οὕτω
1140 840 1226 880 γαρ
1259 821 1512 877 εὐδαιμονέ-

124 907 278 945 στατος
307 895 497 950 γίγνεται
528 891 778 946 ἄιθρωπος
821 894 895 938 καὶ
926 892 978 949 δὴ
1011 886 1093 935 οὖν
1124 892 1196 934 καὶ
1226 890 1322 935 τότε
1353 889 1376 935 ὁ
1400 891 1505 935 ἐκεῖ·
1533 901 1570 942 Β

122 968 205 1006 θεν
235 960 415 1018 ἄγγελος
453 961 628 1016 ἤγγελλε
668 962 746 1006 τὸν
781 962 860 1018 μὲν
898 959 1134 1017 προφήτην
1165 959 1307 1012 οὕτως
1346 962 1508 1004 εἰπεῖν’

119 1141 238 1186 gitima
259 1146 445 1184 structura,
454 1154 553 1198 quae
578 1138 642 1188 ἕᾷν
667 1146 785 1186 postu-

121 1188 226 1230 labat,
250 1189 428 1222 interiecto
448 1185 528 1230 αξεί
548 1188 712 1222 sermonis
730 1189 784 1221 fa-

120 1233 266 1268 miliaris
298 1235 503 1279 negligentia
535 1234 634 1268 faciie
661 1233 783 1267 abduci

120 1281 213 1324 potul
216 1283 242 1314 t.
291 1282 346 1314 Cf.
372 1282 447 1316 Vol.
466 1281 512 1314 ΙΙ.
537 1292 570 1325 p.
594 1279 671 1332 155,
694 1280 726 1312 b.

166 1349 276 1390 ζῶντί
292 1351 346 1391 τε]
371 1359 409 1382 τε
429 1360 494 1382 om.
519 1349 618 1382 Vind.
640 1349 679 1383 B.
702 1348 782 1382 Par.

119 1395 162 1428 K.
187 1407 254 1428 sec.
279 1395 388 1428 Bekk.

163 1458 274 1507 αὕτη]
301 1460 395 1506 αὐτὴ
423 1463 521 1497 Viud.
546 1463 589 1497 F.
615 1463 754 1507 Ang.B.

163 1527 436 1575 ἀδαμαντίνως]
463 1531 724 1576 Olympiodorus
745 1531 779 1564 in

116 1577 330 1610 Phaedonem
363 1577 453 1622 apud
478 1577 776 1620 wyttenbachium

116 1623 159 1656 ad
184 1623 354 1657 Phaedon.
381 1635 412 1667 p.
442 1624 530 1659 161:
557 1620 635 1656 ἐπεὶ
663 1621 779 1662 αὑτός

116 1679 192 1702 εστι
219 1664 238 1702 ὁ
265 1666 397 1712 λέγων,
427 1664 485 1703 ὅτι
511 1666 779 1725 αδαμαντίνοις

115 1715 264 1757 δεσμοῖς
288 1715 347 1748 δεῖ
368 1715 488 1748 ταῦτα
507 1713 638 1758 ἔχοντα
659 1714 778 1749 κατιέ-

113 1772 178 1794 ναι
201 1761 259 1800 εἰς
271 1756 407 1795 Ἅιδου.

46 1840 114 1875 619
163 1839 209 1885 δὴ
235 1841 310 1886 δεῖ]
337 1841 391 1875 Ita
415 1841 543 1875 PanA.
568 1841 653 1874 Lob.
677 1839 777 1873 Vind.

113 1887 158 1921 E.
191 1888 273 1922 Vat.
298 1888 411 1921 BHM.
446 1888 532 1921 Ven.
556 1888 597 1921 Β.
629 1885 700 1919 Pal.
734 1886 776 1919 A.

113 1933 207 1968 Flor.
240 1934 281 1966 V.
317 1931 357 1967 δὲ
391 1934 450 1967 δεῖ
481 1935 569 1977 Ang.
605 1933 645 1966 Β.
679 1931 775 1965 Flor.

112 1979 191 2013 ΒΤ.
225 1985 260 2012 et
292 1990 382 2014 corr.
407 1991 426 2012 a
458 1991 501 2012 m.
528 1991 579 2024 pr.
604 1978 705 2014 Vind.
731 1977 774 2011 F.

113 2023 153 2059 δὲ
178 2024 223 2069 δὴ
249 2025 337 2059 idem
361 2027 440 2059 ante
459 2037 547 2060 corr.
572 2025 631 2058 δεῖ
653 2022 698 2068 δὴ
718 2035 773 2057 re-

110 2071 195 2116 liqui
228 2071 363 2105 codices
405 2074 441 2104 et
479 2071 556 2104 Ald.
592 2072 673 2104 Bas.
717 2070 771 2103 ab.

110 2118 229 2162 steph.
256 2119 333 2152 Ast.
357 2117 478 2152 Stallb.
503 2129 556 2162 pr.
592 2117 646 2150 Cf.
667 2128 773 2162 supra

107 2175 140 2208 p.
171 2163 248 2207 144,
269 2165 305 2198 b.

154 2242 298 2288 ἔχοντα]
325 2256 444 2287 εχοντι
467 2244 567 2280 vind.
588 2244 629 2278 B.

146 2308 293 2357 Ἅιδου]
328 2308 426 2359 ᾆδον
459 2312 542 2347 editi
573 2318 653 2346 ante
677 2312 767 2345 Bek

106 2358 236 2392 kerum.

156 2427 202 2471 ᾑ]
227 2423 250 2470 ἢ
275 2426 377 2460 vind.
403 2428 446 2461 Ε.

109 2541 137 2574 Β
156 2491 416 2575 οἶνὲἷπληκτος]
444 2491 670 2539 ἀνέκπλητος
692 2495 768 2529 Am.

141 2553 189 2575 as.
209 2554 227 2575 a
255 2567 264 2576 .

107 2609 407 2690 Βὒτᾶυροιννίδας]
438 2623 470 2645 τ.
502 2621 540 2644 τε
567 2610 652 2644 Lob.
688 2609 769 2642 Vat.

153 2721 364 2769 ἐργάσηται]
389 2721 582 2768 ἐργάζηται
608 2726 688 2758 Bas.
710 2724 766 2758 ab.

153 2789 269 2832 αὐτὸς
280 2794 301 2836 ].
327 2796 406 2838 post
436 2793 544 2835 μείζω
585 2793 689 2827 Vind.
723 2793 766 2828 F.

106 2842 192 2885 Ang.
214 2840 255 2874 B.
277 2839 372 2873 Flor.
397 2839 442 2874 T.

887 1139 1011 1187 πάθῃ]
1037 1139 1146 1185 πάθη
1171 1141 1245 1175 Ald.

886 1222 983 1268 γνῷ]
1009 1234 1082 1265 γνω
1107 1222 1193 1256 Lob.

887 1297 968 1344 αεὶ]
1004 1301 1077 1335 αἰεὶ
1102 1303 1203 1335 Vind.
1232 1302 1275 1334 Ε.
1301 1305 1338 1334 et
1358 1303 1506 1335 sortasse

838 1347 931 1380 Flor.
951 1348 1091 1381 ACRT.
1117 1360 1158 1381 ex
1183 1348 1306 1393 quibus
1331 1347 1506 1380 Stallbau-

838 1393 922 1426 mius
954 1393 988 1426 in
1014 1405 1064 1437 pr.
1102 1391 1162 1427 ἀεὶ
1186 1394 1262 1427 τῶν
1291 1405 1323 1429 τ.
1350 1392 1383 1436 β.
1418 1398 1502 1427 tam-

838 1450 937 1484 quam
962 1440 1091 1473 variam
1114 1439 1292 1473 lectionem
1318 1439 1432 1473 affert.

882 1531 957 1564 τῶν
989 1529 1193 1574 τοιούτων]
1227 1527 1294 1564 τόν
1325 1532 1502 1565 τοιοῦτον

836 1577 915 1610 Par.
939 1577 981 1610 D.
1007 1577 1082 1610 Ald.
1108 1578 1189 1611 Bas.
1213 1578 1267 1610 ab.

882 1656 987 1702 βίον]
1033 1657 1126 1702 βίων
1166 1657 1251 1691 Lob.
1293 1658 1394 1691 Vind.
1427 1658 1499 1692 ΒΕ.

835 1703 923 1736 ven.
947 1704 986 1736 B.
1012 1703 1092 1736 Par.
1118 1704 1160 1738 K.
1191 1715 1259 1738 sec.
1284 1704 1393 1737 Bekk.
1418 1704 1500 1739 Vat.

834 1749 918 1783 HM.
943 1753 978 1782 et
1001 1761 1021 1782 a
1044 1761 1086 1783 m.
1110 1761 1163 1794 pr.
1188 1750 1281 1784 Mon.
1306 1751 1348 1785 B.

881 1838 1094 1885 ἑκατέρωσε]
1125 1838 1307 1885 ἑκατέρως
1334 1841 1434 1875 Vind.
1458 1842 1498 1875 F.

832 1887 918 1931 Ang.
945 1888 984 1921 B.
1011 1888 1105 1921 Flor.
1130 1887 1173 1920 R.

878 1967 995 2013 τῷδε]
1039 1967 1090 2000 τῶ
1139 1966 1239 2001 Vind.
1275 1968 1318 2002 F.

832 2014 918 2058 Ang.
944 2014 984 2048 B.
1008 2014 1106 2048 Flor.
1129 2013 1172 2048 R.

1375 1966 1497 2002 τούτω

876 2103 971 2139 κατὰ
1008 2103 1051 2138 τὸ
1087 2103 1276 2148 δυνατὸν]
1323 2116 1386 2138 om.
1422 2104 1494 2137 Fic.

828 2151 911 2185 item
935 2150 1046 2185 παντὶ
1068 2151 1183 2196 paullo
1208 2154 1296 2195 post.

873 2231 1047 2276 γίγνεται]
1072 2231 1141 2275 γίν.
1165 2230 1267 2264 vind.
1292 2231 1332 2264 B.
1519 2223 1554 2263 Β

875 2308 912 2354 ὁ]
941 2308 992 2350 ὥς
1016 2307 1034 2345 ὁ
1058 2311 1152 2344 Mon.
1176 2310 1214 2343 B.

872 2388 1041 2436 ἤγγελλε]
1067 2387 1191 2434 ἤγγελε
1220 2390 1306 2423 Ven.
1335 2391 1375 2425 B.
1400 2393 1487 2433 Aug.

826 2439 865 2472 B.
902 2437 971 2482 ἤγγ
952 2440 1043 2481 γειλε
1080 2437 1179 2471 Vind.
1214 2437 1289 2470 ΒΕ.
1331 2436 1413 2471 vat.
1445 2437 1490 2471 H.

826 2485 923 2518 Flor
958 2484 1001 2518 T.
1054 2483 1110 2516 Cf.
1144 2494 1176 2527 p.
1207 2484 1286 2517 6.14
1307 2483 1354 2515 B·
1397 2479 1489 2516 οἶνοι-

827 2529 935 2575 βιοὺς
968 2527 1010 2563 δ’
1035 2527 1169 2584 ελεγεν
1185 2525 1208 2561 ἃ
1238 2525 1312 2562 ἐκεῖ
1339 2528 1425 2562 ἴ.δοι
1455 2541 1488 2574 p.

827 2576 907 2611 615.
938 2576 986 2609 C:
1028 2571 1120 2608 ἄλλα
1152 2571 1270 2631 ελεγεν
1301 2571 1370 2608 οὐκ
1398 2572 1485 2616 αξιοι

826 2620 970 2677 μνήμης
990 2641 1030 2646 ——-
1059 2621 1206 2664 μείζους
1232 2618 1285 2654 ε’τι
1313 2619 1405 2660 τοὺς
1431 2632 1488 2663 μι-

827 2666 947 2706 σθοὺς
971 2668 1142 2711 διηγεῖτο.
1191 2668 1430 2710 Imperfectum
1454 2673 1490 2700 et

824 2714 979 2758 integrae
1003 2713 1125 2747 actioni
1151 2713 1332 2746 continuae
1355 2718 1391 2746 et
1408 2724 1488 2757 par-

824 2760 914 2794 tibus
937 2760 1010 2793 eius
1032 2759 1263 2804 significandis
1285 2758 1440 2793 inservit.

871 2835 1004 2885 οὕτως]
1027 2852 1091 2875 om.
1112 2841 1208 2883 Mox!-
1234 2841 1274 2874 B.
1301 2839 1396 2873 Flor.
1417 2839 1461 2873 U.
