1764 3176
288 90 346 130 88

749 86 1215 153 PLATONIS

289 193 411 253 μένῃ.
459 194 608 238 Ἔστιν
643 195 772 241 οὕτω.
832 197 956 243 Πολι)
987 198 1032 243 δέ
1061 214 1109 255 γε
1146 195 1409 253 δριμύτερον
1437 194 1486 239 ἐν
1512 192 1663 253 ταύτῃ,

291 263 319 319 ἢ
349 263 396 307 ἐν
426 263 580 320 ἐκείνῃ.
643 267 767 317 Πῶς;
807 265 923 310 Ἐκεῖ
950 266 1029 321 μὲν
1063 265 1136 310 διὰ
1166 264 1215 308 τὸ
1248 262 1307 320 μή
1337 263 1512 320 ἔντιμον
1540 262 1666 316 εἶναι,

293 328 391 374 ἀλλ’
433 329 759 391 ἀπελαύνεσθαι
796 337 886 377 τῶν
926 332 1097 389 ἀρχῶν,
1147 331 1426 388 ἀγύμναστον
1467 333 1541 377 καὶ
1581 331 1666 376 οὐκ

292 397 543 453 ἐρρωμένον
581 401 793 455 γίγνεται,
836 401 883 445 ἐν
923 403 1194 460 δημοκρατίᾳ
1231 400 1276 444 δὲ
1314 400 1443 444 τοῦτό
1483 416 1572 444 που
1615 399 1666 444 τὸ

290 467 502 520 προεστὸς
538 465 832 527 αὐτῆςβέκτὸς
869 467 1053 525 ὀλίγων,
1093 471 1167 513 καὶ
1205 468 1254 512 τὸ
1293 468 1371 524 μὲν
1402 465 1668 523 δριμύτατον

293 531 431 577 αὐτοῦ
460 533 573 589 λέγει
601 551 645 578 τε
675 535 748 578 καὶ
777 535 975 589 πράττει,

1013 538 1062 581 τὸ
1093 536 1135 581 δ’
1167 536 1272 580 ἄλλο
1311 536 1410 590 περὶ
1446 536 1500 579 τοὶ
1529 534 1667 593 βήμα-

230 607 264 646 Ε
294 618 346 645 τα
373 605 580 658 προσίζον
613 605 773 659 βομβεῖ
815 619 860 647 τε
897 604 971 647 καὶ
1011 603 1093 649 οὐκ
1122 602 1316 661 ἀνέχεται
1353 607 1433 648 τοῦ
1461 602 1571 647 ἄλλα
1601 602 1667 647 λέ-

339 721 472 771 oiim]
520 724 650 767 οὕτως.
698 729 877 763 Bekkerus
918 734 953 763 et

291 773 407 806 Astius
431 773 467 806 in
488 779 568 807 tert.

339 828 382 864 δέ
404 831 464 874 γε]
501 828 542 864 δέ
574 843 639 865 om.
671 830 757 866 Lob.
792 833 870 867 Vat.
904 831 951 866 M.

292 887 331 920 γε
355 888 420 909 om.
446 877 525 910 vat.
549 877 590 910 B.

315 931 476 1013 brazizn]
501 931 620 980 ταύτῃ
639 931 757 978 ταύτη
779 934 853 967 Ald.
871 935 952 969 Bas.

295 992 313 1013 a
341 1005 349 1012 .

292 1033 639 1118 γ,ιι-Ξέτελὲαύνεσθαι]
666 1034 955 1072 ἁπαλαύνεσθαι

324 1095 359 1116 m
386 1108 393 1116 .
451 1110 458 1118 .

294 1135 410 1218 ‘dmi-s.
456 1137 695 1184 ἐρ’ριομένον]
753 1137 954 1185 ου’κερρωμ.

291 1197 303 1219 ι
331 1197 393 1219 em.

338 1231 542 1275 γίγνεται,]
575 1232 745 1275 γίγνεται.
771 1232 847 1266 Ald.
871 1233 951 1265 Bas.

293 1277 574 1356 algillffekkerus.
621 1279 800 1322 γίγνεται·
834 1279 953 1323 Steph.

339 1381 414 1403 που
439 1367 508 1412 τὸ]
545 1367 587 1403 τὸ
616 1381 679 1403 om.
704 1369 783 1403 Par.
807 1370 852 1403 K.
885 1382 952 1404 sec.

293 1415 540 1505 Benlgozotog]
567 1461 621 1494 Ita
645 1462 723 1496 Par.
741 1465 781 1496 A.
806 1473 882 1497 am.
902 1473 952 1507 pr.

296 1507 374 1540 Vat.
398 1508 438 1541 B.
464 1519 484 1540 a
507 1519 551 1540 m.
576 1519 603 1540 s.
640 1508 724 1541 Ven.
753 1508 792 1541 C.
817 1509 955 1552 Ang.B.

293 1558 330 1586 et
372 1559 545 1587 correctus
578 1553 613 1588 in
649 1564 688 1594 o,
732 1565 792 1598 pro
825 1566 890 1599 quo
924 1566 952 1587 ω

293 1600 426 1640 fuerat,
465 1599 565 1633 Vind.
598 1599 639 1633 F.
673 1599 752 1632 item
785 1600 863 1633 Bas.
899 1601 952 1634 ab.

291 1643 482 1688 προεστώς
517 1644 639 1690 reliqui
680 1646 834 1687 codices,
877 1646 954 1700 Ald.

291 1691 603 1781 {Zesshin‘ss‘issss‘f‘fft‘
626 1691 754 1782 (3315.ss
763 1702 955 1781 ,πῗὲξῗιῖιῗῗ

293 1782 492 1874 giiatsnfakiikc),
515 1783 884 1873 ξὲὀεὲιῖιηῖιῗέεἰξῗὲἕ
889 1795 954 1863 3¹13:

293 1875 344 1908 cis
369 1874 545 1907 Bekkerus
570 1886 589 1907 e
612 1875 748 1919 paucis,
779 1875 838 1908 sed
863 1876 954 1920 opti-

294 1921 357 1953 mis
380 1921 454 1953 fere
477 1920 650 1954 codicibus
669 1920 830 1965 scriptori
851 1922 953 1954 resti-

295 1966 380 2008 tuit,
418 1963 522 2005 ἑστὸς
554 1966 708 2000 Parmen.
735 1979 770 2011 p.
798 1968 875 2002 146

294 2012 348 2046 bis
382 2018 418 2045 et
450 2012 556 2056 Soph.
590 2024 623 2057 p.
659 2014 736 2047 250.
765 2013 804 2046 C.
838 1970 938 2047 ult.A
932 2026 951 2047 e

294 2060 374 2092 Vat.
397 2059 438 2091 A.
472 2062 507 2090 et
531 2058 648 2093 Clark.
680 2059 750 2103 Sop
753 2059 783 2092 h.
815 2070 848 2104 p.
872 2059 952 2095 249.

292 2108 332 2138 A.
365 2115 407 2137 ex
437 2103 555 2138 iisdem
591 2108 626 2137 et
659 2071 750 2138 Venp
773 2105 813 2140 C.
855 2117 876 2139 a
907 2117 952 2139 m.

295 2163 367 2196 pr„
394 2150 508 2185 Parm
538 2163 569 2195 p.
599 2152 676 2185 156.
703 2151 743 2186 C.
774 2158 850 2194 ter,
881 2151 952 2197 pri-

294 2209 383 2231 mum
406 2208 448 2229 ex
473 2197 591 2232 Clark.
624 2199 702 2232 Vat.
727 2199 768 2230 A.
791 2199 875 2232 V.en
910 2199 950 2232 C.

295 2248 329 2276 et
360 2243 421 2277 int.
452 2254 540 2277 τετε.
571 2243 651 2277 Par.
674 2243 735 2285 D,
765 2244 888 2278 iterum
910 2254 952 2277 ex

292 2288 401 2323 tribus
422 2288 604 2332 prioribus,
628 2289 763 2323 tertium
782 2301 823 2323 ex
846 2290 953 2323 omni-

293 2336 356 2368 bus
385 2339 552 2379 quatuor,
575 2335 621 2370 ib.
646 2335 687 2369 E.
713 2342 792 2380 etp
797 2336 938 2373 ..El63

293 2392 336 2413 ex
359 2379 477 2413 iisdem
497 2385 653 2425 quatuor,
672 2382 818 2416 Theaet.
828 2394 860 2427 p.
875 2383 950 2418 183.

292 2427 337 2460 Ε.
363 2427 485 2461 evat.
503 2430 543 2459 A.
572 2432 607 2460 et
633 2439 713 2460 am.
732 2439 783 2473 pr.
801 2429 953 2470 Ven.C.

293 2471 952 2527 Τίιιι.Ρ-.4ΟΒ...φεΡε.ι-Α,ἆε-

294 2515 381 2557 στὸς
405 2518 517 2551 Critia
543 2531 575 2563 p.
603 2521 677 2555 113.
704 2521 744 2553 C.
771 2533 790 2553 e
814 2521 892 2555 Par.
910 2523 950 2553 A.

295 2566 380 2607 Ang.
407 2564 446 2598 Β
477 2564 572 2598 Flcr.
604 2566 676 2600 AR.
705 2566 778 2603 Pal.
802 2568 864 2608 B„
887 2579 950 2600 κα-

294 2607 430 2648 θεστὸς
452 2610 585 2654 T.imp
621 2610 677 2646 46.
701 2613 742 2645 Β.
768 2626 787 2646 e
812 2613 892 2647 Par.
910 2614 950 2647 A.

293 2660 329 2690 et
363 2656 447 2700 Leg.
480 2656 522 2690 L
556 2657 633 2690 VII.
667 2670 699 2702 p.
726 2659 805 2694 794.
830 2659 874 2694 D.
909 2670 951 2692 ex

295 2702 411 2736 eodem
437 2713 457 2735 a
480 2713 521 2734 m.
546 2714 597 2747 pr.
633 2708 668 2736 et
701 2705 776 2737 Vat.
799 2706 839 2738 0
863 2716 883 2739 a
907 2716 950 2738 m.

295 2760 347 2794 pr.
377 2754 414 2782 et
444 2748 518 2783 Pal.
554 2749 616 2791 C.,
656 2749 830 2792 ξυνεστὸς
860 2751 951 2786 Tim.

1009 733 1187 776 p...56B
1219 728 1668 787 ePar.A.am.pr.('m

1009 783 1096 822 Ang.
1129 779 1172 813 D.
1212 778 1305 811 Flor.
1340 777 1381 810 C.
1418 773 1542 814 ἐνεςὸς
1581 775 1669 810 scri-

1009 831 1103 869 ptum
1121 826 1191 867 est)
1205 824 1347 868 denique
1370 819 1561 866 περιεστὸς
1577 821 1666 856 Tim.

1009 882 1042 915 p.
1067 872 1123 906 33.
1149 871 1190 904 C.
1223 871 1344 903 ePar.
1368 869 1412 901 F.
1444 872 1590 903 etam.
1613 878 1668 912 pr.

1009 919 1050 949 A.
1083 918 1168 960 Ang.
1192 916 1235 950 D.
1267 915 1363 949 Flos.
1388 914 1429 948 C.
1477 913 1541 947 His
1572 913 1671 947 libris

1009 962 1142 995 accedit
1175 974 1217 995 ex
1249 961 1333 995 meis
1361 960 1447 994 Lob.
1471 959 1507 992 in
1530 960 1668 993 Theae-

1008 1013 1079 1041 teto
1105 1015 1185 1041 ante
1206 1007 1449 1042 correctionem
1480 1002 1584 1044 ἑστὸς
1609 1017 1669 1038 ex-

1010 1054 1129 1088 hibens
1152 1060 1187 1087 et
1210 1053 1311 1087 Vind.
1337 1053 1377 1086 F.
1409 1052 1444 1085 in
1465 1051 1609 1085 Timaeo
1633 1055 1669 1085 et

1011 1099 1121 1133 Critia
1133 1098 1151 1134 ὸ
1167 1111 1328 1143 nusquam
1339 1110 1403 1132 non
1415 1098 1582 1140 integrum
1594 1108 1669 1130 ser-

1011 1157 1107 1179 vans.
1131 1145 1226 1178 Alter
1241 1145 1340 1178 Vind.
1355 1143 1669 1187 (CCCXXXVII.)

1010 1191 1099 1224 Tim.
1127 1203 1161 1235 p.
1185 1190 1241 1225 40.
1266 1192 1304 1224 Β.
1329 1193 1385 1226 46.
1410 1190 1448 1223 B.
1475 1189 1528 1224 56.
1554 1190 1581 1221 B
1598 1215 1607 1230 ,
1630 1196 1670 1222 ut

1010 1237 1103 1271 Mon.
1128 1236 1275 1270 DXIHI.
1309 1236 1343 1269 in
1377 1235 1488 1269 Critia
1523 1239 1558 1268 et
1581 1235 1667 1270 Lob.

1010 1283 1044 1315 in
1076 1283 1239 1325 Sopbista
1276 1283 1336 1325 (in
1375 1293 1440 1326 quo
1473 1291 1515 1313 ex
1548 1280 1667 1315 Clark.

1011 1329 1226 1362 Gaisfordius
1290 1326 1394 1366 ἑστὸς
1455 1327 1667 1370 annotavit)

1010 1375 1164 1413 -στῶς
1198 1374 1358 1419 scriptum
1390 1373 1502 1406 habet.
1572 1373 1668 1405 Inter

1010 1419 1222 1454 Stallbaumii
1247 1420 1380 1453 codices
1401 1430 1487 1451 unus
1506 1418 1600 1452 Flor.
1616 1419 1666 1453 M.

1009 1466 1094 1510 Leg.
1134 1466 1174 1499 L.
1210 1465 1291 1499 VII.
1333 1461 1538 1504 καθεστὸς,
1577 1464 1667 1498 Tim.

1010 1523 1043 1555 p.
1076 1514 1131 1546 56.
1165 1512 1205 1546 B.
1248 1511 1337 1545 idem
1376 1522 1451 1543 curn
1490 1510 1584 1543 Flor.
1625 1511 1682 1548 A...

1010 1555 1156 1597 ἐνεστὸς
1190 1558 1317 1591 habere
1358 1556 1492 1590 dicitur.
1562 1556 1668 1590 Aldus

1010 1605 1133 1647 ubique
1160 1601 1308 1642 -στώς
1331 1603 1458 1643 edidit,
1480 1613 1542 1635 nec
1568 1602 1668 1636 aliter

1007 1650 1240 1691 Basileenses,
1273 1661 1357 1694 quos
1386 1652 1570 1693 propterea
1593 1660 1669 1682 cre-

1009 1695 1111 1729 dibile
1149 1696 1190 1729 fit
1230 1701 1346 1729 nostro
1380 1695 1454 1727 loco
1486 1684 1669 1737 προεστὸς

1009 1754 1075 1775 non
1098 1741 1216 1774 dedita
1238 1752 1343 1785 opera
1366 1740 1539 1793 posuisse,
1562 1740 1622 1774 sed
1646 1753 1668 1775 a

1008 1788 1186 1831 typotheta
1214 1787 1362 1840 positum
1404 1786 1575 1830 corrigere
1607 1798 1670 1820 ne-

1009 1833 1174 1877 glexisse,
1198 1832 1261 1865 nisi
1279 1833 1371 1865 forte
1384 1833 1586 1876 Grynaeus,
1609 1832 1668 1877 qui

1010 1878 1116 1924 priori
1152 1879 1230 1911 Bas.
1269 1878 1438 1922 praefuit.
1470 1878 1534 1911 hoc
1566 1890 1667 1911 unum

1010 1925 1060 1958 sic
1084 1924 1297 1958 scribendum
1329 1922 1481 1977 putavit,
1511 1929 1550 1957 ut
1583 1921 1665 1967 ἐφε-

1009 1968 1096 2009 στός
1138 1974 1172 2003 et
1205 1967 1442 2013 προύφεστὸς
1481 1969 1515 2002 in
1554 1970 1668 2004 Procli

1008 2027 1124 2050 comm.
1142 2016 1178 2049 in
1201 2016 1293 2050 Tim
1315 2015 1449 2060 p.114‚
1474 2017 1507 2049 Ξ.
1532 2021 1568 2049 et
1583 2017 1664 2059 245,

1009 2064 1051 2097 18
1079 2073 1099 2095 a
1122 2062 1147 2097 f.
1178 2061 1340 2105 scriptum
1372 2061 1405 2094 in
1429 2061 1547 2094 codice
1569 2062 1665 2096 vide-

1007 2111 1072 2142 rat.
1136 2107 1306 2151 Vulgatae
1350 2113 1429 2140 ante
1474 2107 1666 2142 Bekkerum

1006 2154 1196 2198 scripturae
1238 2152 1327 2187 ratio
1374 2164 1394 2186 a
1440 2154 1668 2197 grammaticis

1007 2200 1133 2234 tradita
1157 2200 1242 2232 haec
1264 2201 1358 2240 erat,
1390 2199 1480 2244 quod
1510 2201 1668 2234 masculi-

1005 2257 1070 2280 nae
1094 2250 1128 2279 et
1151 2245 1303 2279 neutrius
1333 2246 1462 2279 formae
1488 2246 1668 2280 nominati-

1006 2303 1068 2326 vus
1095 2292 1232 2347 pariter
1262 2296 1366 2347 atque
1406 2303 1504 2326 casus
1537 2293 1667 2346 obliqui

1007 2350 1048 2372 ex
1093 2335 1254 2379 ἓσταώς,
1295 2334 1448 2382 ἓσταός,
1490 2335 1667 2379 ἑσταότος

1007 2384 1171 2418 contracti
1204 2389 1329 2418 essent.
1388 2385 1432 2418 V.
1470 2384 1666 2420 Buttmanni

1007 2442 1144 2474 gramm.
1168 2430 1215 2463 II.
1250 2442 1282 2474 p.
1309 2431 1362 2465 14.
1394 2429 1538 2475 ideoque
1567 2437 1667 2466 erant

1007 2476 1075 2529 qui
1097 2475 1311 2509 circumflexo
1343 2476 1377 2510 in
1410 2476 1525 2511 ultima
1557 2477 1667 2512 nomi-

1007 2521 1112 2556 nativi
1134 2527 1320 2556 uterentur.
1366 2523 1398 2556 V
1400 2534 1493 2556 erum
1512 2535 1583 2557 rem
1600 2524 1664 2558 ali-

1007 2573 1060 2601 ter
1092 2568 1218 2601 habere
1247 2567 1397 2601 Ionicum
1433 2565 1607 2611 ἑστεῶτος
1630 2574 1666 2604 et

1007 2613 1132 2647 Atticis
1178 2625 1350 2647 commune
1397 2626 1471 2647 cum
1527 2616 1666 2650 Ionibus

1007 2658 1483 2704 raeavscfizogtpersuadenn
1523 2673 1664 2706 quorum

1006 2706 1177 2751 posterius
1218 2710 1425 2740 contractum
1458 2706 1565 2741 videri
1604 2719 1664 2741 ne-

1007 2751 1082 2798 quit.
1116 2759 1152 2787 et
1183 2752 1271 2787 haud
1295 2752 1397 2787 dubie
1419 2764 1461 2787 ex
1485 2751 1664 2799 τεθνηκό-
