1764 3176
172 300 205 340 E
236 298 312 340 καὶ
352 295 380 340 ὁὶ
428 295 616 352 ἄγροικα
660 298 836 356 ἔφησθα
886 299 941 343 σύ
982 297 1095 342 εἶναι
1134 296 1280 354 ἀληθῆ
1320 298 1478 354 λέγων·

231 364 581 421 στρεβλώσονται
618 368 691 410 καὶ
731 367 1107 424 ἐκκαυθήσονται·

173 1035 206 1075 Ε

231 121 319 162 268

693 119 1161 162 PLATONIS

232 229 544 285 πηλακίζονται
578 227 666 274 ὑπὸ
700 230 837 283 ξένων
874 248 919 275 τε
956 232 1031 274 καὶ
1070 230 1238 282 οἷστῶν,
1276 231 1619 287 μαστιγούμενοι

1528 297 1619 343 εἶτα

1152 366 1297 410 πάντα
1337 367 1482 410 ἐκεῖνα
1518 369 1619 411 οἴου

231 433 306 476 καὶ
337 433 450 487 ἐμοῦ
485 432 720 490 ἀκηκοέναι
751 434 810 487 ὦς
839 435 1099 492 πάσχουσιν.
1150 431 1266 486 ἀλλ’,
1298 432 1323 478 ὃ
1352 434 1487 490 λέγω,
1520 435 1619 489 ὅρα,

231 501 269 544 εἰ
305 497 455 554 οἷνέξει.
514 503 602 545 Καὶ
631 501 750 547 πάνυ

763 538 774 556 ,
813 505 918 560 ἔφη’

960 505 1108 548 δίκαια
1144 501 1230 559 γαρ
1261 502 1410 557 λέγεις.
1459 501 1510 545 “A
1539 502 1619 558 μὲν

230 569 407 623 τοίνυν,
437 564 491 625 ἦν
521 570 566 614 δ’
596 571 702 627 ἐγώ,
734 576 860 625 ζῶντι
891 576 951 630 τῷ
982 573 1136 628 δικαίῳ
1167 570 1288 624 παρὰ
1318 575 1439 614 θεῶν
1467 587 1512 614 τε
1545 571 1620 615 καὶ

141 642 208 676 614
233 634 489 692 ἀνθρώπων
520 634 636 683 ἆθλά
667 656 711 683 τε
740 641 814 684 καὶ
845 640 999 697 μισθοὶ
1027 641 1101 684 καὶ
1132 641 1252 695 δῶρα
1290 641 1482 695 γίγνεται
1511 640 1621 696 πρὸς

280 761 405 798 οἰστῶν
408 765 438 808 ,]
464 766 531 799 Ηίο
555 767 734 801 Bekkems
764 767 898 810 incidit,

232 808 356 844 deletis
389 817 468 845 ante
500 809 576 846 υπὸ
605 819 640 847 et
671 818 749 858 post
771 824 897 856 μαστι-

231 853 408 898 γούμενοι
429 859 613 892 commatis.

280 923 342 958 καὶ
367 921 406 969 ὁὶ]
432 922 456 959 ὁὶ
481 925 544 960 καὶ
569 927 667 960 Vind.
693 928 734 961 F.
759 930 844 973 Aug.
858 930 897 962 Β.

233 969 331 1004 Flor.
356 972 398 1004 R.
424 971 487 1005 καὶ
512 972 612 1007 Vind.
632 974 676 1006 E.
718 1002 722 1005 .

285 1035 454 1084 ἄγροικα]
481 1039 636 1085 ἄγροῖκα
657 1043 756 1076 Stob.
778 1039 836 1087 ἅγ.
855 1041 899 1077 σύ

236 1086 337 1120 Vind.
363 1087 405 1120 E.

234 1129 378 1213 Μεῖναι
403 1129 552 1178 ἀληθῆ]
579 1137 658 1179 post
682 1132 796 1178 λέγων
819 1137 900 1171 Vat.

234 1223 415 1303 Αλὲγων·
442 1223 544 1270 εἶτα]
577 1225 730 1270 λέγοντα
753 1240 795 1271 γρ
822 1228 899 1261 Par.

316 1272 370 1315 (in
401 1284 443 1305 111.
479 1277 568 1305 teste
602 1273 768 1317 Faehsio)
799 1275 899 1309 Stob.

235 1317 356 1351 Trinc
382 1319 411 1350 λ.
439 1314 480 1351 εἶ.
499 1317 676 1366 λέγονται
700 1321 797 1353 Stob.
824 1321 899 1354 cod.

234 1363 275 1397 A.
326 1364 438 1397 Verba
480 1367 559 1397 εῑτα
606 1363 900 1420 στρεβλώσονται

235 1409 316 1455 (pro
342 1422 409 1455 quo
435 1412 528 1444 Mon.
547 1412 586 1444 Β.
611 1410 899 1467 στρεβλήσονται

235 1467 257 1490 a
273 1468 315 1490 m.
338 1468 365 1490 s
385 1456 505 1500 habet)
522 1456 585 1491 καὶ
604 1454 899 1502 ἐκκαυθήσονται

234 1502 382 1536 Astius‘
374 1514 406 1535 111
432 1506 512 1538 tert.
538 1504 580 1537 ab
601 1504 710 1537 aliena
735 1516 833 1538 manu
859 1505 900 1537 il-

235 1548 307 1582 lata
331 1548 525 1593 suspicatm
550 1551 610 1593 (ex
636 1550 676 1584 L.
694 1551 738 1584 ΙΙ.
763 1563 797 1595 p.
818 1552 898 1586 361.

236 1595 301 1638 E.)
327 1595 606 1629 Stallbaumius
597 1608 630 1629 111
656 1608 723 1630 sec.
748 1597 796 1630 ita
822 1609 899 1630 cor-

234 1641 377 1686 rigenda
401 1652 461 1674 cen.
465 1647 538 1682 set,
563 1648 601 1674 ut
626 1639 706 1676 εἶτα
730 1643 900 1698 demptum

237 1691 317 1720 ante
340 1697 470 1730 μαστι)
474 1685 625 1729 ουάενοι
650 1695 795 1732 ponatur
819 1695 854 1722 et
876 1685 899 1722 ὁὶ

237 1732 300 1767 καὶ
338 1745 397 1777 pro
423 1733 485 1767 καὶ
519 1730 542 1766 ὁὶ
569 1735 900 1769 scribatu1.Scili—

238 1786 295 1813 cet
318 1779 352 1812 in
375 1780 515 1824 vulgata
546 1781 690 1814 lectione
719 1782 900 1814 secundum

236 1807 453 1858 Bekkerum‘
466 1826 646 1867 distincta,
680 1827 707 1859 si
739 1834 818 1871 post
842 1826 900 1861 λε’-

237 1883 312 1915 ’γων
344 1871 533 1905 subsistens
566 1884 584 1905 e
609 1873 796 1906 Glaucouis
819 1885 900 1906 ver-

238 1917 290 1951 bis
315 1918 356 1950 L.
375 1918 420 1950 11.
447 1930 521 1951 cum
549 1915 739 1961 α’)ροικίας
764 1920 900 1952 confes-

239 1965 333 1998 sione
366 1965 408 1997 de
445 1964 534 1997 iusto
567 1964 639 1996 viro
673 1965 899 2008 pronuntiatis

237 2007 431 2053 δεδήσεται
459 2018 495 2044 et
521 2006 899 2054 οἷνασχινδνλευθήσε-

238 2069 301 2091 ται
324 2057 359 2090 in
384 2057 588 2101 participia,
619 2068 706 2101 quae
733 2068 806 2090 cum
829 2068 899 2099 μα-

241 2113 318 2146 στιγ
322 2100 472 2145 ούμενοι
495 2103 750 2151 coniungantur,
771 2108 901 2136 mutata

239 2155 398 2203 repetens
423 2150 604 2183 subaudias
631 2156 665 2183 et
691 2160 769 2182 ειτα
800 2159 900 2192 στρε-

240 2193 446 2240 βλώσονται
496 2195 558 2229 καὶ
604 2192 902 2239 ἐκκαυθήσονται

240 2244 418 2275 Socratem
451 2253 511 2275 suo
551 2242 681 2275 nomine
722 2242 902 2275 addentem

239 2288 367 2330 facias,
404 2288 548 2332 primum
580 2288 823 2321 incommodum
849 2292 903 2320 est

240 2335 330 2379 quod
369 2335 452 2367 haec
491 2346 580 2379 quoq
585 2346 627 2367 ue
668 2346 688 2367 a
726 2333 903 2367 Glaucone

239 2381 332 2414 dicta
364 2381 521 2421 sumunt,
563 2349 826 2435 στρεβλώσεται
857 2399 902 2404 —

240 2424 510 2480 ἐκκαυθήσεται
537 2423 778 2469 τωφθαλμώ,
814 2425 901 2458 alte—

239 2485 312 2508 rum
324 2474 413 2518 quod
428 2469 601 2515 οἷνασχινὸ
610 2470 781 2515 υλευόμει
785 2484 825 2511 ος
836 2483 903 2505 non

239 2520 342 2554 etiam
367 2517 682 2563 στρεβλωσόμενος
715 2522 750 2552 et
775 2515 902 2551 ἐκκαυ-

240 2563 451 2618 θησόμενος
485 2565 553 2598 diei
585 2572 721 2609 potest,
755 2564 902 2609 denique

240 2613 331 2658 quod
364 2609 488 2644 πάντα
521 2608 641 2645 εκεῖνα
671 2611 740 2644 iam
765 2622 830 2643 non
859 2610 902 2643 ad

239 2669 424 2703 pronomen
449 2652 485 2699 ἃ,
506 2669 571 2702 quo
592 2663 704 2690 tamen
732 2656 902 2701 pettinere

240 2705 410 2745 videntur,
435 2703 556 2736 reterui
577 2709 754 2747 poter1.1nt
781 2703 901 2755 quibus

240 2751 394 2784 omnibus
426 2753 461 2783 et
484 2749 579 2783 Astio
616 2750 751 2793 placens
780 2748 901 2782 recisio

242 2803 278 2832 et
301 2809 322 2832 a
341 2796 564 2831 Stallbaumio
589 2795 765 2841 proposita
789 2801 900 2829 trans-

954 768 1096 801 mutatio
1120 767 1284 801 medetur.
1323 769 1368 801 At
1386 767 1467 801 nihil
1491 769 1618 808 obstat,

955 825 1022 857 quo
1056 814 1165 846 minus
1196 814 1373 846 Socratem
1399 814 1503 847 verba
1539 810 1619 846 εἶτα

955 857 1247 904 στρεβλώσονται
1278 858 1340 893 καὶ
1365 856 1618 902 εκκαυθήσον-

955 917 1016 939 ται
1036 918 1100 940 non
1121 917 1141 939 a
1160 917 1198 938 se
1215 905 1352 948 addere,
1367 905 1430 938 sed
1448 917 1489 938 ex
1509 905 1619 938 Glau—

956 951 1051 986 conis
1090 952 1244 985 oratione
1280 951 1323 984 ad
1363 963 1455 984 suam
1490 950 1618 984 descri-

956 998 1105 1042 ptionem
1129 997 1309 1042 participio
1333 994 1619 1041 μαστιγούμενοι

958 1044 1149 1077 inchoatam
1192 1044 1374 1077 traducere
1416 1049 1617 1086 statuamus,

959 1090 1057 1133 quasi
1092 1089 1204 1123 dicat:
1237 1087 1521 1145 μαστιγούμενοι
1554 1089 1618 1123 καὶ

958 1134 1081 1170 ἐκεῖνα
1123 1133 1349 1178 πάσχοντες,
1395 1132 1418 1169 ἃ
1462 1132 1618 1190 ἄγροικα

959 1180 1110 1237 ε’φησθα
1143 1179 1186 1215 σὺ
1215 1185 1310 1215 εἰναι
1340 1179 1466 1226 ἀληθῆ
1491 1179 1617 1224 λέγων,

957 1225 1019 1262 ὅτε
1044 1227 1174 1271 ε’λεγες·
1201 1224 1280 1261 εἶτα
1303 1238 1379 1271 στρ.
1404 1233 1469 1262 etc.
1515 1228 1621 1268 Quod

956 1287 1022 1320 quo
1043 1275 1149 1318 magis
1171 1275 1386 1319 Ρρι5ρῑοιιιιιιι
1414 1275 1526 1315 fieret,
1544 1285 1619 1307 curn

956 1321 1044 1354 Aldo
1079 1320 1212 1365 plenius
1246 1324 1324 1366 post
1356 1319 1473 1364 λέγων
1511 1321 1620 1353 inter-

955 1366 1071 1412 punxi.

1002 1432 1139 1479 εκεῖνα]
1164 1447 1228 1468 om.
1253 1435 1341 1469 Lob.
1366 1435 1447 1468 Vat.
1471 1433 1552 1468 ΒΜ.

955 1481 1112 1561 Ττιῐὶιξξυ]
1160 1481 1244 1515 οῖόυ
1285 1481 1385 1514 Vind.
1432 1482 1473 1514 B.
1517 1481 1617 1514 Stob.

1003 1593 1109 1650 ἐμοῦ]
1136 1592 1195 1639 ε’με
1219 1596 1315 1629 Flor.
1339 1596 1385 1629 T.

1005 1639 1077 1686 ως]
1115 1655 1181 1676 om.
1214 1642 1315 1677 Vind.
1348 1642 1421 1676 BE.
1456 1642 1535 1677 Vat.
1571 1641 1617 1675 H.

957 1689 1049 1722 Flor.
1074 1689 1181 1725 ACV.

1004 1754 1148 1801 οἷνέξει]
1183 1757 1239 1790 Ita
1274 1756 1374 1791 Vind.
1404 1757 1443 1790 F.
1469 1756 1549 1789 Par.
1574 1755 1617 1789 D.

956 1805 1043 1847 Aug.
1068 1805 1108 1838 B.
1134 1805 1213 1837 Vat.
1232 1803 1274 1837 H.
1300 1803 1392 1836 Flor.
1407 1803 1480 1836 AV.
1505 1798 1617 1846 οἷνέξῃ

955 1862 1029 1883 cum
1050 1849 1190 1895 reliquis
1209 1853 1244 1882 et
1262 1850 1414 1883 Stobaeo
1436 1848 1518 1882 editi
1537 1855 1618 1881 ante

953 1896 1097 1928 Astium.

1001 1940 1073 1984 γὰρ
1099 1939 1233 1984 λέγεις]
1266 1938 1337 1983 γὰρ
1361 1952 1426 1974 om.
1452 1939 1551 1974 Vind.
1574 1939 1615 1973 F.

956 1988 1041 2032 Aug.
1069 1988 1106 2020 Β.
1132 1987 1225 2020 F.lor
1249 1987 1291 2020 R.

992 2051 1031 2089 A
1055 2067 1136 2100 μεν
1141 2055 1221 2099 etc.]
1248 2054 1357 2095 ζῶντι
1380 2066 1445 2097 μεν
1471 2065 1541 2087 ουν
1564 2053 1615 2098 τῷ

957 2101 1085 2147 δικαίῳ
1111 2101 1214 2134 ἆθλα
1237 2099 1299 2134 καὶ
1315 2099 1445 2143 μισθοὶ
1463 2099 1524 2133 καὶ
1546 2099 1617 2133 ‹303-

958 2160 1007 2203 ρα
1041 2137 1188 2181 δίδοται
1219 2145 1322 2189 παρὰ
1355 2147 1471 2180 θεοῦ·
1519 2141 1542 2180 ἃ
1577 2143 1616 2179 δὲ

958 2191 1077 2228 αὐτὸν
1109 2193 1296 2235 περιμένει
1338 2190 1616 2246 τελευτήσαντα,

957 2238 1023 2295 χρὴ
1064 2236 1233 2272 α’κοῦσαι.
1280 2236 1397 2282 λέγοις
1426 2235 1474 2272 οὶν
1505 2235 1618 2282 ἥδιον

961 2283 1149 2319 ἀκούοντι.
1187 2282 1269 2318 ἀλλ’
1311 2291 1377 2318 etc.
1422 2297 1532 2330 usque
1574 2284 1617 2317 ad

958 2333 1058 2366 finem
1082 2331 1162 2364 libri
1186 2332 1257 2366 Pal.
1281 2332 1320 2365 A.

1004 2400 1146 2455 τοίνυν]
1170 2413 1235 2434 om.
1261 2401 1339 2434 Par.
1367 2400 1412 2434 K.

1005 2443 1124 2502 παρα]
1148 2445 1212 2480 καὶ
1235 2457 1272 2479 π
1298 2446 1391 2479 Flor.
1415 2446 1459 2479 T.

1006 2487 1107 2526 αθλά
1139 2494 1199 2536 τε]
1232 2488 1333 2525 ἆθλα
1367 2503 1406 2525 τε
1442 2491 1540 2525 Vind.
1565 2491 1684 2527 13:514

959 2540 1052 2574 Μοη.
1078 2540 1117 2573 Β.
1142 2550 1180 2572 τε
1205 2551 1269 2572 om.
1296 2538 1455 2572 Flo1.T.

1004 2608 1177 2652 γίγνεται]
1189 2607 1376 2651 γίγνονται
1394 2607 1490 2640 Stob.
1502 2607 1617 2640 Trinc.

960 2656 1069 2688 Gesn.
1121 2655 1299 2699 (γίγνεται
1348 2653 1422 2686 cod.
1471 2655 1510 2687 A.
1563 2655 1618 2686 ed.

959 2702 1091 2743 Gaisf.)

1004 2744 1178 2791 ἐκείνοις]
1212 2742 1332 2780 ἐκεῖνα
1355 2746 1454 2781 Stob.
1479 2746 1553 2780 cod.
1577 2746 1616 2780 A.

957 2793 1077 2828 'hina
