1764 3176
487 196 820 239 CIVITAS
869 196 992 238 LIB.
1023 196 1158 238 VIIII.
1189 202 1257 236 578
1477 197 1561 237 133

180 308 288 365 μένη
317 304 443 357 πόλις
481 306 637 362 ἥκιστα
673 311 791 350 ποιεῖ
820 305 848 350 ἂ
887 306 1113 362 βούλεται,·
1147 304 1269 350 Πολύ
1298 322 1358 361 γε.
1418 306 1504 348 Καὶ
1534 305 1560 361 ἡ

180 373 511 430 τυραννουμένη
554 375 641 429 ἄρα
674 373 794 430 »ψυχή
836 372 988 430 ἥκιστα
1027 373 1199 429 ποιήσει
1241 373 1269 417 οἳ
1306 374 1362 418 ἂν
1403 377 1558 430 βουλη-
1587 375 1620 416 Ε

178 447 262 500 θῇ,
302 441 362 494 οἱς
398 443 498 497 περὶ
537 442 642 498 ὅλης
679 444 815 486 εἰπεῖν
853 445 1017 498 ψυχῆς·
1059 439 1148 484 ὑπό
1191 442 1236 484 δὲ
1279 444 1457 497 οἴστρου
1496 441 1561 485 οἷεὶ

179 511 391 568 ἑλκομένη
423 513 497 567 βίᾳ
527 515 714 566 ταραχῆς
736 510 811 554 καὶ
839 511 1114 565 μεταμελείας
1135 511 1264 566 μεστὴ
1287 510 1415 554 ἔσται.
1460 513 1562 560 Πῶς

176 579 262 636 γὰρ
295 578 375 630 οὕς
408 580 637 622 Πλουσίαν
668 579 736 630 δὲ,
767 577 794 635 ἢ
822 576 1066 634 πενομένην
1097 576 1263 633 ἀνάγκη
1295 579 1377 634 τὴν
1405 594 1561 632 τυραν-

175 647 399 703 νουμένην
447 646 577 690 πόλιν
624 645 762 696 εἶναι,·
815 645 1085 701 Πενομένην.
1165 646 1252 688 Και
1290 645 1435 701 ιιυχὴν
1474 647 1561 699 ἄρα

175 714 446 771 τυραννικήν
485 715 695 770 πενιχράν
734 715 807 757 καὶ
852 713 1074 770 ἄπληστον
1117 711 1287 769 ἀνάγκη
1326 712 1391 757 αεὶ
1431 712 1554 757 εἶναι.
1581 718 1650 753 578

183 782 355 835 Οὕτως,
387 785 414 838 ἡ
446 781 490 826 δ’
520 782 581 834 ὃς.
635 784 686 825 Τί
717 781 784 833 δέ,·
817 782 976 838 φόβου
993 782 1138 837 γέμειν
1169 780 1244 834 ἀρ’
1278 781 1360 826 οὐκ
1391 782 1559 839 οἷνάγκη

175 850 256 908 τήν
287 867 336 906 γε
365 849 578 908 τοιαύτην
610 850 739 894 πόλιν
775 849 853 894 τόν
891 867 934 893 τε
965 854 1172 893 τοιοῦτον
1203 849 1366 903 ἄνδρας
1409 849 1559 906 Πολλή

174 935 234 977 γε.
290 917 535 974 Ὀδυρμοὺς
565 920 611 963 δὲ
641 920 714 962 καὶ
745 917 1013 973 στεναγμοὺς
1043 918 1115 961 καὶ
1145 917 1347 974 θρήνους
1376 919 1450 962 καὶ
1481 916 1558 962 ἆλ-

174 987 365 1044 γηδόνας
406 988 486 1031 οἴει
517 988 563 1031 ἔν
591 1004 676 1030 τινι
719 987 827 1044 ἄλλῃ
858 989 1035 1037 πλείους
1065 984 1294 1040 εὑρήσειν,·
1327 984 1556 1041 Οὐδαμῶς.

169 1055 244 1099 Ἐν
274 1054 403 1110 ἀνδρὶ
434 1055 479 1099 δὲ
509 1055 593 1112 ἡγῇ
612 1054 676 1100 ,τά
714 1059 898 1099 τοιαῦτα
929 1054 975 1098 ἐν
1007 1053 1121 1109 ἄλλῳ
1152 1055 1238 1097 τινὶ
1267 1056 1398 1097 πλείω
1432 1051 1556 1107 εἶναι,

173 1122 204 1180 ἢ
232 1124 280 1168 έν
309 1127 371 1180 τῷ
400 1123 651 1179 μαινομένῳ
680 1122 768 1166 ὑπό
801 1123 1045 1175 ἐπιθυμιῶν
1073 1137 1118 1164 τε
1150 1122 1220 1164 καὶ
1251 1121 1427 1175 ἐρώτων
1456 1122 1557 1165 τού-

173 1209 234 1250 τῳ
263 1195 324 1250 τῷ
358 1195 632 1249 τυραννικῷ,·
675 1195 778 1241 Πῶς
812 1189 896 1245 γάρ
929 1188 1008 1239 ἄν,·
1052 1189 1147 1245 ἔφη.
1207 1191 1285 1240 Εἰς
1315 1189 1456 1234 πάντα
1487 1190 1554 1247 δή,

175 1257 321 1316 οἶμαι,
362 1259 499 1303 ταῦτά
538 1275 581 1303 τε
618 1259 692 1303 καὶ
732 1259 839 1303 ἄλλα
878 1261 1061 1301 τοιαῦτα
1103 1255 1355 1314 ἀποβλέψας
1391 1256 1471 1314 τήν
1506 1275 1553 1314 γε
1581 1259 1617 1300 Β

216 1406 277 1453 τὸ]
301 1407 358 1453 τὸ,
385 1410 495 1451 idem3
520 1421 562 1444 ex
586 1420 653 1454 quo
678 1409 836 1453 intelligi·
893 1409 1039 1443 omnium
1084 1409 1264 1443 lectionem
1309 1409 1443 1443 codices
1485 1413 1557 1442 tres

135 1481 139 1483 -
172 1458 229 1489 tur
258 1456 364 1490 fuisse
388 1456 446 1501 qui
473 1457 537 1490 hoe
561 1455 605 1490 τό
633 1468 695 1501 pro
720 1456 834 1491 τοῦτο
891 1460 1047 1497 tantum,
1081 1457 1165 1488 Ven.
1208 1456 1247 1488 B.
1291 1460 1325 1488 et
1358 1456 1450 1488 F.lor
1484 1456 1558 1489 AV.

125 1516 127 1518 ·
170 1501 355 1546 acciperet.
890 1506 1091 1546 praestant,
1132 1501 1326 1535 tacentibus
1370 1506 1481 1534 tamen
1515 1501 1558 1534 de

215 1545 500 1592 μοχθηρότατον
530 1547 593 1581 καὶ
626 1546 833 1590 μανικώτα-
889 1548 969 1581 Par
996 1547 1039 1580 K
1066 1547 1270 1592 Bipontinis,
1296 1559 1395 1598 quem
1419 1547 1557 1580 Bekke-

170 1594 249 1649 τον]
274 1605 358 1636 μαν.
383 1606 415 1628 κ.
439 1594 548 1637 μοχθ.
576 1595 654 1627 Par.
680 1595 722 1627 K
890 1605 949 1626 ιιι5
982 1604 1057 1626 cum
1090 1593 1264 1638 plerisque
1297 1591 1486 1635 ὀδυρμούς
1517 1604 1556 1626 τε

215 1635 254 1683 ἢ]
278 1639 340 1674 καὶ
364 1641 442 1676 Vat.
467 1640 513 1674 H.
540 1640 630 1673 Flor.
656 1642 695 1673 A.
891 1639 1051 1672 exhibere
1075 1643 1235 1672 testatur.
1285 1639 1338 1672 Ita
1365 1639 1450 1673 enim
1476 1639 1556 1672 reli-

217 1683 364 1733 φήσεις]
394 1683 523 1729 φύσεις
546 1686 626 1719 Bas
651 1698 681 1719 a.
890 1685 948 1729 qui
971 1686 1133 1728 scriptum
1152 1686 1277 1718 habent
1295 1692 1434 1729 praeter
1454 1685 1553 1718 Vind.

217 1727 334 1776 εἶναι]
363 1744 426 1766 om.
459 1732 552 1766 Mon.
576 1733 617 1765 Β.
650 1733 729 1767 Par.
754 1732 830 1766 DK.
891 1731 966 1764 EF.
992 1734 1066 1774 Ang
1101 1731 1140 1764 B.
1164 1731 1255 1764 Flor.
1281 1731 1355 1764 CR.
1380 1731 1415 1763 in
1434 1732 1556 1775 quibus

169 1776 261 1810 Flor.
290 1778 336 1812 U.
893 1744 1084 1819 ὀδυρμούς
1104 1788 1141 1820 γε
1160 1777 1296 1820 legitur.
1320 1788 1359 1810 τε
1380 1778 1463 1810 ferri
1488 1789 1554 1810 non

216 1820 412 1868 βούλεταις
422 1824 434 1868 ]
500 1820 686 1869 βούλεται.
756 1823 831 1857 Ald.
888 1834 991 1866 posse
1015 1823 1150 1856 videtur
1183 1828 1218 1856 et
1248 1834 1484 1877 nonnunquam
1519 1823 1555 1856 in

169 1868 290 1914 steph.
889 1869 996 1901 locum
1030 1869 1118 1913 part}
1113 1868 1173 1901 eu
1177 1881 1218 1902 ae
1252 1865 1291 1902 δε
1325 1869 1488 1913 irrepsit,
1514 1872 1552 1902 ut

216 1915 306 1972 Καὶ]
334 1927 400 1974 orn
889 1914 929 1946 L.
965 1914 1023 1947 VI.
1059 1926 1091 1959 p.
1126 1916 1206 1949 488.
1241 1915 1283 1948 D.
1343 1916 1413 1948 Sed
1448 1915 1552 1954 multo

109 1959 143 2000 E
220 1958 271 2001 ὥς
321 1960 404 2006 περὶ
453 1927 600 2005 1ὥσπερ
650 1960 750 1995 Vind.
787 1961 831 1995 F.
888 1960 1102 2004 frequentius
1123 1972 1166 1993 ex
1187 1972 1227 2004 γε·
1250 1972 1312 2005 pei
1329 1972 1479 1994 errorem
1498 1962 1552 1994 fa-

169 2007 264 2041 Flor.
289 2007 330 2041 A.
889 2012 979 2039 ctum
1021 2010 1085 2039 est.
1146 2007 1270 2061 ltaque
1307 2008 1335 2040 si
1377 2007 1552 2040 Platonem

213 2053 464 2097 μεταμελείας]
490 2053 709 2096 μεταμελιας
738 2052 830 2087 Μοιι.
890 2049 1078 2104 οδυρμούς
1109 2050 1152 2086 δέ
1175 2064 1213 2096 γε
1246 2052 1424 2097 scripsisse
1447 2052 1551 2097 idque

888 2099 922 2131 in
949 2094 1003 2132 ὁὸ.
1031 2097 1074 2132 δέ
1098 2110 1135 2132 τε
1160 2111 1212 2132 σοι
1212 2103 1354 2151 ruptum
1380 2110 1455 2132 esse
1479 2104 1551 2132 sta

100 2154 168 2189 578
200 2125 372 2190 .’ἄνάγκη]
406 2141 547 2190 οἷνοὶγκῃ
571 2145 644 2179 Ald.
887 2144 1034 2186 mimus,
1082 2145 1234 2177 codicum
1289 2144 1552 2189 discrepantiam

215 2199 336 2246 enak]
363 2199 477 2243 εἶπας
503 2203 582 2238 Bas·
609 2203 663 2236 ab·
887 2201 1017 2223 omnem
1057 2191 1146 2224 nullo
1190 2190 1325 2235 negotio
1380 2191 1553 2236 explicare

218 2243 365 2291 Οὕτως]
392 2244 490 2282 οὕτω
515 2248 614 2282 vind.
639 2249 684 2283 E.
884 2247 1072 2281 P⁰⁵⁵u¹¹¹¹¹S·

214 2292 269 2336 δέ]
300 2293 363 2327 δαὶ
386 2294 551 2327 Vind.13.
933 2289 1038 2338 ἄλλῃ]
1070 2289 1107 2328 ἅ.
1132 2290 1237 2327 πόλει
1262 2293 1365 2327 Vind.
1390 2294 1433 2328 E.

213 2338 354 2395 φόβου]
384 2337 502 2394 βόβον
525 2339 614 2373 idem
639 2351 659 2373 a
682 2351 726 2372 m.
751 2352 803 2385 pr.
931 2341 1102 2383 πλείους]
1131 2338 1265 2378 πλέους
1292 2340 1377 2373 Lob.
1405 2341 1480 2374 vat.
1506 2342 1548 2374 B.

213 2383 347 2430 ys'uav]
373 2384 485 2430 γε’μην
511 2385 611 2419 vind.
637 2386 679 2420 Ε.
885 2387 970 2421 V.en
998 2386 1040 2419 C.
1064 2386 1143 2419 Par.
1170 2385 1212 2419 D.

928 2429 990 2465 Ἐν
1013 2428 1136 2486 ἀνδρὶ]
1163 2428 1311 2475 ἐνανὸρὶ
1338 2431 1438 2466 Vind.
1463 2433 1506 2467 E.

213 2437 293 2497 ἆρ’]
320 2440 385 2486 ἄρ’
410 2443 510 2477 Vind.
525 2444 565 2478 F.
590 2436 664 2486 ἀρα
681 2443 773 2477 Mon.
786 2445 826 2479 B.

929 2475 1027 2522 ἡγῇ]
1060 2473 1143 2521 ἡγεῖ
1174 2477 1274 2511 Vi;.1d
1299 2478 1342 2510 F.
1375 2478 1470 2512 Flor.
1503 2480 1548 2514 R.

212 2488 280 2533 τήν
303 2490 357 2533 γε]
382 2487 450 2534 τήν
473 2501 512 2524 τε
538 2490 721 2525 Vind.BE.
742 2491 826 2523 Ven.

166 2536 207 2569 Β,
239 2536 317 2569 vat,
341 2536 388 2569 Η,
884 2527 931 2563 et,
956 2535 1029 2568 sup.
1055 2535 1090 2567 η,
1114 2524 1200 2567 Aug.
1213 2523 1253 2558 B.
1280 2535 1355 2557 cum
1378 2525 1547 2559 recentio-

179 2584 182 2585 ’
213 2578 279 2615 τόν
313 2582 374 2625 τε]
410 2579 478 2615 τόν
513 2592 551 2624 γε
586 2581 685 2615 vind.
719 2581 825 2617 BEF.
882 2570 989 2603 ribus·

165 2627 246 2661 Par.
270 2628 314 2661 K.
340 2639 407 2661 sec.
431 2627 540 2662 Bekk.
564 2629 643 2662 Vat.
668 2628 711 2661 H.
930 2613 1155 2670 ἐπιθυμιῶν]
1168 2612 1490 2659 ἐπιθυμῖωνῖῑῐῑᾶ·
1502 2617 1545 2650 Ε·

135 2699 152 2701 ff.
213 2671 352 2717 Ποιιή]
379 2673 433 2706 1ta
457 2673 537 2706 Par.
551 2675 588 2706 A.
613 2674 698 2707 Lob.
723 2673 825 2707 vind.
929 2657 991 2704 ἄν]
1019 2674 1084 2695 om·
1109 2662 1189 2696 Vat-
1218 2662 1266 2696 Μ
1293 2662 1387 2697 Flor
1411 2663 1456 2696 T

165 2719 239 2753 EF.
273 2721 350 2753 vat.
376 2719 489 2752 BHM.
522 2720 607 2754 ven.
633 2720 706 2753 BC.
732 2719 824 2754 Flor.
927 2716 995 2762 τήν
1011 2720 1064 2762 γε]
1090 2716 1158 2763 τήν
1176 2730 1215 2753 τε
1237 2720 1324 2754 Lob.
1347 2719 1448 2753 Vind.
1465 2720 1539 2753 BE.
1570 2712 1606 2753 Β

163 2766 235 2799 Ac.
267 2765 400 2810 Reliqui
425 2763 521 2799 πολύ
544 2777 618 2799 cum
642 2765 741 2799 editis
764 2778 825 2799 an-
880 2767 960 2799 wat.
998 2765 1111 2798 BHM.
1148 2766 1232 2799 Ven.
1267 2767 1308 2800 C.
1353 2766 1431 2798 Par.
1464 2765 1543 2806 DK.

165 2817 201 2845 te
224 2811 429 2846 Bekkerum.
880 2822 948 2845 sec.
973 2811 1082 2844 Bekk.
1107 2811 1199 2845 Flor.
1222 2812 1365 2846 ACTU.
1396 2816 1432 2845 et
1456 2823 1476 2846 a
1498 2824 1542 2849 m.

211 2853 419 2902 Οδνρμονς
439 2855 494 2901 δὲ]
516 2856 616 2891 Hanc
641 2857 823 2891 editionum
880 2868 933 2903 pr.
959 2856 1048 2891 Mon.
1073 2858 1115 2892 Β.
1139 2858 1196 2901 (γε
1221 2870 1242 2892 a
1265 2870 1309 2894 111.
1325 2858 1374 2900 5.)
