1764 3176
439 195 774 238 CIVITAS
813 195 1094 238 LIB.VIHI.
1119 201 1187 236 582

121 307 290 368 ῥᾴδιον.

1420 197 1504 238 153

348 307 477 351 Πολύ
522 306 617 361 ἄρ’,
647 301 705 363 ἦν
735 305 779 351 δ’
811 306 916 362 ἐγώ,
957 307 1157 364 διαφέρει
1185 309 1268 351 τοῦ
1296 322 1344 363 γε
1374 310 1503 362 φιλο-

120 378 305 432 κερδοῦς
335 374 359 418 ὁ
391 375 638 432 φιλόσοφος
667 376 866 432 ἐμπειρίᾳ
897 374 1160 431 ἀμφοτέρων
1188 379 1277 418 τῶν
1307 372 1498 431 ἡδονῶν.

122 443 245 494 Πολύ
275 443 437 500 μέντοι.

493 445 545 487 Τί
583 444 628 487 δὲ
665 448 747 487 τοῦ
777 444 1036 500 φιλοτίμους
1067 438 1154 498 ἆρα
1183 448 1349 499 μᾶλλον
1381 443 1502 487 &insc-
1535 450 1567 492 C

122 511 201 568 ρός
240 511 332 555 ἐστι
371 516 446 568 τῆς
485 510 570 555 ἀπὸ
603 514 683 555 τοῦ
713 515 926 566 τιμᾶσθαι
962 509 1149 566 ἡδονῆς,
1180 512 1209 566 ἢ
1238 513 1403 563 ἐκεῖνος
1433 517 1509 569 τῆς

121 579 208 624 ἀπὸ
239 584 321 623 τοῦ
353 585 561 635 φρονεῖνς
596 578 724 623 'Aa-2102
754 578 855 635 τιμὴ
888 578 986 634 μὲν,
1017 580 1123 635 ἔφη,
1154 579 1309 635 ἐάνπερ
1341 580 1510 636 ἐξεργά-

121 653 279 703 ζωνται
325 649 394 693 ἐπὶ
434 646 460 691 ὃ
506 647 686 700 ἕκαστος
730 647 929 705 ὥρμηκε,
975 651 1122 690 πᾶσιν.
1148 647 1300 700 αὐτοῖς
1340 648 1507 692 ἕπεται·

120 716 195 761 καὶ
224 716 309 772 γάρ
340 715 364 759 ὁ
395 716 608 767 πλούσιος
636 714 724 760 ὑπὸ
755 720 932 760 πολλῶν
960 718 1134 771 τιμᾶται
1155 718 1231 759 καὶ
1251 715 1275 760 ὁ
1308 716 1510 771 ἀνδρεῖος

121 783 195 827 καὶ
235 781 258 827 ὁ
305 783 445 839 σοφός
456 800 467 811 ·

517 784 627 828 ὥστε
665 783 750 828 οἷπό
785 800 833 840 γε
869 788 951 827 τοῦ
991 787 1223 838 τιμᾶσθαι,
1267 782 1364 828 οἷόν
1405 785 1509 838 ἐστι,

121 849 281 902 πάντες
317 855 394 907 τῆς
432 852 596 909 ἡδονῆς
631 853 852 908 ἔμπειρον

896 856 972 908 τῆς
1009 852 1056 896 δὲ
1100 857 1180 896 τοῦ
1222 852 1352 908 ὄντος
1387 854 1510 905 θέας,

124 921 225 964 οἵαν
253 919 422 977 ἡδονὴν
459 921 565 976 ἔχει,
603 919 824 964 ἀδύνατον
865 918 983 976 ἄλλῳ
1022 925 1255 976 γεγεῦσθαι
1294 921 1410 976 πλὴν
1446 926 1510 978 τῷ

123 988 369 1048 φιλοσόφῳ.

124 1207 166 1242 Β.
191 1211 365 1242 correctus
388 1208 423 1243 in
442 1207 646 1254 pronominis
667 1219 789 1242 accen-

123 1259 183 1296 tu,
207 1254 266 1299 qui
291 1267 394 1299 quum
418 1267 434 1285 a
462 1267 506 1288 m.
530 1266 607 1299 pr.‚
625 1260 670 1293 ‚ut
694 1255 788 1288 vide-

125 1303 206 1341 tur,
238 1305 357 1334 acutus
389 1301 533 1341 suisset,
558 1306 637 1345 post
660 1302 702 1345 ab
729 1313 788 1334 ea-

124 1345 200 1379 dem
232 1347 266 1379 in
300 1357 438 1389 gravem
479 1350 630 1380 mutatus
678 1358 787 1391 eoque

122 1403 242 1425 rursus
265 1392 318 1425 del
321 1395 375 1425 eto
399 1404 419 1425 a
442 1403 486 1425 m.
512 1403 539 1426 s.
565 1396 685 1426 acutus
709 1393 788 1426 red-

123 1437 214 1471 ditus
239 1442 302 1472 est.
348 1435 448 1471 Ἀλλοί
474 1451 509 1471 τι
532 1436 606 1494 μὴν
624 1440 705 1473 Β35.
732 1440 786 1472 ab.

124 1480 218 1517 ἀλλὰ
235 1481 465 1527 τὶμὴνῩίῐιᾱ.
478 1485 522 1519 Ε.
543 1482 636 1519 ἀλλὰ
659 1485 694 1519 τί
711 1483 786 1528 μὴν

123 1529 244 1575 reliqul
256 1530 389 1563 codices
401 1531 498 1574 (Ρ3ι.
513 1531 557 1565 K.
575 1543 642 1564 sec.
655 1532 786 1574 Bekk.)

123 1579 160 1609 et
183 1587 203 1609 a
227 1587 268 1609 m.
294 1587 347 1620 pr.
370 1577 450 1610 Vat.
463 1577 503 1611 Β.
527 1574 625 1610 Ἀλλὰ
643 1578 679 1611 τί
692 1575 786 1620 μήν,-

124 1622 378 1663 Stassbaumius,
403 1633 475 1655 cum
502 1623 574 1656 colo
599 1630 677 1667 post
703 1621 786 1666 ἔφη.

125 1668 191 1710 ,,Ιη
222 1667 280 1701 illa
302 1668 404 1701 Basil
440 1668 588 1702 editione
612 1681 674 1713 pro
699 1667 784 1712 τιμὴ

123 1713 233 1758 (quod
265 1713 301 1747 in
324 1714 447 1748 Aldina
470 1715 573 1748 etiam
598 1716 670 1758 est)
703 1716 789 1759 legi-

124 1765 182 1794 tur
204 1759 242 1793 τί
263 1757 354 1803 μήνε
379 1760 440 1794 sed
464 1760 506 1794 de
530 1761 638 1794 altera
661 1762 718 1794 illa
738 1762 788 1794 le·-

127 1805 250 1846 ctione,
268 1805 352 1850 quin
370 1807 518 1850 genuina
530 1806 587 1848 sit,
606 1819 669 1840 nec
686 1819 788 1851 piae-

127 1851 285 1886 cedentia
316 1863 379 1884 nec
410 1852 590 1898 sequentia
633 1853 788 1886 dubitare

126 1897 252 1932 sinunt.
262 1900 285 1917 “
331 1898 452 1942 Steph.
496 1902 611 1935 annot.
653 1911 687 1943 p
729 1901 785 1934 26.

126 1943 229 1983 Quod
270 1944 313 1977 ad
364 1944 604 2000 praecedentia
649 1945 787 1988 attinet,

125 1989 343 2047 Stephanus,
366 1991 425 2035 qui
449 1988 619 2034 ἔμπειρος
640 1993 788 2035 legeret,

127 2032 220 2069 ἄλλα
242 2035 279 2069 τί
298 2033 394 2080 μήν,·
418 2036 580 2070 damnare
600 2049 666 2070 non
682 2038 787 2071 debe-

124 2081 197 2116 bat.
245 2082 334 2116 Nam
370 2082 400 2115 si
430 2086 586 2127 rogasset
613 2084 789 2126 Socrates,

127 2139 171 2161 an
200 2128 387 2173 voluptatis
420 2140 462 2162 ex
497 2129 624 2163 honore
650 2130 788 2174 capien-

126 2174 191 2208 dae
214 2174 430 2219 philosophus
454 2176 561 2219 magis
582 2187 709 2219 guarus
734 2187 789 2209 es-

126 2224 199 2260 set,
222 2230 321 2263 quam
353 2221 553 2254 ambitiosus
579 2222 668 2262 eius,
700 2234 789 2266 quae

126 2245 328 2309 sapientiam
351 2266 518 2311 sequitur,
543 2272 636 2301 recte
656 2268 801 2306 Glauco,

130 2311 288 2353 Quidni?
318 2312 562 2356 responderet,
604 2314 659 2347 vel
698 2315 790 2356 Quid

126 2369 229 2398 vero,
265 2358 296 2390 εἰ
317 2370 385 2391 non
416 2359 624 2403 hoo,q1wd
654 2360 790 2405 rogas?

128 2414 227 2448 quem
251 2414 383 2438 sensum
410 2403 500 2438 illius
524 2406 689 2439 formulae
714 2418 790 2440 esse

128 2460 230 2494 quum
254 2450 390 2483 verba
382 2450 508 2494 ipsius
541 2455 610 2485 tum
636 2453 791 2497 exempla

129 2496 373 2530 demonstrant.
409 2496 465 2531 Cf.
490 2497 531 2532 L.
548 2498 576 2531 I.
600 2510 634 2542 p.
655 2500 733 2533 348.
747 2498 788 2532 C.

128 2541 177 2574 ΙΙ.
201 2543 281 2576 362.
294 2541 336 2576 D.
359 2541 424 2576 ΠΙ.
448 2542 527 2578 410.
539 2544 580 2579 C.
603 2545 688 2579 IIII.
707 2544 786 2580 422.

128 2587 171 2620 E.
182 2586 262 2622 438.
272 2587 314 2622 Β.
336 2587 492 2644 Recepta
499 2590 625 2623 veroin
647 2602 789 2635 praece-

129 2633 288 2667 dentibus
306 2631 484 2667 lectione’
469 2647 623 2678 απειρος
640 2636 789 2680 ineptam

128 2679 217 2712 illam
248 2679 500 2723 responsionem
538 2682 612 2715 fieri
648 2694 789 2716 necesse

129 2727 202 2766 est,
238 2725 378 2770 eiusque
411 2725 483 2760 loco
510 2726 586 2761 Καὶ
609 2728 710 2768 7⁷:⁶59,-
734 2729 790 2761 vel

128 2752 234 2804 simile
256 2771 337 2816 quid
370 2773 514 2816 negandi
542 2774 576 2807 vi
600 2774 790 2818 praeditum

130 2817 172 2850 ab
212 2817 461 2861 interrogatum
505 2820 681 2853 Glaucone
722 2819 790 2853 dici

132 2863 290 2898 debebat.
356 2864 408 2898 De
443 2866 660 2910 sequentibus
695 2870 791 2900 recte

427 987 672 1044 Ἐμπειρίας
703 990 782 1044 μὲν
822 987 929 1043 ἄρα,
963 987 1108 1041 εἶπον,
1141 981 1277 1043 ἔνεκοῖ
1298 989 1508 1033 κάλλιστοι
1532 1002 1572 1043 D

123 1062 214 1102 τῶν
250 1055 431 1113 ἀνδρῶν
478 1059 618 1113 κρίνει
649 1052 792 1110 οὗτος.

864 1056 993 1101 Πολύ
1035 1073 1094 1113 γε.
1166 1058 1253 1101 Καὶ
1284 1058 1372 1114 μὴν
1404 1058 1510 1114 μετά

845 1219 933 1242 sens.
926 1208 951 1241 t
955 1208 1168 1264 Stephanus
1184 1209 1289 1242 verba
1307 1208 1424 1242 πᾶσιν
1444 1204 1511 1242 αὔ-

844 1257 923 1293 τοῑς
942 1252 1070 1288 ἕπεται
1090 1255 1223 1288 sublata
1249 1256 1384 1288 honoris
1403 1255 1512 1298 signi—

843 1300 1002 1334 ficatione
1027 1302 1172 1334 obscura
1197 1306 1231 1334 et
1255 1301 1366 1344 ambig
1355 1312 1412 1334 rua
1431 1301 1513 1333 red-

845 1347 890 1381 di.
942 1347 1063 1401 Itaque
1086 1345 1171 1400 τιμῂ
1198 1348 1427 1380 necessarium
1458 1347 1511 1379 vi-

844 1393 964 1425 detur:
991 1390 1076 1435 μὲν,
1104 1394 1158 1426 cui
1185 1391 1224 1426 δὲ
1250 1397 1327 1426 ante
1353 1393 1419 1426 τοῦ
1447 1388 1510 1426 ὅν-

843 1450 908 1478 τος
941 1439 1036 1478 θέας
1060 1440 1286 1482 respondeat,
1319 1443 1412 1472 certe
1445 1451 1510 1472 non

842 1482 992 1528 ineptum
1018 1488 1071 1519 est
1095 1491 1129 1518 et
1154 1485 1313 1518 maiorem
1338 1498 1357 1518 a
1383 1485 1510 1519 codici-

843 1531 906 1564 bus
931 1531 1252 1564 commendationem
1276 1532 1392 1564 habet.

891 1596 973 1644 ἐπὶ]
1018 1597 1097 1634 ἐπεὶ
1129 1600 1229 1635 Vind.
1262 1601 1371 1636 BEF.
1413 1600 1508 1635 Flor.

843 1645 917 1679 AC.

893 1711 912 1748 ὁ
934 1712 1066 1758 σοφός]
1094 1711 1112 1748 ὁ
1140 1727 1204 1748 om.
1228 1715 1313 1751 Lob.
1339 1715 1442 1749 Vind.
1461 1716 1506 1750 F.

844 1760 1143 1840 ἔῗιῑὲιῗὲἱῇγεη.
1170 1761 1210 1794 C.
1235 1761 1315 1795 Par.
1329 1761 1405 1795 DK.
1423 1764 1510 1806 Aug.

892 1872 976 1909 οἷόν
1002 1872 1090 1925 ἔστι]
1124 1889 1155 1911 ο.
1182 1874 1258 1911 ἔστι
1282 1876 1382 1910 vind.
1407 1877 1452 1912 F.

892 1921 992 1965 οἵαν]
1021 1925 1106 1955 οἱαν
1130 1924 1231 1959 Vind.
1253 1924 1292 1957 F.

892 1985 988 2034 ἄρα]
1024 1984 1099 2034 ἆρα
1130 1992 1230 2026 Vind.
1263 1993 1304 2026 F.
1335 1992 1429 2026 Mon.
1462 1993 1502 2026 Β.
1534 1997 1573 2038 D

844 2037 919 2071 Ald.
944 2039 1023 2072 Bas.
1049 2039 1104 2072 ab.
1122 2043 1168 2076 et,
1189 2042 1226 2072 ut
1245 2038 1391 2079 videtur,
1409 2038 1503 2071 Flor.

845 2084 986 2117 ACTV.
1011 2096 1096 2128 quos
1114 2085 1247 2128 quidem
1267 2084 1511 2118 Stallbaumius

845 2130 880 2162 in
913 2141 964 2173 pr.
1001 2141 1075 2163 cum
1110 2131 1187 2164 Ald.
1222 2132 1303 2165 Bas.
1336 2131 1389 2164 ab.
1435 2126 1512 2173 ἄρα

846 2176 1009 2209 exhibere
1034 2176 1127 2210 dicit.

892 2244 1030 2288 κρίνει]
1056 2246 1174 2287 κρινεῖ
1202 2245 1360 2278 Bekkero
1385 2245 1512 2279 rectius

846 2291 994 2333 videtur,
1014 2292 1162 2324 fortasse
1176 2291 1218 2324 ob
1238 2303 1383 2335 sequens
1398 2288 1509 2324 ἔσται.

848 2337 942 2378 Quid
984 2349 1065 2370 vero
1107 2338 1242 2378 obstat,
1296 2349 1362 2381 quo
1403 2337 1511 2370 minus

847 2384 1017 2437 patiamur
1052 2383 1191 2417 eundem
1225 2386 1261 2416 et
1293 2395 1381 2416 nunc
1406 2395 1513 2428 expe-

845 2429 991 2463 rientiae
1035 2441 1156 2462 caussa
1189 2429 1314 2474 optime
1357 2429 1511 2463 iudican-

845 2478 913 2508 tem
939 2475 1002 2509 dici
1035 2480 1070 2508 et
1093 2475 1206 2520 paullo
1232 2481 1329 2520 post,
1353 2477 1383 2508 si
1405 2489 1510 2520 quae-

845 2527 966 2562 ratur,
1001 2521 1077 2565 quis
1108 2521 1339 2574 experientiae
1373 2522 1510 2555 coniun

846 2571 935 2600 ctam
956 2568 1081 2600 habeat
1100 2567 1311 2612 sapientiam,
1325 2568 1430 2602 solum
1448 2580 1512 2613 ap-

845 2613 1034 2658 pariturum
1057 2613 1253 2647 declarari?

895 2675 1019 2726 οὗτος]
1048 2678 1168 2721 οὕτως
1191 2682 1270 2717 Par.
1295 2683 1336 2716 A.
1395 2683 1450 2716 Cf.
1475 2694 1511 2726 p.

847 2728 926 2762 581.
945 2728 985 2762 c.
1007 2732 1042 2760 et
1062 2728 1104 2761 ad
1131 2728 1170 2762 L.
1190 2729 1290 2763 vlu.
1314 2740 1346 2773 p.
1363 2729 1440 2763 561.
1466 2729 1510 2761 Ε.

849 2774 900 2818 (p.
924 2775 981 2813 75,
1007 2775 1057 2817 a.)
1091 2780 1220 2809 notata.
1268 2776 1308 2808 In
1340 2774 1439 2809 Vind.
1464 2774 1508 2806 Ε.

847 2819 938 2853 nulla
961 2819 1199 2864 interpunctio,
1223 2821 1258 2854 in
1283 2820 1375 2853 Mon.
1394 2820 1432 2855 Β.
1458 2819 1511 2853 in-

847 2865 1088 2910 terrogationis
1110 2867 1242 2911 signum
1266 2866 1432 2911 sequitur.
