1764 3176
268 110 352 150 270

708 106 1185 151 PLATONIS

267 217 426 274 μέντοι
456 228 548 268 σοι,
578 212 633 274 ἦν
664 214 708 261 δ’
740 217 846 273 ἐγώ,
875 217 1074 263 Ἀλκίνου
1103 236 1152 276 γε
1182 218 1403 276 ἀπόλογον
1431 221 1529 275 ἐρῶ,
1560 221 1640 265 οἷλλ

268 285 464 340 ἀλκίμου
503 285 583 340 μὲν
624 283 807 341 ἀνδρὸς,
849 285 978 343 Ἠρός
1023 291 1105 331 τοῦ
1139 286 1392 343 Ἀρμενίου,
1441 287 1492 332 τό
1529 289 1659 344 γένος

269 353 530 410 Παμφύλου
544 370 552 379 ·

601 353 652 405 ὅς
680 369 784 398 ποτε
824 355 870 398 ἐν
901 356 1074 414 πολέμῳ
1104 354 1362 412 τελευτήσας
1401 354 1659 412 ἀναιρεθέν-

267 439 358 467 των
402 424 643 466 δεκαταίων
684 427 774 466 τῶν
812 428 984 479 νεκρῶν
1023 424 1107 481 ἤδη
1145 424 1485 480 διεφθαρμένων
1528 423 1658 482 ὑγιὴς

265 492 346 548 μὲν
385 490 612 548 ἀνῃρέθη,
662 493 888 546 κομισθεὶς
927 493 973 536 δὲ
1014 494 1163 536 οἴκαδε
1202 493 1372 548 μέλλων
1411 493 1659 538 θάπτεσθαι

266 562 563 611 δωδεκαταῖος
594 560 664 604 ἐπὶ
691 564 744 617 τῇ
773 564 893 618 πυρᾷ
922 562 1117 617 κείμενος
1156 558 1337 618 ἀνεβίω,
1368 559 1582 619 ἀναβιοὺς
1612 561 1657 606 δ’

309 708 496 754 Αλκίνου]
532 713 588 752 σῆ.
625 707 793 752 ἱστορίαν
830 707 934 750 παρὰ

264 757 333 791 τοῦ
373 752 527 789 α’λκίνου
554 756 646 788 Mon.
672 756 713 789 Β.
744 755 779 788 111
803 766 846 789 111.
872 752 935 788 ἄλ-

266 806 343 842 20⁶5-
356 814 403 835 αν
415 799 485 857 εἴη
491 798 667 857 ῆκιοτέρα
688 796 783 844 αὕτη
805 801 834 834 ω’
855 800 936 844 βέλ-

266 850 383 887 τισθε,
409 844 433 891 ἢ
463 844 552 890 υμῖν
576 850 656 886 τοῖς
672 847 739 891 τῆς
761 845 936 891 ἄληθήας

267 892 443 939 ἐρΙάταις
472 894 520 926 ib.
547 905 567 927 a
591 904 762 926 111.5.-
793 894 934 926 Procius

268 942 302 975 in
336 941 414 974 Civ
451 953 482 985 p.
501 942 589 979 396,
617 943 732 984 antep.
758 936 796 972 ἐν
822 937 860 973 δὲ
886 939 932 984 τῇ

270 986 450 1042 Πολιτειᾳ
474 986 542 1029 τῆς
563 985 710 1024 νεκυίας
733 982 937 1040 ἀρχόμενος

272 1030 343 1068 οὔκ
381 1022 543 1067 Ἀλκίνου
588 1030 701 1075 φησὶν
747 1029 936 1086 αττόλογον

269 1077 386 1123 ἐρεῖν,
423 1076 514 1112 αλλὰ
548 1074 703 1119 α’λκίμου
730 1076 832 1116 τινὸς
871 1073 937 1110 α’ν-

270 1124 374 1170 δρὸς,
393 1121 505 1168 Ηρὸς
521 1124 589 1158 τοῦ
608 1121 806 1168 Ἀρμενίου,
823 1122 937 1168 τὸγέ-

269 1184 334 1211 νος
352 1169 578 1215 Παμφύλου.

315 1219 371 1273 γε]
394 1231 459 1251 om.
489 1217 590 1251 Vind.
617 1217 659 1250 E.

315 1231 401 1298 ἀλλ’
414 1265 427 1308 ]
454 1260 546 1297 ἄλλα
569 1262 702 1297 Tiieod.

315 1308 397 1367 μὲν]
417 1321 484 1343 om.
510 1311 589 1344 vat.
615 1309 659 1343 H.

323 1355 446 1400 Ηρὸς]
489 1352 583 1399 ήρὸς
622 1355 716 1388 Mon.
747 1354 788 1387 B.
827 1349 938 1396 Ἡρὸς

268 1403 413 1448 (Procl.)
452 1403 524 1435 Ast.
560 1413 612 1446 pr.
649 1396 740 1445 ῃ’ρος
774 1399 866 1433 Flor.
892 1400 934 1432 R.

270 1449 364 1493 η’ρος
398 1449 502 1482 Vind.
526 1448 632 1481 BEF.
668 1446 740 1480 Pal.
767 1446 806 1478 A.
831 1442 937 1489 Ηρὸς

268 1496 347 1530 Bas.
384 1496 417 1529 b.
461 1491 585 1539 ἥρωος
623 1493 704 1528 Par.
745 1492 822 1526 DK.
866 1503 935 1524 sec.

267 1543 380 1575 Bekk.
428 1540 640 1575 Theodoreti
692 1539 766 1572 cod
816 1537 932 1570 Vrsin.

268 1589 335 1621 Eri
367 1587 438 1621 Fic.
474 1587 581 1630 (Heri
610 1586 664 1619 ed.
697 1586 782 1618 Ven.
812 1584 931 1627 1517.)

269 1634 419 1678 Cydnus
445 1634 520 1667 adv.
549 1633 610 1665 Iul
631 1631 672 1664 L.
693 1631 771 1665 V.II
793 1642 827 1674 p.
850 1631 931 1664 250.

269 1680 310 1713 C.
342 1681 430 1713 hunc
471 1681 582 1713 locum
618 1676 801 1733 respiciens
833 1671 933 1718 Ἡρα

266 1725 352 1760 τινὰ
380 1726 457 1759 τῶν
485 1723 521 1767 ἐξ
549 1721 736 1778 Ἀρμενίας
765 1722 848 1755 dicit
878 1734 934 1755 se-

268 1773 412 1806 cundum
437 1772 612 1805 Platonem
639 1766 848 1813 ἀναβιῶναι
867 1779 932 1800 κα-

266 1816 532 1861 τεφθαρμένον
576 1815 639 1849 καὶ
682 1815 733 1861 τῷ
775 1811 932 1859 θανάτῳ

265 1876 434 1908 νενικημε
420 1862 515 1898 e'.vov
542 1863 671 1896 Eodem
693 1849 833 1904 respicit
852 1860 934 1893 Cle-

268 1922 361 1944 mens
385 1911 481 1943 Alex.
508 1911 636 1942 Strom.
673 1907 712 1940 L.
733 1908 774 1940 V.
798 1918 832 1950 p.
851 1907 931 1947 631,

270 1958 333 1993 14:
366 1955 463 2000 πλὴν
497 1952 586 1989 ου’δὲ
621 1952 667 1987 τοὶ
695 1953 762 2008 τῆς
787 1950 930 1996 βαρβά-

268 2015 337 2047 ρον
363 2002 590 2045 φιλοσοφίας
625 1996 719 2034 οὔθ
747 1997 783 2032 οἱ
810 1999 931 2040 μῦθοι

268 2049 305 2083 οι
340 2046 600 2092 Πυθαγόριοι,
642 2041 723 2080 om
768 2041 857 2078 ουδ’
893 2043 930 2077 οἱ

267 2093 371 2138 παρὰ
399 2093 572 2129 Πλατωνι
605 2089 642 2126 ἐν
675 2090 850 2146 Πολιτείᾳ
873 2087 931 2122 ’-Η

269 2140 335 2186 ρὸς
370 2141 438 2185 (ita
471 2153 532 2186 pro
567 2140 704 2182 vu!gat0
728 2134 823 2180 πρὸς
846 2136 932 2169 scri-

267 2188 411 2221 bendum
433 2199 510 2220 5555
529 2186 614 2220 vidit
626 2184 846 2239 83111111Ἑ1115)
861 2181 930 2216 τοῦ

266 2231 470 2289 Ἀρμενίου
483 2253 530 2257 —-
558 2227 625 2274 οὔχ
667 2227 793 2268 απλῶς
834 2226 930 2265 κατὰ

267 2279 392 2314 πάντα
429 2277 477 2313 τὰ
515 2275 683 2320 ὀνόματα
729 2272 931 2318 αλληγορη-

266 2324 357 2363 τέοι
383 2322 466 2359 ἄλλ’
493 2321 564 2360 ὅσα
588 2324 654 2367 τῆς
679 2321 848 2360 διανοίας
864 2320 931 2364 τῆς

266 2369 438 2406 καθόλου
472 2366 688 2426 σημαντικοῖ.
723 2372 759 2402 et
789 2380 823 2412 p.
849 2369 929 2408 710,

266 2418 331 2453 24·
368 2414 386 2452 6
423 2415 464 2451 6'
492 2414 608 2455 αὐτὸς
641 2413 679 2449 ἐν
710 2415 760 2460 τῷ
788 2410 929 2458 δεκατῳ

265 2465 332 2508 τῆς
366 2464 563 2502 Πολιτείας
593 2460 655 2506 'HQ
660 2474 700 2500 ος
733 2449 833 2503 (ἱρὸς
859 2459 930 2492 Eu-

266 2510 380 2545 sebius
406 2522 522 2555 praep.
548 2521 600 2542 ev.
627 2508 667 2541 L.
688 2507 825 2550 XIILp
831 2507 929 2542 ..395

270 2557 454 2590 Clementis
474 2556 582 2589 locum
596 2554 716 2588 citans.
740 2551 838 2596 ὶέρος
855 2551 928 2584 cod.

268 2602 415 2636 Eusebii
455 2602 565 2643 Ioan.)
620 2600 689 2634 τοῦ
731 2597 927 2642 Ἀρμενίου,

267 2646 463 2692 (αρμενίου
490 2647 616 2681 Euseb.
644 2650 678 2679 et
703 2646 814 2701 paullo
839 2649 928 2688 post,

267 2693 437 2749 ἐρμενίου
460 2694 572 2749 Ioan)
606 2689 649 2726 τό
669 2689 790 2748 γένος
825 2691 928 2732 Παμ-

268 2739 402 2795 φύλου,
425 2737 625 2794 μέμνηται·
654 2734 695 2777 ὅς
714 2735 788 2771 ε’στι
816 2738 928 2781 Ζορο-

268 2785 415 2831 οὲστρης.
450 2783 695 2831 (ζωρόαστρις
733 2784 862 2818 Ειι551).
894 2786 931 2816 et

994 710 1029 743 in
1052 711 1167 755 seqq.)
1201 706 1320 749 αὐτὸς
1349 711 1443 753 γοῦν
1469 707 1489 744 6
1506 707 1657 765 Zopari-

994 766 1103 799 στρης
1125 768 1274 799 γραφει·
1307 755 1405 790 Τάδε
1427 753 1657 812 συνέγραψεν

995 800 1242 857 Ζοροαστρης,
1270 798 1288 835 6
1311 804 1392 846 (om.
1416 803 1561 855 Euseb.)
1581 800 1658 844 Ἀρ-

990 847 1139 890 μενίου,
1163 846 1206 881 τὸ
1234 846 1340 902 γένος
1365 845 1592 902 Πάμφυλος,
1618 845 1658 881 ἐν

991 892 1137 940 πολέμῳ
1187 892 1426 938 τελευτήσας,
1473 889 1544 928 ὅσα
1587 894 1657 937 (ita

990 939 1096 982 Ε115.,
1086 954 1095 961 ·
1114 928 1211 996 apud
1236 940 1342 973 Clem.
1374 941 1474 994 vulgo
1499 939 1658 973 omissum

993 987 1064 1029 est)
1107 983 1146 1019 ἐν
1184 982 1258 1031 α’δῃ
1299 984 1497 1042 γενόμενος
1541 983 1658 1040 εδοὶην

993 1044 1096 1075 παρα
1138 1033 1252 1065 θεῶν.
1315 1029 1391 1066 Τὸν
1431 1030 1476 1076 δὴ
1516 1033 1588 1075 Ζορ
1592 1043 1658 1065 ooc-

995 1087 1106 1121 στρην
1139 1078 1277 1111 τοῦτον
1303 1075 1323 1112 6
1352 1045 1512 1112 Πλάτων
1543 1077 1658 1112 δωδε-

992 1126 1150 1157 καταῖον
1184 1121 1243 1158 ἐπὶ
1267 1124 1320 1178 ,τῇ
1353 1124 1455 1170 πυρᾷ
1490 1124 1658 1167 κείμενον

995 1167 1206 1215 ἀναβιῶναι
1234 1168 1338 1214 λέγει.
1386 1171 1568 1215 Vulgatam
1591 1182 1655 1204 no-

993 1216 1090 1249 minis
1114 1216 1319 1271 sciipturam
1344 1217 1544 1250 scholiastes
1561 1216 1604 1250 ad
1621 1217 1655 1250 11.

992 1260 1302 1318 1.(ιιεωιιΉρ
1316 1260 1385 1305 μέν
1419 1260 1515 1296 ἐστιν
1540 1259 1560 1316 6
1585 1274 1653 1296 του

992 1305 1120 1351 μύθου
1136 1306 1272 1361 πατὴρ,
1292 1303 1658 1363 Ἀρμενίουτοῦνομα

992 1352 1088 1409 υιὸς,
1114 1351 1323 1408 Πάμφυλος
1346 1352 1454 1398 γένος
1476 1359 1542 1388 etc.

1037 1396 1244 1456 Ἀρμενίου]
1277 1396 1456 1443 αρμενίου
1489 1400 1591 1435 Vind.
1615 1401 1655 1433 B.

991 1446 1067 1479 Ald.
1098 1441 1284 1489 Ἀρμενίου
1315 1447 1396 1480 Bas.
1420 1458 1450 1480 a.
1475 1446 1657 1490 Αρμενίου

992 1493 1072 1525 Bas.
1093 1492 1126 1525 b.
1161 1492 1348 1526 Harmem'i
1371 1493 1446 1525 Fic.

992 1538 1044 1571 ed.
1072 1538 1292 1582 Ven.1517.)
1318 1534 1508 1582 Αρμονίου
1533 1539 1657 1583 legisse

988 1584 1122 1617 videtur
1154 1583 1378 1628 Plutarchus,
1414 1585 1473 1629 qui
1496 1586 1655 1630 Sympos.

989 1630 1030 1663 L.
1050 1629 1163 1664 VIIII.
1189 1642 1246 1685 qu.
1270 1631 1302 1665 5.
1333 1642 1368 1675 p.
1387 1631 1467 1665 740.
1489 1631 1531 1666 Β.
1555 1631 1658 1665 docet

989 1676 1165 1709 Platonem
1188 1674 1257 1710 τὸν
1276 1674 1503 1732 αυτοίγγελον
1521 1677 1597 1710 τῶν
1616 1675 1655 1710 ἐν

981 1718 1106 1757 Ἀιδου
1143 1719 1356 1778 Παμφυλον
1393 1720 1499 1767 γένος
1532 1719 1654 1766 Αρμο-

989 1768 1074 1802 νίου
1094 1767 1260 1812 πατρὸς,
1290 1762 1386 1823 Ἦρα
1412 1769 1479 1813 (ita
1502 1769 1657 1803 scriben-

990 1815 1067 1848 dum
1093 1826 1170 1848 esse
1193 1815 1309 1848 Astius
1341 1815 1376 1848 in
1401 1826 1468 1849 sec.
1494 1815 1653 1849 ostendit.

988 1860 1063 1904 ἦρα
1094 1861 1220 1894 habent
1243 1861 1396 1894 Τ1111151)1
1429 1864 1464 1894 et
1495 1860 1655 1895 Vulcobii

989 1907 1142 1948 codices,
1185 1902 1261 1950 ἤρα
1301 1907 1354 1940 ed.
1388 1907 1462 1941 Ald.
1507 1913 1542 1940 et
1574 1908 1654 1940 Bas.

978 1948 1100 1995 Ήραν
1120 1932 1346 2006 recentiores)
1367 1949 1405 1986 δε
1428 1949 1548 1986 αὐτὸν
1568 1949 1653 1987 ὄνο-

986 1997 1135 2042 μαζειν,
1170 1996 1448 2053 αἰνιττόμενον,
1484 1995 1543 2032 ὅτι
1574 2010 1656 2053 ’γεν-

986 2045 1125 2078 νῶνται
1149 2056 1215 2087 μεν
1235 2043 1275 2078 αἱ
1298 2043 1417 2087 ψυχαὶ
1440 2041 1552 2077 καθ’
1579 2041 1653 2088 οἷρ-

987 2103 1012 2134 μ
1024 2102 1043 2123 ο
1054 2103 1075 2123 ν
1086 2090 1099 2124 ί
1111 2102 1135 2123 α
1145 2102 1165 2123 ν
1219 2089 1282 2124 καὶ
1334 2088 1654 2145 συναρμόττονται

987 2139 1067 2176 τοῖς
1098 2134 1282 2179 σώμασιν,
1319 2133 1588 2180 απαλλαγεῖσαι
1613 2134 1654 2170 δὲ

989 2180 1241 2239 συμφέρονται
1264 2181 1578 2237 πανταχόθεν
1601 2182 1654 2222 εἰς

986 2226 1055 2262 τὸν
1081 2224 1202 2271 οἷέρα
1234 2224 1412 2262 κάκεῖθεν
1443 2228 1559 2268 αὖθις
1592 2226 1653 2262 ἐπὶ

986 2273 1055 2313 τὰς
1075 2274 1250 2318 δευτέρας
1264 2271 1420 2318 γενέσεις
1438 2272 1651 2318 τρέπονται.

986 2341 1033 2346 -
1061 2321 1101 2353 111
1125 2321 1230 2354 Lob.
1245 2332 1308 2353 non
1342 2326 1421 2365 post
1452 2317 1649 2364 Ἀρμενίου,

986 2367 1046 2400 55(1
1063 2370 1149 2423 post
1172 2365 1280 2422 γένος
1300 2366 1442 2399 incisum
1469 2373 1533 2400 est.

1032 2411 1075 2447 τὸ
1099 2410 1217 2456 γένος]
1247 2410 1285 2445 δε
1311 2412 1406 2446 addit
1430 2413 1564 2446 Theod.
1590 2425 1652 2446 cu-

985 2459 1037 2492 ius
1062 2459 1096 2492 in
1130 2458 1304 2492 codicibus
1334 2458 1535 2503 quibusdam
1564 2459 1651 2493 arti-

987 2505 1082 2538 culus
1106 2505 1213 2538 deest.

1032 2563 1122 2585 ποτε
1147 2548 1198 2594 ε’ν]
1223 2562 1296 2584 ποτ
1305 2546 1374 2583 ’ἐν
1398 2550 1484 2584 Lob.
1505 2551 1585 2586 Vat.
1599 2550 1648 2584 M.

987 2594 1026 2631 ἐν
1050 2598 1101 2642 τῷ
1126 2596 1258 2630 Τ1150(1.

1032 2633 1272 2686 τελευτήσας]
1304 2638 1495 2685 τελεύτησε
1533 2653 1652 2686 margo

986 2690 1065 2723 Par.
1091 2689 1136 2722 K.
1160 2701 1228 2722 sec.
1255 2687 1328 2732 Bip.

1034 2733 1337 2779 ἀναιρεθέντων]
1365 2729 1649 2778 οἷναιρηθέντων

987 2781 1091 2817 Vind.
1115 2783 1156 2816 F.

1479 1493 1658 1537 (Armenii
1711 1524 1713 1526 .
