1764 3176
237 121 290 158 1⁰
676 113 1153 156 PLATONIS

232 225 286 269 τοὶ
332 224 439 282 ἤθη,
493 224 522 279 ἢ
568 224 616 267 ἐν
666 230 759 277 τοῖς
809 226 1030 278 ἰδιώταις,
1080 223 1140 276 ὥς
1186 222 1497 278 ἐναργέστερον
1547 221 1616 275 ὂν,

230 294 305 337 καὶ
349 297 434 336 νῦν
491 291 608 335 οὕτω
655 296 833 349 πρῶτον
879 296 960 351 μὲν
1002 294 1089 350 τὴν
1127 292 1364 349 φιλότιμον
1411 288 1617 333 σκεπτέον

228 361 452 404 πολιτείαν
519 360 691 416 (ὄνομα
748 361 832 417 γὰρ
891 361 976 406 οὐκ
1049 362 1128 417 ε’χω
1187 359 1425 415 λεγόμενον
1485 358 1615 401 ἄλλο·

227 428 256 485 ἢ
316 429 601 482 τιμοκρατίαν
659 428 687 485 ἦ
744 432 975 485 τιμαρχίαν
1034 427 1170 484 αὐτὴν
1229 426 1436 483 κλητέον)
1506 425 1618 480 πρὸς

228 495 275 539 δὲ
338 493 503 551 ταύτην
574 496 652 540 τόν
697 501 904 540 τοιοῦτον
969 496 1110 552 ἄνδρα
1169 495 1445 550 σκεψόμεθα,
1507 493 1615 537 ἔπει-

163 570 196 611 C
225 580 280 606 τα
317 561 573 619 ὀλιγαρχίαν
637 565 712 608 καὶ
771 563 912 618 ἄνδρα
981 563 1290 620 ὀλιγαρχικὸν,
1369 557 1501 612 αὖθις
1571 561 1616 604 δὲ

225 633 286 682 εἰς
359 633 660 688 δημοκρατίαν
742 630 1069 688 ἀποβλέψαντες
1146 631 1400 686 θεασόμεθα
1474 629 1616 684 ἄνδρα

226 700 585 756 δημοκρατικόν,
665 698 713 743 τὸ
790 701 836 744 δὲ
875 737 877 739 .
911 701 1119 755 τέταρτον
1191 701 1251 750 εἰς
1317 696 1615 753 τυραννουμέ-

225 783 309 823 νην
355 767 486 811 πόλιν
533 766 736 818 ἐλθόντες
778 768 852 811 καὶ
903 768 1099 820 ἰδόντες,
1159 767 1294 811 πάλιν
1340 769 1399 818 εἰς
1459 781 1614 819 τυραν-

225 834 356 891 νικὴν
404 833 548 890 ψυχήν
597 836 853 889 βλέποντες,
900 836 1201 892 πειρασόμεθα
1240 836 1342 888 περὶ
1382 829 1443 877 ὧν
1482 832 1614 889 πρού-

225 903 395 959 θέμεθα
462 903 609 945 ἱκανοὶ
665 904 809 958 κριταὶ
863 905 1101 959 γενέσθαι,
1171 904 1296 947 Kato?
1365 901 1500 956 λόγον
1565 900 1614 956 γε’

225 987 295 1014 τοι
334 970 409 1023 ἂν,
458 970 565 1027 ἔφη,
613 970 729 1014 οὕτω
766 973 960 1028 γίγνοιτο
1002 972 1030 1029 ἥ
1068 972 1113 1016 τέ
1151 972 1236 1016 θέα
1277 971 1351 1015 καὶ
1390 969 1417 1026 ἡ
1458 971 1612 1026 κρίσις.

270 1117 318 1164 ἢ]
343 1132 407 1153 om.
433 1120 530 1154 Vind.
551 1120 596 1154 F.

270 1166 446 1210 πρῶτον]
471 1166 613 1200 Proclus
636 1165 670 1198 in
694 1165 768 1199 Alc.
787 1165 832 1199 T.
844 1166 887 1200 ΙΙ.

223 1225 258 1258 p.
280 1214 372 1247 295·
406 1223 498 1255 μετα
518 1210 587 1254 τὴν
613 1209 710 1245 κατὰ
736 1208 804 1245 τόν
827 1209 886 1245 λό-

223 1270 290 1302 γον
318 1258 508 1292 πολιτείαν
537 1257 560 1312 ᾗ
594 1254 790 1301 φιλότιμός
814 1255 889 1291 ἐστι

223 1304 287 1338 καὶ
307 1303 568 1360 τιμοκρατική·
593 1303 784 1358 προσεχῶς
815 1316 886 1347 γαρ

222 1347 343 1404 αὕτη
362 1362 428 1393 μετ
490 1347 647 1404 ἐκείνην
668 1346 886 1404 ὑφίσταται,

221 1396 284 1431 καὶ
318 1392 343 1440 ἥ
366 1408 406 1430 τε
444 1394 592 1451 ε’κβασις
624 1393 699 1429 ἀπὸ
737 1392 888 1439 αρίστης

220 1443 317 1487 ζωῆς
346 1443 398 1482 εἰς
425 1441 566 1486 ταύτην
586 1439 736 1498 πρώτην
760 1440 887 1486 πρόει-

222 1500 299 1532 σιν,
326 1485 447 1532 ω’σπερ
476 1489 589 1542 φησὶν
615 1486 634 1523 ὁ
667 1485 705 1522 ἐν
734 1488 780 1533 τῇ
811 1489 887 1522 Πο-

220 1535 336 1582 λιτείᾳ
345 1533 590 1589 Σωκράτης,
625 1533 688 1568 καὶ
714 1534 765 1573 εἰς
796 1530 888 1568 ἄνο-

220 1582 289 1616 δον
330 1578 405 1616 α’πὸ
439 1579 581 1625 ταύτης
626 1578 779 1624 ἐσχάτης
822 1592 886 1614 κα-

220 1628 409 1683 θαίρεται.

268 1672 337 1718 τὴν
371 1671 590 1718 φιλότιμον]
634 1673 826 1706 Articulum
868 1684 889 1706 a

222 1721 400 1765 Stephano
435 1724 469 1753 et
502 1720 597 1753 Astio
631 1720 666 1753 in
703 1730 757 1764 pr.
783 1719 888 1753 omis-

222 1779 297 1801 sum
321 1767 566 1799 Stallbaumius
598 1765 633 1798 in
669 1777 721 1810 pr.
749 1777 768 1798 e
793 1765 886 1800 Flor.

221 1812 330 1847 ACU.
367 1816 402 1845 et
424 1813 504 1846 Par.
531 1812 574 1845 K.
611 1811 772 1844 insertum
804 1823 825 1844 a
849 1823 888 1844 se

221 1860 339 1893 dicens
364 1859 398 1891 in
422 1858 563 1902 reliquis
587 1858 796 1890 Florentinis
820 1868 887 1890 non

219 1905 394 1939 inventum
428 1904 623 1948 significare
655 1903 800 1944 videtur,
825 1904 885 1936 sed

221 1951 255 1985 in
287 1963 357 1985 sec.
382 1962 495 1984 omnes
522 1950 656 1983 codices
690 1950 779 1982 tueri
810 1961 884 1982 eum

220 1997 313 2031 dicit.
363 1997 433 2030 Mei
459 1997 592 2041 quidem
617 2002 652 2028 et
675 1996 884 2029 Bekkeriani

221 2055 335 2078 onmes
372 2055 447 2076 cum
484 2043 560 2075 Ald.
605 2043 684 2076 Bas.
721 2043 775 2075 ab.
808 2053 884 2074 eum

220 2091 368 2131 habent,
400 2101 511 2133 neque
544 2089 695 2122 consulto
728 2090 884 2133 praeter-

220 2135 360 2169 missum
385 2147 405 2169 a
429 2135 606 2180 Stephano
631 2137 725 2180 puto.

265 2182 484 2226 πολιτείαν]
545 2181 747 2214 πολιτείαν.
807 2178 882 2213 Ald.

218 2229 299 2263 Bas.
325 2229 379 2262 ab.
404 2227 620 2268 πολιτείαν;
647 2226 768 2272 Steph.

262 2270 286 2318 ἢ
334 2274 610 2318 τιμοκρατίαν]
683 2272 883 2317 „Suspicor

217 2320 307 2354 Plat.
350 2321 551 2375 scripsisse,
594 2317 708 2362 εἰμὴ
739 2330 880 2361 τιμοκρ.

214 2371 253 2399 ut
286 2362 406 2408 ὄνομα
437 2362 525 2400 ἄλλο
553 2366 781 2419 intelhgamus
820 2376 879 2397 no-

215 2424 290 2445 men
325 2413 416 2446 aliud
451 2425 551 2457 quam
582 2410 652 2465 τὴν
682 2408 880 2455 φιλότιμον

214 2458 416 2492 πολιτείαν.
429 2460 451 2478 “
485 2459 605 2513 Steph.
640 2459 674 2492 in
708 2470 752 2491 ιιι.
800 2456 880 2490 Νοιι

213 2505 365 2549 ineptum
389 2510 465 2538 erat
488 2505 523 2538 εἰ
545 2502 614 2548 μή,
649 2504 710 2538 sed
742 2499 764 2547 ἢ
791 2502 878 2536 idem

213 2552 319 2586 valet.

259 2595 356 2641 πρὸς
394 2594 433 2630 δὲ
475 2593 644 2640 ταύτην]
693 2593 790 2639 πρὸς
837 2592 876 2628 δὲ

214 2641 332 2687 ταύτη
365 2643 465 2678 Vind.
492 2643 565 2676 ΒΕ.
594 2643 670 2675 Vat.
701 2642 746 2676 H.
781 2641 877 2674 Flor.

214 2690 292 2725 UV.
327 2693 362 2723 et
395 2701 416 2723 a
439 2701 482 2723 m.
507 2700 559 2733 pr.
595 2688 688 2722 Mon.
722 2689 762 2721 B.
799 2691 834 2720 et
857 2699 877 2721 a

215 2748 257 2771 m.
293 2748 320 2770 5.
353 2735 432 2769 Par.
468 2735 508 2768 A.
542 2731 636 2779 πρὸς
682 2732 722 2768 δὲ
755 2733 878 2767 ταῦτα

215 2783 311 2817 Flor.
329 2782 374 2817 Τ.
397 2786 475 2826 post
502 2793 579 2816 eam
602 2781 680 2816 Fic.
704 2780 804 2815 immo
829 2780 877 2814 ad
938 2781 968 2814 Ε

947 1121 1048 1156 hanc.
1097 1121 1156 1155 Sic
1179 1121 1270 1155 Tim.
1296 1132 1330 1165 p.
1352 1119 1410 1154 24.
1434 1119 1481 1152 A.
1519 1115 1613 1157 τοὺς

945 1179 1011 1210 μεν
1059 1167 1129 1201 οὖν
1173 1165 1312 1210 νόμους
1356 1162 1486 1200 σκόπει
1517 1161 1614 1208 πρὸς

946 1211 1038 1252 τοὺς
1084 1226 1128 1258 τῃ
1115 1213 1187 1247 δε.
1255 1212 1420 1246 Similiter
1466 1211 1612 1245 Phaedr.

945 1271 980 1316 Ρ.
1007 1261 1087 1295 255.
1113 1261 1167 1292 B:
1203 1255 1293 1292 οὐδ’
1336 1257 1372 1292 οἱ
1403 1254 1613 1300 ξύμπαντες

948 1303 1054 1340 ἄλλοι
1087 1306 1191 1349 φίλοι
1215 1316 1254 1338 τε
1277 1302 1341 1337 καὶ
1373 1304 1504 1337 οἰκεῖοι
1530 1305 1612 1345 μοῖ-

946 1364 1016 1397 ραν
1054 1351 1182 1408 φιλίας
1219 1347 1398 1393 ον’δεμίαν
1429 1346 1611 1393 παρέχον-

945 1410 1008 1432 ται
1061 1396 1159 1441 πρὸς
1211 1394 1279 1431 τόν
1320 1394 1453 1430 ε’νθεον
1489 1395 1610 1438 φίλον.

946 1445 1001 1478 Cf.
1028 1444 1068 1478 L.
1082 1444 1194 1479 VIIII.
1221 1455 1255 1488 p.
1268 1444 1347 1478 575.
1375 1442 1415 1476 C.
1437 1442 1475 1474 In
1488 1441 1611 1486 quibus

944 1490 1098 1524 omnibus
1142 1490 1257 1523 dativo
1291 1489 1383 1522 locus
1409 1499 1473 1520 non
1498 1492 1563 1521 est.

993 1533 1233 1580 σκεψόμεθα]
1269 1532 1495 1577 σκεψώμεθα
1522 1533 1610 1567 Lob.

946 1583 1048 1617 Vind.
1074 1582 1114 1615 F.
1140 1583 1220 1617 Vat.
1247 1581 1328 1615 ΒΜ.
1354 1581 1434 1614 Par.
1458 1579 1502 1613 K.
1539 1591 1608 1613 sec.

945 1629 1056 1663 Bekk.
1082 1630 1169 1672 Ang.
1184 1629 1225 1662 Β.
1258 1627 1354 1660 Flor.
1380 1626 1424 1660 R.

993 1674 1281 1719 δημοκρατίαν]
1340 1671 1613 1716 δημοκρατείαν
1643 1671 1675 1713 C

947 1721 1235 1810 νίριἑξέοιιξῑόμειθα]
1260 1761 1493 1807 θεασαίμεθα
1521 1764 1607 1798 Ven.

945 1812 987 1846 C.
1012 1813 1091 1846 Par.
1118 1813 1161 1846 D.
1187 1816 1222 1845 et
1245 1811 1357 1851 iidem,
1383 1810 1442 1855 qui
1465 1807 1606 1853 σκεψώ-

942 1860 1055 1901 μεθα.
1095 1859 1201 1901 (Par.
1227 1858 1271 1891 K.
1308 1857 1351 1890 de
1385 1867 1452 1901 quo
1476 1856 1606 1910 Bipon-

942 1905 1007 1938 tini
1039 1905 1163 1938 iterum
1195 1907 1336 1944 tacent,
1379 1914 1454 1935 cum
1490 1899 1510 1935 6
1548 1913 1607 1935 su-

941 1963 1004 1995 per
1033 1952 1093 1995 ω.)

987 1994 1190 2041 τέταρτον]
1217 2006 1356 2038 ταρτον
1376 1994 1455 2027 Par.
1469 1993 1513 2027 K.
1538 2004 1605 2026 sec.

940 2043 979 2077 Bi

983 2056 1049 2122 ιξιαὶ
1071 2085 1238 2130 ἰδόντες]
1264 2086 1328 2120 int.
1349 2097 1438 2119 vers.
1449 2085 1551 2120 Vind.
1564 2086 1604 2119 Β.

986 2132 1277 2179 πειρασόμεθα]
1337 2128 1605 2176 πειρασώμεθα

940 2182 1041 2217 Vind.
1074 2181 1119 2214 F.
1152 2181 1237 2221 Ang.
1257 2179 1296 2212 B.
1329 2179 1426 2213 Flor.
1447 2178 1490 2212 R.

985 2225 1161 2271 γενέσθαι
1171 2226 1195 2269 ,·]
1223 2223 1410 2279 γενέσθαι.
1436 2223 1517 2257 editi
1542 2235 1603 2257 an-

939 2276 974 2307 te
998 2274 1204 2307 Bekkerum.
1231 2269 1423 2328 (77Jevs'ossa1.
1449 2270 1549 2325 Ald.)

985 2317 1025 2364 γε’
1055 2331 1114 2352 τοι
1146 2314 1213 2361 ἂν,
1240 2329 1333 2372 εφη,
1369 2312 1492 2360 ον’τω]
1530 2312 1601 2359 ε’φη

937 2361 1182 2468 {Klysgonob
1198 2363 1233 2397 εἰ
1261 2361 1360 2397 ου’τω
1402 2363 1489 2396 Lob.
1522 2363 1600 2396 vat.

1076 2423 1112 2444 as
1218 2407 1258 2453 ’γέ
1288 2421 1347 2444 τοι
1375 2408 1446 2453 ἔφη
1479 2404 1601 2447 οὑτως

939 2453 987 2491 α“ν
1017 2458 1110 2491 Flor.
1138 2457 1181 2490 T.

983 2501 1083 2559 θέα]
1110 2499 1186 2536 θεα
1210 2502 1310 2537 Vind.
1330 2502 1373 2535 Ε.

982 2546 1030 2593 η]
1064 2561 1086 2593 η
1119 2549 1193 2582 Ald.

981 2593 1227 2639 πειρώμεθα]
1271 2590 1480 2638 πειρόμεθα
1521 2591 1596 2625 Ald.

934 2643 1200 2731 Βδῖιμῗικρατία
1234 2704 1280 2710 --
1315 2682 1352 2726 ἐξ
1379 2682 1595 2741 αριστοκρα-

934 2734 1031 2779 τίας]
1060 2731 1292 2778 δημοκρατία
1309 2751 1355 2756 -
1375 2729 1472 2776 ἐξαρ.
1497 2729 1594 2764 Vind.
