1764 3176
270 80 354 121 240
724 75 1208 118 PLATONIS..

269 188 429 239 ἐλέοιςς
459 187 484 230 ὃ
504 188 586 243 γὰρ
610 191 671 247 τῷ
690 187 805 244 λόγῳ
827 181 883 231 αὗ
908 193 1096 243 κατεῖχες
1127 186 1174 230 ἐν
1204 188 1350 245 σαυτῷ
1380 185 1653 242 βουλόμενον

269 261 596 314 γελωτοποιεῖν,
638 256 917 312 φοβούμενος
956 257 1087 309 δόξαν
1127 255 1420 311 βωμολοχίας,
1458 253 1554 297 τότ’
1596 249 1654 297 αὗ

270 324 396 382 ἀνίης
440 326 514 368 καὶ
554 324 642 367 ἐκεῖ
677 326 884 369 νεανικὸν
930 324 1118 381 ποιήσας
1159 323 1312 373 ἔλαθες
1353 320 1563 372 πολλάκις
1608 320 1656 364 ἐν

268 399 363 444 τοῖς
407 394 584 443 οἰκείοις
623 392 875 449 ἐξενεχθεὶς,
917 393 1025 437 ὥστε
1074 389 1390 445 κωμῳδοποιὸς
1434 391 1655 446 γενέσθαι.

203 466 242 508 D
270 462 360 505 Καὶ
390 460 531 516 μάλα,
575 461 671 517 ἔφη.
732 463 820 505 Καὶ
859 462 956 515 περὶ
996 459 1273 517 ἀφροδισίων
1313 458 1366 514 δή
1399 460 1473 502 καὶ
1501 461 1657 515 θυμοῦ

267 530 341 574 καὶ
370 530 469 583 περὶ
497 528 673 573 πάντων
702 533 791 572 τῶν
821 529 1148 584 ἐπιθυμητικῶν
1177 544 1222 570 τε
1252 527 1324 570 καὶ
1349 531 1559 583 λυπηρῶν
1582 528 1657 570 καὶ

267 597 410 654 ἡδέων
441 599 486 642 ἐν
514 602 567 656 τῇ
597 602 738 655 ψυχῇ,
772 597 799 641 ἑὲ
831 596 887 654 δή
918 613 1063 654 φαμεν
1095 595 1212 653 πάσῃ
1247 595 1401 649 πράξει
1430 596 1535 651 ἡμῖν
1567 595 1658 640 ἕπε-

269 672 401 718 σθαι,
444 665 514 709 ὅτι
542 670 725 709 τοιαῦτα
764 665 879 722 ἡμᾶς
912 665 938 722 ἡ
971 665 1173 721 ποιητική
1204 665 1383 720 μίμησις
1413 663 1656 718 ἐργάζεταις

268 736 418 790 τρέφει
455 734 540 789 γὰρ
573 738 710 776 ταῦτα
740 733 960 788 ἄρδουσα,
992 733 1096 777 δέον
1124 732 1328 788 αὐχμεῖν,
1359 733 1434 775 καὶ
1463 731 1657 788 ἄρχοντα

267 801 373 859 ἡμῖν
410 805 666 858 καθίστησι,
708 803 810 846 δέον
849 801 1058 858 ἄρχεσθαι
1100 800 1235 852 αὐτὰ,
1273 801 1347 844 ἵνα
1378 802 1577 855 βελτίους
1611 817 1657 845 τε

274 953 358 986 Ven.
383 953 424 986 B.
456 953 539 986 Bas.
563 952 597 985 b.
621 952 743 986 ποιῶν
776 952 870 986 Μοιι.
892 953 935 986 Β.

271 999 367 1032 Flor.
390 1000 434 1032 U.
459 999 582 1033 Stallb.

319 1042 478 1088 ἐλέοιςς]
518 1045 659 1089 Signum
690 1043 935 1087 interrogandi,

272 1091 365 1136 quod
398 1091 498 1134 vulgo
532 1103 636 1135 supra
669 1097 748 1136 post
779 1090 847 1124 τοῦ
881 1101 937 1133 γε·

272 1137 399 1181 λοίον,
434 1138 469 1171 in
493 1140 569 1172 Ast.
604 1148 655 1181 pr.
692 1141 727 1169 et
760 1147 828 1169 sec.
852 1147 938 1169 neu-

1039 948 1326 996 κωμῳδοποιὸς]
1373 948 1660 1004 κωμωδοιποιὸς

993 997 1093 1031 Vind.
1141 998 1184 1030 F.
1242 993 1533 1040 κωμωδὸςποιὸς
1580 1001 1659 1031 ante

996 1053 1083 1076 corr.
1123 1043 1224 1076 Vind.
1261 1044 1305 1076 E.
1346 1044 1418 1087 (—
1450 1043 1535 1077 δοπ.
1570 1054 1658 1077 corr.

994 1101 1235 1134 quamquam
1218 1113 1232 1128 ς
1254 1101 1319 1122 ιιοιι
1329 1100 1469 1133 prorsus
1484 1089 1630 1123 deletum
1633 1089 1660 1133 .)

994 1133 1277 1178 κωμωδιοποιός
1315 1136 1394 1169 Vat.
1429 1136 1469 1168 B.
1507 1135 1592 1170 Ven.
1618 1136 1659 1169 C.

271 1184 378 1226 trubi,
405 1184 494 1236 apud
519 1182 777 1216 Stallbaumium
801 1181 938 1215 utrobi—

271 1241 338 1275 que
367 1229 516 1282 positum
550 1233 623 1271 est,
651 1240 713 1273 ego
738 1234 879 1272 recepta
903 1227 937 1261 ἰιι

271 1275 503 1329 superioribus
530 1275 735 1320 pronominis
759 1274 832 1307 loco
859 1286 938 1307 con—

270 1321 442 1355 iunctione
477 1317 536 1355 ὅτι
567 1321 622 1354 hic
653 1320 843 1365 ponendum
875 1331 938 1364 pu-

270 1367 354 1401 tavi.
403 1368 531 1400 Sensus
557 1368 643 1400 enim
669 1367 723 1400 hic
740 1372 812 1399 est:
842 1367 938 1399 Non-

271 1425 315 1447 ‘ne
342 1413 432 1447 idem
461 1415 503 1447 de
533 1414 677 1446 ridiculo
701 1413 936 1454 statuendum,

271 1465 319 1501 te,
344 1460 373 1494 si
394 1461 454 1500 eis,
480 1472 569 1505 quae
587 1461 698 1502 ipsum
719 1460 809 1491 risus
839 1470 938 1491 caus-

271 1518 313 1540 sa
338 1507 452 1540 dicere
476 1513 510 1540 te
533 1507 699 1550 puderet,
725 1506 768 1537 ab
794 1506 864 1538 alio
883 1505 938 1537 di-

272 1554 336 1586 ctis
359 1553 556 1593 delecteris,
591 1565 659 1585 non
683 1563 777 1584 secus
801 1554 937 1594 facere,

273 1611 377 1643 quum
401 1600 437 1632 in
462 1597 767 1632 miserationibus?
806 1597 938 1630 Verbo—

272 1656 348 1678 rum
382 1649 492 1678 autem
526 1645 690 1678 rationem
725 1648 760 1677 et
783 1649 939 1677 constru-

275 1690 422 1724 ctionem
455 1691 639 1724 vernacule
674 1690 724 1724 sic
756 1690 939 1723 adumbra-

273 1737 398 1770 verim:
426 1739 474 1770 Ist
498 1739 592 1771 nicht
611 1737 699 1769 auch
719 1738 755 1770 in
775 1736 938 1769 Hinsicht

275 1783 335 1817 des
369 1785 596 1817 [ficher-lichen
627 1784 781 1816 dasselbe
812 1795 855 1816 zu
882 1794 940 1815 sa-

275 1841 367 1874 gen,
403 1831 503 1870 dass,
539 1842 612 1863 was
641 1831 686 1862 dn
713 1831 815 1862 selbst
841 1840 939 1871 spas-

276 1876 393 1917 haftes
416 1877 667 1920 verz-zahringen
685 1876 763 1908 dich
780 1875 940 1908 schamen

275 1923 447 1964 wardest‚
490 1924 525 1955 in
557 1923 619 1955 der
654 1922 820 1954 Komijdie
857 1922 941 1954 aber

276 1969 360 2001 oder
395 1969 484 2002 auch
517 1981 553 2002 so
586 1969 716 2001 hiirend
747 1968 826 2001 dich
863 1968 942 2000 sehr

271 2016 411 2058 frenest
442 2016 512 2048 und
544 2015 639 2047 nicht
675 2016 726 2047 als
757 2014 943 2047 schlechtes

279 2061 431 2102 hassest,
458 2062 505 2094 du
529 2061 684 2095 dasselbe
706 2061 771 2094 wie
800 2061 853 2093 bei
875 2060 942 2093 den

283 2108 504 2152 Welgklagen
528 2107 649 2141 thust?

327 2153 390 2198 αὐ]
419 2165 488 2187 ουν
513 2154 591 2187 Par.
618 2153 660 2187 Κ.
686 2165 753 2187 sec.
776 2153 885 2186 Bekk.

327 2197 568 2244 βουλόμενον]
595 2198 820 2245 βουλόμενος
841 2198 940 2232 Vind.

327 2288 458 2347 ανίης]
494 2290 619 2335 ἀνείης
651 2291 751 2327 Vind.
784 2291 824 2325 B.
861 2296 941 2324 ante

278 2349 367 2372 corr.
403 2335 527 2382 (ἀνίης
552 2339 658 2380 corr.)
681 2338 769 2371 Ven.
795 2337 835 2370 C.
860 2337 939 2371 Par

277 2384 852 2418 DK.sec.Bekk.F10r.ACR.
901 2383 940 2416 In

277 2430 371 2464 Mon.
396 2431 438 2463 B.
471 2430 530 2475 qui
564 2427 671 2473 οἷνίης
699 2430 733 2464 in
757 2433 855 2463 textu
878 2430 940 2462 ha—

278 2477 360 2517 bet,
384 2475 420 2509 in
444 2488 486 2510 m.
524 2477 600 2532 σῆ·
627 2474 752 2520 ανείης
786 2473 938 2518 συνεχώ-

279 2533 354 2565 ρεις
395 2522 530 2566 legitur.
578 2534 625 2556 αν
663 2522 739 2567 εἴης
780 2523 858 2556 Par.
898 2522 938 2554 A.

280 2568 382 2602 Vind.
403 2568 443 2601 F.

327 2612 413 2657 ἐκεῖ]
440 2611 556 2647 εκεῖνο
583 2615 667 2659 Ang.
690 2615 729 2648 B.
753 2614 844 2648 Flor.
862 2613 938 2647 RT.

328 2659 482 2704 ἔλαθες]
516 2658 669 2700 ἕλαθαις
702 2660 795 2694 Μοιι.
833 2661 876 2695 Β.
921 2671 942 2694 a

282 2718 517 2798 11ιπῐιζιλλοέκις]
541 2751 697 2793 πολάκις
719 2752 818 2787 Vind.
841 2752 885 2787 Ε.

996 1182 1076 1215 Par.
1102 1182 1178 1215 ΒΚ.
1205 1182 1279 1215 Ald.
1311 1182 1390 1215 Bas.
1417 1193 1447 1216 a.
1472 1181 1660 1228 κωμῳδιο-

994 1226 1106 1267 ποιὸς
1130 1228 1251 1272 steph.
1277 1230 1352 1262 Ast.
1377 1239 1429 1272 pr.
1467 1228 1523 1261 Cf.
1541 1231 1662 1261 notata

996 1274 1039 1307 ad
1065 1285 1097 1315 p.
1111 1275 1186 1308 605.
1204 1274 1244 1307 C.
1256 1293 1301 1298 —
1325 1274 1466 1307 Proclus
1490 1274 1525 1308 in
1548 1275 1660 1308 Parm.

995 1320 1040 1353 T.
1054 1320 1136 1352 1111.
1160 1331 1193 1363 p.
1217 1321 1302 1354 130:
1330 1318 1456 1353 ἔπειτα
1473 1318 1564 1359 τοὺς
1582 1317 1662 1354 ἐπι-

994 1363 1215 1421 τιθεμένους
1256 1365 1309 1410 τῷ
1348 1364 1584 1422 διδασκαλῳ
1575 1363 1661 1400 οὐκ

998 1408 1163 1466 ἐλέγχειν,
1185 1409 1276 1444 αλλὰ
1285 1399 1514 1469 κωμῳδεῖν’
1503 1400 1574 1468 ε’φη
1591 1409 1661 1446 τὸν

996 1455 1119 1501 λόγον,
1135 1453 1154 1491 ὃ
1178 1455 1222 1501 δὴ
1244 1458 1369 1490 κακῶν
1390 1455 1487 1491 ἐστὶν
1507 1456 1662 1501 ε’σχατον

995 1503 1059 1537 καὶ
1074 1504 1302 1537 τελευτῶντα
1320 1503 1593 1558 κωμῳδοποιὸν
1604 1515 1660 1560 γε·

995 1548 1150 1592 νέσθαι,
1186 1548 1300 1593 φησὶν
1330 1546 1349 1584 ὁ
1385 1548 1589 1610 Σωκρατης
1621 1547 1661 1584 ἐν

996 1596 1183 1641 Πολιτείᾳ.
1218 1595 1282 1629 καὶ
1306 1594 1378 1639 γὰρ
1407 1592 1502 1650 ὅλως
1531 1596 1567 1630 οι
1591 1608 1660 1630 κω-

994 1631 1202 1696 μῳδοποιοὶ
1230 1644 1309 1680 τοῖς
1345 1641 1577 1686 σεμνοτέροις
1598 1641 1662 1676 καὶ

994 1685 1235 1743 κλεινοτὲροις
1257 1685 1470 1722 ἐπετίθεντο
1484 1689 1560 1722 τῶν
1572 1685 1659 1722 καθ’

996 1731 1150 1777 αὐτοὺς,
1176 1737 1405 1778 στρατηγοῖς,
1426 1732 1660 1778 φιλοσόφοις,

997 1778 1160 1824 ῥήτορσι.
1179 1800 1224 1805 -
1249 1781 1386 1814 Ficinus
1411 1781 1496 1814 haec
1519 1781 1596 1814 inde
1617 1782 1661 1815 ab

998 1825 1072 1861 ἐκεῖ
1083 1827 1132 1860 sic
1146 1827 1335 1860 convertit:
1354 1828 1662 1861 vehementiorem-

997 1886 1061 1917 que
1087 1874 1210 1906 sensim
1230 1874 1347 1906 reddis
1364 1874 1454 1907 risus
1476 1875 1582 1918 ipsius
1603 1877 1662 1917 af—

990 1923 1145 1962 fectum,
1170 1924 1207 1952 ut
1230 1925 1264 1953 et
1282 1922 1430 1963 propriis
1453 1921 1488 1952 in
1506 1921 1662 1964 gestibus

998 1967 1034 1999 in
1052 1966 1151 2005 risus,
1172 1966 1266 1998 ultra
1284 1977 1388 2009 quam
1405 1967 1536 2006 deceat,
1555 1967 1662 2010 ipsius

999 2011 1113 2055 (immo
1138 2011 1281 2053 inscius)
1302 2013 1432 2054 deferri
1448 2013 1604 2055 incipias,
1628 2018 1662 2046 et

998 2069 1116 2090 scurra
1145 2058 1312 2090 ridiculus
1349 2059 1546 2092 comoediae
1578 2060 1661 2093 iocis

998 2104 1146 2137 imbutus
1164 2105 1303 2136 evadas.

1044 2149 1133 2193 τῶν]
1162 2146 1207 2192 δή
1231 2149 1307 2182 τῶν
1329 2149 1414 2184 Lob.
1432 2150 1512 2184 Vat.
1523 2150 1571 2184 M.
1592 2163 1657 2185 om.
1687 2150 1726 2191 D

999 2195 1094 2229 Vind.
1121 2196 1195 2228 BE.
1223 2196 1305 2229 Ven.
1329 2195 1369 2230 Β.
1396 2196 1475 2230 vat.
1494 2197 1538 2231 H.
1565 2197 1660 2234 Flor.

997 2242 1137 2275 ACTV.

1042 2290 1095 2332 τε]
1121 2288 1155 2321 in
1178 2288 1270 2321 Mon.
1296 2288 1335 2321 B.
1362 2288 1496 2333 punctis
1520 2301 1541 2323 a
1564 2301 1607 2324 m.
1630 2301 1660 2324 s.

997 2339 1148 2368 notatum
1168 2338 1230 2367 est.

1043 2381 1185 2424 φαμεν]
1221 2377 1360 2423 ἔφαμεν
1387 2380 1487 2416 Vind.
1512 2381 1555 2415 E.
1582 2386 1662 2415 ante

996 2438 1083 2460 corr.
1132 2429 1182 2460 Ac
1215 2427 1280 2459 fuit
1313 2427 1376 2460 hac
1406 2427 1448 2460 de
1474 2438 1512 2460 re
1537 2427 1661 2461 dictum

996 2484 1030 2517 p.
1059 2475 1137 2508 603.
1164 2473 1204 2506 C.
1254 2473 1324 2506 Sed
1356 2484 1443 2506 nunc
1467 2485 1602 2518 quoque
1625 2474 1659 2507 in

996 2519 1113 2553 eadem
1138 2519 1307 2553 sententia
1331 2525 1421 2553 sunt

1043 2562 1146 2620 ἡμῖν]
1173 2561 1278 2609 ἡμῶν
1303 2567 1386 2600 Ven.
1412 2565 1452 2599 B.

1046 2609 1104 2645 ὅτι
1126 2611 1296 2654 τοιαῦτα]
1322 2612 1388 2644 Pro
1413 2611 1465 2644 his
1489 2611 1634 2645 Astius
1624 2623 1659 2646 ιιι

998 2662 1078 2693 tert.
1102 2655 1149 2691 τὰ
1175 2657 1333 2691 τοιαῦτα
1357 2657 1411 2690 vel
1432 2654 1552 2691 ταύτὰ
1569 2658 1659 2691 ταῦ·

998 2716 1045 2738 τοι
1066 2704 1279 2737 scribendum
1295 2703 1498 2748 suspicatur.
1522 2704 1659 2737 Amicus

998 2750 1214 2785 Stallbaumii
1262 2750 1376 2794 δῆλον
1414 2750 1658 2795 praeponebat,
