1764 3176
487 169 812 213 CIVITAS
858 169 984 212 LIB.
1016 171 1072 214 X.
1104 177 1171 211 612

1427 174 1513 215 263

131 278 360 336 πίφθονόν
403 278 495 324 ἐστι
537 279 648 335 πρὸς
695 279 878 332 ἐκείνοις
925 282 1001 326 καὶ
1057 281 1162 334 τούς
1216 283 1408 340 μισθοὺς
1460 287 1514 341 τῇ

132 346 392 406 δικαιοσύνῃ
430 348 520 392 καὶ
549 352 603 406 τῇ
649 347 758 406 ἄλλῃ
799 347 931 406 ἀρετῇ
971 347 1244 403 ἀποδοῦναι,
1295 352 1429 404 ὅσους
1467 369 1512 396 τε
1543 355 1575 397 C

129 417 203 461 καὶ
246 417 370 468 οἴους
411 420 465 475 τῇ
510 421 628 475 ψυχῇ
675 418 848 474 παρέχει
892 417 1001 471 παρ’

327 485 488 538 ζῶντός
548 501 594 529 τε
649 485 708 528 ἔτι
771 489 852 529 τοῦ
910 484 1155 541 ἀνθρώπου
1213 490 1286 532 καὶ
1339 488 1515 533 ἐπειδὰν

127 487 247 529 θεῶν
256 518 268 538 ,

125 552 383 611 τελευτήσῃς
425 550 686 596 Παντάπασι
724 554 804 608 μὲν
847 570 955 606 ουν,
1009 549 1038 610 ἦ
1087 554 1129 599 δ’
1172 554 1231 607 ὅς.

1052 417 1306 475 ἀνθρώπων
1351 438 1396 465 τε
1438 421 1516 464 καὶ

1294 550 1392 611 Αρ’
1429 554 1513 600 οὖν

125 617 374 664 ἀποδώσετέ
411 637 488 676 μοι
528 619 556 664 ἃ
592 620 875 666 ἐδανείσασθε
920 621 968 666 ἐν
1004 627 1065 679 τῷ
1104 622 1247 681 λόγῳ,-
1301 627 1351 668 Τί
1389 625 1513 681 μαλι-

125 700 230 740 στα;
264 688 439 734 ’Έδωκα
494 687 602 745 ὑμῖν
656 689 734 733 τὸν
783 692 958 734 δίκαιον
1004 695 1151 736 δοκεῖν
1198 691 1355 736 ἄδικον
1400 692 1512 737 εἶναι

123 758 200 802 καὶ
230 757 308 803 τὸν
337 757 494 803 ἄδικον
525 759 711 802 δίκαιον.
757 757 883 815 ὑμεῖς
919 758 1003 815 γάρ
1034 758 1234 816 ἡγεῖσθε,
1269 760 1355 804 κᾶν
1384 763 1422 806 εἰ
1451 753 1509 818 μή

123 909 260 941 taneum
289 906 356 949 sit,
380 913 416 942 et
440 919 541 962 quum
564 907 600 941 in
624 907 788 952 proximis

122 953 169 990 de
189 953 301 988 anima
332 965 443 988 sermo
465 954 609 995 fuisszt,
635 954 729 987 cuius
752 953 786 987 in

122 999 186 1033 hac
209 1000 282 1033 vita
299 999 496 1035 affectiones
516 1006 551 1033 et
572 997 729 1034 formae
720 1011 787 1033 lam

121 1046 206 1080 satis
230 1045 426 1080 declaratae
451 1058 478 1080 ει
470 1046 538 1087 nt,
568 1046 654 1079 hanc
676 1046 786 1090 ipsam

121 1092 388 1126 declarationem
422 1092 653 1138 superioribus
688 1091 785 1125 libiis

120 1139 249 1172 factam
280 1143 316 1171 et
349 1138 383 1172 in
409 1138 622 1172 removendis
654 1137 785 1171 involu-

120 1184 187 1218 cris
210 1187 311 1217 natur
314 1196 367 1218 am
388 1184 530 1219 hominis
545 1184 784 1228 obtegentibus

118 1230 313 1264 necessario
358 1236 558 1276 occupatam
604 1230 729 1274 respici
764 1241 785 1264 a

118 1278 265 1310 Socrate
288 1281 393 1322 puto,
426 1269 504 1310 dum
529 1279 565 1309 et
589 1276 723 1320 reliqua
747 1288 785 1309 se

119 1323 256 1356 exuisse
290 1334 473 1376 suamque,
499 1322 532 1355 b.
563 1334 593 1355 e.
627 1321 783 1362 bominis,

117 1375 273 1403 naturam
305 1368 480 1413 aperuisse
510 1368 544 1401 in
567 1379 723 1401 sermone
747 1372 783 1401 et

115 1416 225 1460 ipsam
267 1414 431 1449 iustitiam
473 1414 631 1448 detracta
668 1426 782 1448 rerum

116 1465 332 1495 externarum
366 1460 465 1506 quasi
497 1465 596 1494 veste
621 1464 781 1504 spectau-

115 1507 192 1541 dam
210 1506 401 1541 exhibuisse
423 1507 642 1540 demonstrat
675 1506 781 1540 Cuius

115 1554 199 1588 dicti
229 1564 310 1599 pars
340 1553 514 1598 posterior
536 1564 696 1586 smumam
722 1564 780 1586 eo-

114 1611 210 1641 rum,
254 1611 343 1644 quae
377 1599 510 1644 epilogo
553 1598 780 1640 continentur,

116 1645 223 1699 prior
244 1645 409 1679 rationem
423 1671 433 1688 ,
468 1656 536 1690 qua
570 1656 644 1678 cum
678 1656 779 1689 prae-

115 1691 243 1746 gressis
267 1691 460 1726 cohaereat
485 1691 667 1735 significat.

164 1734 273 1793 λόγω]
299 1735 364 1781 λόγ
366 1749 414 1782 ῳ,·
439 1738 520 1771 Bas.
546 1737 601 1770 ab.

162 1771 252 1819 ου’δε
266 1782 358 1839 τὰς]
372 1772 544 1822 οὕδετας
567 1782 670 1816 Vind.
690 1781 731 1816 F.

161 1827 408 1885 ἔπηνέγκαμεν
426 1831 439 1873 ]
520 1826 777 1872 απηνέγκαμεν

115 1878 214 1911 Stob.
250 1873 475 1919 ε’πηνέσομεν
506 1876 587 1909 Par.
624 1875 667 1907 K.
705 1886 775 1908 sec.

113 1923 190 1979 Bip.
216 1920 444 1976 ἐπῃνέσαμεν
465 1932 535 1954 sec.
561 1921 671 1954 Bekk.

169 1965 331 2004 Ησίοδόν
354 1979 394 2002 τε
417 1966 480 2001 καὶ
495 1963 688 2011 “Ομηρον]
711 1965 776 2001 καὶ

112 2019 193 2050 ante
215 2012 389 2055 Ησίοδον
417 2013 547 2047 addunt
578 2014 677 2046 Vind.
702 2013 775 2047 ΒΕ.

112 2062 194 2096 vat.
218 2062 263 2096 H.
289 2061 382 2095 Flor.
406 2060 548 2094 ACTV.
571 2059 695 2092 Stallb.
719 2071 773 2104 pr.

113 2108 302 2143 Homerum
349 2107 459 2151 (vos)
514 2111 548 2139 et
586 2106 774 2140 Hesiodum

110 2155 187 2188 Fic.
236 2154 292 2187 Cf.
322 2153 363 2186 L.
385 2153 491 2206 11.p.
512 2153 592 2188 363.
617 2155 657 2186 A.

159 2196 255 2234 αυτὸ
282 2195 537 2242 δικαιοσύνην]
559 2194 773 2232 αὕτοδικαι-

112 2243 250 2290 οσύνην
283 2246 364 2279 Par.
387 2247 427 2279 A.
457 2245 557 2278 Vind.
577 2245 647 2278 BF.
675 2246 774 2278 Stob.

111 2293 230 2327 irinc.
256 2292 370 2326 Gaisf.
420 2292 476 2325 Cf.
502 2291 578 2324 Vol.
598 2291 626 2323 I.
652 2292 774 2335 p.12⁶.>,

111 2350 144 2373 a.
176 2335 299 2382 αὐτὴν
329 2334 570 2380 δικαιοσύνην
612 2338 696 2370 Ven.
732 2336 773 2370 B.

109 2385 187 2418 Ald.
223 2385 305 2418 Bas.
343 2384 397 2417 ab.
433 2383 555 2427 Steph.
598 2383 670 2416 Ast.
717 2394 770 2427 pr.

110 2431 210 2484 Stob.
234 2440 350 2473 margo
376 2430 484 2463 Gesn.

159 2473 255 2520 αυτῇ
287 2474 413 2520 ψυχῇ]
449 2487 486 2509 α.
520 2474 566 2519 τῇ
596 2480 644 2528 ψ.
671 2474 770 2508 Stob.

111 2523 185 2556 Ast.
210 2533 279 2555 sec.
304 2527 387 2555 tert.
437 2521 493 2555 Cf.
520 2521 570 2554 C.
596 2517 691 2564 αυτὴ
718 2521 771 2554 δι-

110 2565 290 2622 καιοσύνη
316 2572 351 2601 et
374 2567 449 2601 Vol.
468 2567 516 2600 ΙΙ.
544 2579 576 2610 p.
598 2533 691 2609 291η
703 2579 735 2600 a.

156 2610 345 2694 ἓύρομεν]δ
354 2620 528 2692 ευροιῑιῖενς
518 2659 549 2692 d
554 2613 676 2692 S1t3eph.

155 2660 297 2761 ἐᾝξῖἷ
317 2671 410 2739 22⁶²?
412 2672 425 2692 ⁶
436 2671 549 2740 v111‘11
561 2705 634 2739 Bm
699 2728 704 2732 .

157 2750 215 2787 rv'
215 2754 298 2797 νου]
344 2752 401 2785 Cf.
427 2752 469 2785 ad
493 2751 535 2784 L.
560 2751 769 2796 11.p.359.

111 2800 152 2833 C.
187 2799 237 2833 de
257 2800 321 2832 hoc
343 2798 496 2832 Platonis
532 2764 655 2841 Gypge
668 2797 771 2840 dicta,

109 2858 197 2891 quae
221 2845 423 2890 impugnans
448 2845 480 2878 in
505 2855 572 2878 sec.
597 2844 771 2878 Stallbau-

843 906 929 941 mins
953 907 1092 950 effecit,
1120 912 1158 942 ut
1180 910 1288 954 magis
1312 910 1512 945 verisimilia

842 954 1034 988 videantur.
1096 955 1128 988 Is
1164 956 1250 989 enim
1286 956 1327 990 L.
1360 957 1406 991 Il.
1443 969 1508 990 non

843 1000 949 1033 solum
975 998 1077 1046 Γύγῃ
1102 1006 1222 1035 contra
1246 1002 1426 1048 plerosque
1451 1016 1507 1036 co-

842 1047 937 1080 dices
968 1047 1142 1089 scribere,
1176 1048 1235 1080 sed
1269 1050 1368 1082 etiam
1402 1050 1510 1083 rerba

842 1093 910 1126 τοῦ
927 1093 1057 1126 Λυδοῦ
1068 1105 1163 1136 προγ
1167 1090 1241 1139 όνῳ
1257 1099 1377 1129 contra
1394 1106 1508 1130 omnes

842 1139 967 1172 eiicere
992 1145 1131 1172 coactus
1155 1145 1219 1173 est.

887 1181 954 1217 ἐάν
977 1196 1016 1218 τε
1039 1183 1087 1229 μὴ
1103 1210 1112 1227 ,
1138 1197 1200 1219 και
1224 1184 1320 1228 πρὸς
1343 1184 1503 1233 τοιούτῳ

841 1230 1036 1276 δακτυλίῳ]
1062 1233 1133 1265 sive
1157 1232 1260 1265 etiam
1286 1232 1365 1266 Fic.

884 1266 1014 1321 κυνῆν]
1039 1279 1166 1310 κυνεῖν
1191 1278 1288 1312 Vind.
1302 1279 1345 1312 E.
1371 1277 1506 1322 κυνέην

839 1321 938 1356 Stob.
986 1323 1042 1358 Cf.
1078 1323 1220 1357 Homeri
1258 1324 1298 1357 Il.
1332 1325 1372 1358 L.
1400 1326 1439 1358 V.
1466 1338 1499 1358 v.

839 1369 925 1403 845.
960 1367 1088 1424 αὐτὰρ
1107 1367 1241 1414 Ἀθήνη
1267 1367 1368 1404 Δῦν’
1383 1367 1505 1410 ”Amos

829 1413 994 1470 κυνέην,
1037 1413 1088 1460 μή
1135 1427 1197 1458 μιν
1236 1415 1312 1450 ἴδοι
1348 1412 1504 1462 ὄβριμος

829 1456 947 1504 Ἄρης.
991 1481 1038 1486 ——
1087 1461 1227 1505 Signum
1270 1463 1503 1515 interrogandi

836 1507 957 1540 Astius
980 1508 1110 1562 primus
1136 1509 1307 1553 apposuit.

879 1546 952 1606 AQ'
964 1555 977 1598 ]
1004 1549 1071 1597 αρ’
1103 1554 1271 1588 Vi11d.F.

881 1593 942 1656 ἦν]
969 1612 1035 1634 om.
1067 1600 1153 1633 Ven.
1181 1601 1221 1634 C.

885 1642 996 1685 ὅσους
1020 1647 1073 1699 τε]
1099 1657 1137 1680 τε
1162 1658 1216 1679 om
1254 1647 1354 1680 Stob.

883 1691 1000 1746 οιους]
1033 1688 1145 1731 ὅσους
1169 1692 1270 1726 vind.
1298 1693 1337 1726 F.

881 1736 1048 1793 παρέχει]
1076 1750 1140 1772 om.
1166 1738 1245 1772 Par.
1272 1738 1315 1774 K.

881 1796 957 1827 παρ
968 1781 999 1827 ⁵]
1027 1782 1132 1827 παρὰ
1158 1784 1252 1817 Μοιι.
1277 1785 1318 1817 Β.

881 1828 1021 1871 ζῶντός
1049 1831 1111 1875 τε]
1146 1841 1185 1864 τε
1211 1830 1395 1866 om.1.0b.
1421 1831 1501 1865 Vat.

833 1875 912 1910 ΒΜ.

879 1919 1096 1967 τελευτήσῃς
1107 1922 1119 1966 ]
1166 1919 1375 1968 τελευτήσῃ
1422 1923 1499 1956 Ald.

832 1968 912 2003 Bas.
939 1969 991 2002 ab.
1018 1970 1140 2013 Steph.

873 2012 1120 2071 Παντάπασι]
1145 2011 1367 2048 παντάποὶσι
1391 2015 1466 2047 Ald.

873 2054 951 2117 Αρ’
959 2061 972 2105 ]
1001 2057 1049 2114 ι’ἱρ
1096 2060 1193 2093 Vind.
1202 2061 1245 2093 F.
1267 2061 1366 2094 Stob.
1377 2060 1496 2094 Trinc.

879 2104 1107 2151 ἀποδώσετέ]
1136 2103 1373 2140 αποδιόσεταί
1397 2107 1496 2140 Stob.

831 2153 906 2186 cod.
933 2153 979 2186 N.

877 2195 1133 2242 ἐδανείσασθε]
1145 2195 1411 2232 ἐδανείσασθαι
1423 2209 1495 2231 cum

831 2255 848 2278 ε
872 2256 977 2300 super
1002 2256 1042 2278 οιι
1068 2245 1169 2278 Vind.
1193 2245 1237 2278 Ε.

876 2287 988 2334 υμῖν]
1012 2288 1101 2335 ἡμῖν
1132 2291 1232 2326 Vind.
1258 2290 1300 2323 Β.
1334 2290 1426 2324 Flor.
1453 2290 1493 2324 C.

829 2338 928 2371 Stob.
954 2338 1029 2370 cod.
1057 2338 1095 2370 Β.

875 2380 996 2426 υμεῖς]
1022 2380 1129 2426 ημεῖς
1154 2383 1253 2415 Stob.
1280 2382 1356 2416 cod.
1382 2383 1423 2416 B.

874 2427 1048 2473 ἡγεῖσθε]
1081 2429 1247 2484 ηἰτεῖσθε
1279 2429 1358 2463 Par.
1384 2430 1425 2462 A.

828 2476 954 2509 τεῖσθε
979 2476 1008 2509 V
1012 2475 1079 2510 ind.
1091 2476 1128 2508 B.
1152 2471 1305 2518 η’τεῖσθε
1330 2474 1430 2510 Vind.
1450 2441 1491 2508 Ε.

828 2524 908 2556 vat.
933 2522 978 2556 H.
1004 2522 1099 2554 Flor.
1120 2521 1226 2555 ACV.
1253 2521 1350 2554 Stob.
1373 2521 1491 2555 Trinc.

824 2569 1019 2612 petieratis.
1069 2568 1163 2614 (licet
1199 2568 1288 2600 enim
1307 2568 1395 2611 fieri
1425 2579 1491 2600 non

826 2620 960 2659 posset.
998 2619 1034 2647 ut
1066 2615 1136 2647 ista
1163 2614 1315 2647 homines
1346 2615 1491 2657 deosque

830 2662 999 2694 laterent:
1032 2665 1151 2694 tamen
1170 2661 1308 2694 concedi
1335 2661 1396 2693 hoc
1420 2661 1491 2693 dis-

826 2707 1024 2760 putationis
1037 2708 1160 2751 gratia
1181 2705 1326 2750 placuit,
1351 2711 1389 2740 nt
1408 2710 1490 2748 etc.)

830 2753 902 2786 Fic.
967 2751 1080 2786 Etiam
1116 2752 1189 2786 sine
1228 2751 1492 2805 interpolatione

827 2796 981 2843 ῃτεῑσθε
1013 2799 1122 2832 teneri
1158 2806 1193 2832 et
1227 2796 1359 2832 δοτέον
1396 2800 1491 2831 εἰναι

827 2845 983 2889 enallage
1007 2857 1072 2879 non
1095 2840 1256 2879 insolenti
1272 2855 1334 2890 pro
1355 2843 1492 2877 δοῦναι
