1764 3176
266 111 353 152 248

729 106 1197 149 PLATONIS

270 216 422 270 αὐτοῖς
462 219 623 262 τοῦτον
662 217 740 262 τόν
770 217 923 275 λόγον,
963 218 1016 263 ὃν
1045 219 1245 275 λέγομεν,
1277 219 1351 262 καὶ
1379 216 1542 275 ταύτην
1570 219 1649 275 τήν

269 286 465 344 ἐπῳδὴν,
505 284 823 343 εὐλαβούμενοι
853 286 988 331 πάλιν
1018 288 1218 343 ἐμπεσεῖν
1246 288 1308 339 εἰς
1335 285 1414 332 τὸν
1442 287 1650 332 παιδικόν

267 370 312 398 τε
341 355 415 398 καὶ
450 353 530 398 τόν
559 359 649 398 τῶν
677 361 851 400 πολλῶν
882 355 1032 408 ἔρωτα.
1089 355 1339 412 αἰσθόμεθα
1377 355 1422 400 δ’
1453 351 1558 407 οὖν,
1589 355 1650 408 ὥς

269 420 323 466 οὗ
355 423 657 467 σπουδαστέον
685 424 755 468 ἐπὶ
783 429 837 481 τῇ
871 423 1055 481 τοιαύτῃ
1086 425 1259 481 ποιήσει
1288 424 1347 477 ὥς
1377 422 1580 480 ἀληθείας
1603 441 1648 469 τε

267 489 491 549 ἁπτομένῃ
521 492 595 535 καὶ
625 495 869 550 σπουδαίᾳ,
906 491 1006 537 ἀλλ’
1037 492 1301 550 εὐλαβητέον
1331 491 1467 549 αὐτὴν
1505 493 1558 537 ὂν
1588 496 1649 552 τῷ

205 559 241 601 Β
272 557 540 616 ἀκροωμένῳ
570 561 668 616 περὶ
697 566 772 618 τῆς
801 560 995 618 ἐν-αὑτῷ
1024 564 1240 613 πολιτείας
1270 560 1451 613 δεδιότι,
1481 561 1556 604 καὶ
1580 578 1652 605 νο-

266 628 419 684 μιστέα
449 628 558 682 ἅπερ
589 628 823 686 εἰρήκαμεν
859 631 958 684 περὶ
987 629 1211 689 ποιήσεως.
1271 628 1587 681 Παντάπασιν,
1620 625 1650 688 ἧ

267 695 314 740 δ’
346 696 413 751 ὃς,
453 696 664 753 ξύμφημι.
722 699 875 754 ΝΙέγας
912 697 1021 754 γὰρ,
1063 698 1201 755 ἔφην,
1241 697 1264 742 ὁ
1306 697 1448 754 ἀγών,
1483 693 1518 741 ὦ
1549 701 1651 754 φίλε

269 764 509 817 Γλαύκων,
538 766 695 822 μέγας,
736 765 817 823 οὐχ
846 765 952 818 ὅσος
982 768 1125 817 δοκεῖ,
1156 764 1205 809 vd
1235 766 1424 822 χρηστὸν
1452 766 1481 823 ἢ
1509 766 1650 811 κακὸν

312 935 468 982 αὐτοῖς]
505 935 624 982 αὐτῆς
656 938 756 974 Vind.
782 939 823 972 F.
848 942 928 974 ante

265 995 353 1018 corr.
377 997 442 1018 om.
469 984 566 1019 Vind.
591 986 635 1018 E.

313 1048 372 1096 ὃν]
398 1046 451 1086 ὦν
477 1053 576 1087 Vind.
602 1054 643 1089 F.
670 1065 758 1088 corr.
786 1058 833 1097 et,
853 1066 928 1100 sup.

266 1093 323 1142 ὃν,
348 1101 436 1143 Aug.
461 1099 502 1133 B.

313 1166 485 1212 λέγομεν]
519 1169 575 1203 Ita
608 1169 687 1204 Par.
714 1170 821 1205 ADK.
857 1183 927 1205 sec.

264 1213 374 1246 Bekk.
408 1214 494 1248 Lob.
534 1215 634 1248 Vind.
668 1217 712 1250 F.
758 1217 852 1250 Mon.
888 1218 927 1250 B.

264 1260 345 1292 vat.
373 1260 451 1294 ΒΜ.
486 1261 568 1294 Ven.
596 1262 636 1295 C.
669 1262 762 1296 Flor.
786 1263 863 1296 RT.
894 1267 930 1296 et

263 1305 452 1339 Bekkerus.
485 1303 655 1349 ἐλέγομεν
688 1308 812 1351 reliqui
837 1309 929 1342 codi—

264 1363 321 1385 ces
346 1352 496 1396 editique
521 1364 594 1385 cuin
611 1353 731 1387 Ficino
756 1355 930 1398 (oratione

263 1410 371 1442 supra
401 1410 423 1431 a
449 1399 546 1431 nobis
575 1400 760 1444 exposita).
816 1401 932 1441 Quum

265 1444 352 1477 haec
387 1444 537 1478 clausula
573 1446 765 1479 sententiae
798 1452 834 1480 et
857 1447 931 1492 ipsa

265 1490 435 1524 sententia
459 1490 605 1524 nondum
630 1492 728 1536 plane
757 1492 867 1527 desita
886 1493 932 1527 sit

264 1536 351 1616 ξίἳξ,
375 1548 538 1582 praesens
561 1539 687 1572 nullam
713 1538 932 1574 offensionem

289 1594 309 1616 a
335 1587 380 1616 et.

314 1648 470 1696 ταύτην]
495 1651 618 1686 ταῦτα
642 1652 727 1687 Lob.
754 1655 833 1689 vat.
859 1654 907 1688 M.

312 1717 605 1766 εὐλαβούμενοι]
653 1719 931 1768 εὐλαβουμένου

264 1766 366 1800 vind.
391 1768 435 1800 F.

312 1832 496 1880 ἐμπεσεῖν]
523 1833 688 1870 ἐκπεσεῖν
714 1837 800 1881 Ang.
825 1839 868 1872 B.

311 1902 487 1938 παιδικόν
523 1905 581 1949 τε]
628 1906 704 1940 τῶν
744 1907 929 1941 παιδικῶν

264 1951 350 1985 Lob.
378 1952 458 1986 Vat.
478 1951 526 1985 Μ.

311 2019 379 2055 τὸν
403 2020 500 2064 τῶν]
538 2032 602 2054 om.
627 2021 712 2056 Lob.
737 2021 816 2055 Vat.
846 2022 926 2055 ΒΜ.

263 2065 332 2101 τὸν
357 2079 424 2101 om.
454 2068 535 2100 Par.
561 2067 605 2100 K.

313 2133 553 2178 αἰσθόμεθα]
605 2135 663 2169 Ita
701 2135 780 2170 Par.
819 2136 927 2170 ADK.

264 2181 366 2215 Vind.
385 2182 490 2216 BEF.
514 2183 653 2215 Ven.C.
680 2183 766 2226 Ang.
781 2182 820 2215 B.
848 2183 923 2216 vat.

265 2228 310 2261 H.
338 2229 429 2261 Flor.
455 2228 630 2262 ACRTV.
665 2229 740 2262 Ald.
767 2229 845 2262 Bas.
871 2230 926 2263 ab.

265 2274 445 2307 Bckkerus
480 2278 515 2308 et
547 2275 580 2307 in
613 2278 693 2308 tert.
724 2275 850 2309 Astius.
879 2274 926 2308 εἰ-

266 2317 411 2362 σόμεθα
436 2321 529 2354 Mon.
556 2321 595 2353 B.
631 2320 726 2354 Flor.
753 2321 796 2354 U.
822 2321 927 2354 Stall-

266 2367 419 2399 bauinius
440 2371 474 2400 et
487 2368 831 2403 Schleiermacherus.
851 2381 926 2402 sen-

263 2413 388 2445 tiernus
401 2413 471 2445 Fic.
497 2411 722 2456 αἰσθώμεθα
741 2414 824 2448 Lob.
848 2415 926 2448 vat.

264 2458 346 2492 ΒΜ.
372 2459 510 2494 Ven.B.
537 2460 657 2504 Steph.
681 2461 756 2494 Ast.
782 2472 832 2503 pr.
857 2472 925 2494 sec.

264 2504 325 2548 qui
360 2505 477 2538 modus
510 2507 553 2539 ob
587 2507 681 2540 verbi
703 2506 928 2550 significatio-

263 2562 339 2583 nem
362 2551 494 2594 pariter
528 2557 629 2594 atque
656 2553 698 2586 ob
723 2557 826 2586 totius
850 2565 927 2587 sen-

262 2597 392 2630 tentiae
424 2597 586 2631 rationem
611 2599 850 2633 inconveniens
873 2600 928 2634 vi-

263 2643 375 2675 detur.
423 2643 474 2676 Ad
508 2645 716 2678 sentiendum
750 2645 835 2679 enim
859 2657 927 2680 non

264 2689 365 2721 facile
389 2689 428 2721 fit
460 2692 498 2722 ut
522 2691 608 2723 alter
635 2691 778 2725 alterum
803 2692 927 2725 adhor—

264 2740 395 2776 teinur3
419 2736 582 2769 Socrates
605 2741 716 2771 autem
740 2738 770 2771 si
787 2739 850 2772 hoc
866 2739 924 2772 de-

265 2781 368 2826 nique
377 2782 482 2816 statui
500 2783 615 2825 vellet,
628 2784 723 2818 nihili
735 2784 924 2819 faciendam

983 939 1086 973 istam
1110 938 1232 984 poesin
1256 949 1351 980 esse,
1377 950 1438 972 cur
1457 950 1532 973 eam
1560 939 1650 974 invi—

985 990 1088 1026 taret,
1112 989 1148 1018 ut
1172 996 1209 1018 se
1233 985 1461 1019 defenderet?
1491 987 1538 1019 At
1561 998 1649 1020 nunc

985 1044 1022 1065 se
1036 1032 1086 1065 ita
1107 1031 1235 1065 sentire
1257 1031 1286 1064 si
1305 1031 1528 1075 demonstrat,
1546 1044 1649 1077 quum

986 1077 1183 1111 defensione
1215 1078 1360 1110 nondum
1391 1089 1453 1111 usa
1484 1083 1557 1117 est,
1586 1090 1650 1111 nec

984 1123 1060 1168 ipse
1101 1123 1168 1157 sibi
1209 1128 1378 1168 repugnat
1419 1127 1454 1157 et
1486 1124 1569 1158 facit
1601 1125 1648 1167 id,

985 1170 1077 1214 quod
1111 1169 1255 1202 maxime
1291 1170 1386 1203 huius
1421 1170 1486 1203 loci
1511 1176 1586 1211 est,
1610 1174 1650 1204 ut

985 1215 1020 1249 in
1045 1217 1113 1248 fine
1129 1215 1369 1260 disputationis
1389 1227 1549 1250 summam
1567 1228 1649 1262 pro—

984 1267 1102 1307 ponat.
1151 1262 1225 1294 Iam
1250 1262 1341 1305 quod
1365 1262 1408 1295 ad
1432 1263 1574 1296 formam
1595 1267 1650 1296 at-

985 1308 1094 1348 tinet,
1139 1307 1323 1349 αἴσθομαι
1363 1307 1397 1340 ἰιι
1438 1320 1501 1341 usu
1544 1309 1651 1342 fuisse

985 1353 1207 1397 probabiliter
1239 1354 1465 1387 Buttmannus
1508 1366 1648 1398 gramm.

984 1400 1033 1434 II.
1058 1411 1090 1444 p.
1114 1400 1169 1433 68.
1203 1411 1304 1444 quum
1337 1411 1379 1433 ex
1411 1405 1527 1434 nostro
1559 1402 1649 1443 loco,

987 1452 1057 1479 tuin
1092 1457 1132 1478 ex
1158 1457 1198 1479 eo
1223 1445 1368 1489 colligit,
1394 1446 1484 1490 quod
1512 1446 1555 1479 de
1579 1446 1649 1479 dis-

989 1491 1128 1525 crimine
1168 1491 1424 1536 significationis
1455 1491 1545 1526 inter
1590 1492 1649 1526 αἴ-

990 1539 1151 1571 σθεσθαι
1171 1542 1206 1570 et
1226 1535 1481 1571 αἰσθάνεσθαι
1503 1539 1651 1572 interce-

989 1585 1092 1619 dente
1125 1596 1144 1617 a
1179 1584 1407 1627 grammaticis
1441 1584 1650 1629 disputatum

989 1634 1052 1664 est.
1102 1630 1270 1673 (Bekkeri
1304 1630 1422 1664 anecd.
1453 1642 1488 1675 p.
1512 1632 1596 1672 183,
1614 1633 1649 1666 9.

989 1678 1076 1719 216,
1095 1677 1128 1710 7.
1159 1677 1249 1718 359,
1269 1677 1318 1720 6.)
1366 1676 1479 1710 Etiam
1503 1677 1650 1721 Thucy-

989 1723 1078 1756 didis
1120 1722 1253 1756 codices
1293 1722 1452 1756 meliores
1497 1735 1649 1757 nonnun-

990 1780 1091 1813 quam
1116 1768 1322 1802 αἴσθεσθαι
1346 1769 1482 1810 habent,
1499 1771 1591 1803 velut
1607 1769 1648 1804 L.

986 1815 1033 1848 II.
1060 1827 1089 1848 c.
1109 1816 1164 1850 93.
1191 1816 1233 1850 V.
1253 1817 1309 1849 26.
1333 1815 1392 1848 VI.
1415 1816 1472 1850 58.
1499 1816 1571 1850 VII.
1592 1817 1649 1850 75.

987 1861 1084 1894 VIII.
1112 1863 1166 1895 12.
1199 1864 1302 1905 atque
1327 1861 1366 1893 V.
1385 1863 1442 1896 26.
1466 1861 1531 1906 ipsi
1558 1862 1650 1906 Pop-

986 1907 1088 1951 poni‚
1113 1906 1171 1951 qui
1195 1907 1275 1940 edit.
1307 1907 1381 1940 Vol.
1410 1907 1473 1940 111.
1508 1919 1542 1952 p.
1570 1908 1646 1942 134.

985 1964 1037 1997 sq.
1062 1953 1246 1995 αι”σθομαι
1276 1952 1521 1994 damnaverat,
1544 1965 1647 1998 prae-

986 2010 1064 2032 sens
1088 2011 1108 2032 a
1132 1999 1290 2032 Bekkero
1324 1999 1510 2032 exhibitum
1533 2000 1647 2044 aptius

984 2044 1049 2078 iam
1073 2045 1219 2078 videtur.
1279 2045 1361 2077 Item
1394 2045 1554 2078 Isocratis
1582 2045 1646 2079 Ni-

986 2091 1068 2124 cocl.
1104 2102 1136 2135 p.
1160 2092 1225 2131 30,
1254 2088 1287 2125 4.
1318 2090 1494 2124 Bekkerus
1526 2103 1648 2125 secun-

985 2137 1062 2171 dum
1081 2136 1284 2171 Vrbinatem
1304 2136 1427 2170 librum
1447 2136 1649 2171 αἴσθονται

984 2195 1047 2228 pro
1079 2180 1329 2216 αἰσθάνονται
1366 2183 1483 2217 edidit.
1542 2184 1649 2218 Deni-

985 2241 1050 2274 que
1063 2229 1212 2262 nonnihil
1224 2229 1472 2263 recentioribus
1490 2229 1646 2263 tribuen-

985 2276 1064 2308 dum
1097 2281 1170 2318 est,
1195 2275 1252 2320 qui
1283 2275 1406 2319 passim
1437 2276 1522 2309 haec
1546 2288 1647 2309 usur·

985 2326 1088 2366 pant,
1113 2334 1142 2355 e.
1167 2333 1200 2364 g.
1226 2321 1395 2365 Origenes
1420 2327 1540 2356 contra
1555 2322 1645 2357 Cels.

982 2380 1017 2414 p.
1044 2369 1133 2409 420,
1161 2370 1217 2402 27.
1253 2368 1539 2411 συναίσθονται,
1566 2369 1647 2402 Cle—

983 2426 1075 2448 mens
1100 2414 1195 2447 Alex.
1221 2414 1347 2447 Strom.
1374 2414 1414 2447 L.
1431 2415 1495 2447 ΙΙΙ.
1519 2427 1551 2460 p.
1565 2416 1646 2457 519,

985 2462 1039 2496 19.
1066 2461 1155 2493 Pott.
1181 2464 1216 2492 et
1240 2460 1317 2493 VII.
1345 2461 1489 2501 88224.
1516 2460 1643 2494 αἴσθε-

983 2518 1066 2548 ται,
1101 2506 1147 2539 ΙΙ.
1179 2506 1267 2547 457,
1300 2508 1353 2541 10.
1389 2507 1643 2550 συναίσθεται,

983 2553 1185 2587 scholiastes
1210 2553 1251 2586 ad
1276 2553 1314 2586 Il.
1336 2552 1449 2586 XVII.
1469 2556 1499 2588 1.
1517 2565 1550 2597 p.
1563 2555 1642 2588 428.

984 2613 1016 2643 a,
1039 2603 1096 2636 28.
1134 2601 1243 2634 Bekk.
1279 2600 1486 2635 αἴσθεται.,
1521 2599 1644 2644 Itaque

983 2659 1045 2681 eae
1068 2648 1216 2688 formae,
1240 2659 1328 2691 quae
1351 2645 1540 2691 praesentis
1564 2658 1644 2690 pro-

981 2693 1079 2738 priae
1103 2699 1193 2735 sunt,
1212 2694 1270 2726 ubi
1301 2705 1322 2726 a
1349 2692 1447 2726 bonis
1471 2692 1644 2726 codicibus

980 2740 1116 2774 oblatae
1139 2740 1254 2774 sensui
1271 2751 1335 2773 nou
1354 2740 1582 2783 refragantur,
1601 2750 1643 2772 ne

981 2797 1002 2820 a
1027 2787 1200 2822 veteribus
1239 2786 1374 2832 quidem
1413 2785 1641 2832 scriptoribus
