1764 3176
681 154 773 203 Pag.
804 155 884 196 283
901 176 945 181 —
960 156 1054 196 297.
1563 155 1616 195 25

396 265 449 310 14
478 279 500 304 a
532 266 555 304 f.
587 266 727 305 addas:
766 287 820 292 --
847 263 868 305 ο“
905 267 941 302 in
972 266 1080 304 litura
1110 267 1265 304 duarum
1295 267 1503 304 litterarum
1531 267 1617 308 Par.

421 325 464 361 A.
502 322 576 360 Dii.
616 323 667 359 ita
704 323 883 371 scriptum
922 322 1055 369 habet,
1089 327 1129 359 ut
1161 336 1182 359 a
1219 337 1267 360 m.
1305 337 1360 375 pr.
1398 321 1469 363 τόν
1503 324 1620 362 fuisse

419 380 537 416 videri
566 379 700 428 possit.
859 387 862 390 ’

395 439 420 476 9
440 449 460 472 3
478 436 504 471 f.
532 439 618 484 post
637 434 863 483 aclscriptmn
884 439 934 470 est
953 435 1092 471 addas:
1124 448 1171 472 m.
1194 449 1269 473 ree.
1293 447 1368 472 sec.
1387 435 1618 475 Diibnerum.

392 494 417 533 8
446 504 467 528 a
495 491 520 529 f.
553 491 680 527 deleas
710 490 826 526 verba
843 489 1056 541 Etymologi
1076 505 1113 541 p.
1136 492 1228 532 502.
1259 494 1472 530 testimonio.
1502 491 1620 530 Hem-

420 547 592 584 stethusii
624 547 719 583 enim
752 547 922 584 doctrina
950 547 1041 583 haec
1074 552 1149 585 est:
1188 547 1384 596 „alterum
1416 547 1620 600 (κέλευμα)

422 608 479 640 est
509 602 625 651 magis
652 603 824 646 Atticum,
855 607 1099 652 notatumque
1128 604 1174 640 31)
1208 604 1435 654 Etymologo
1464 618 1501 655 p.
1526 605 1619 646 502.

418 660 568 695 adiecto
599 658 807 708 Sophronis
841 659 946 708 loco,
988 659 1030 698 οἵ
1059 674 1100 712 γε
1140 657 1219 711 μήν
1255 657 1390 711 κόχλοι
1415 657 1548 713 ὥσπερ
1581 660 1620 708 ἐξ

421 711 513 761 ἕνος
564 711 814 765 κελεύματος.
833 714 860 737 ‘⁶
940 715 1154 765 Etymologi
1201 721 1324 753 autem
1375 721 1464 754 nota
1511 717 1619 754 haec:

422 798 446 819 ,,
439 769 650 822 ,Κέλευμα·
687 770 728 810 ἐκ
766 785 836 810 του
873 768 1032 811 κελεύω
1082 769 1292 823 Σώφρων,
1323 772 1376 812 Οἵ
1403 787 1444 826 γε
1473 771 1553 824 μήν
1583 788 1619 812 κ.

425 823 457 866 ὦ
486 827 514 866 ἐ.
547 826 576 866 ἕ.
605 843 640 866 κ.
653 829 681 848 ‘⁶
741 827 917 865 Errorem
963 829 1123 866 correxit
1162 827 1376 866 Lobeckius
1416 830 1464 866 ad
1502 829 1620 880 Soph.

422 884 478 921 Ai.
579 884 672 923 323.

120 935 210 985 bag.
223 938 318 986 290,
331 950 366 986 a,
399 941 421 980 2
452 898 630 977 3(1Ράρ(ἰιΐ
661 940 799 977 addas:
839 940 873 976 in
908 953 982 989 quo
1022 943 1145 977 tamen
1175 939 1378 978 Dubnerus
1407 954 1430 980 6
1460 954 1481 978 3
1510 953 1620 978 manu

364 997 619 1033 recentissima
648 1010 731 1033 esse
756 1000 927 1033 testatur.

338 1050 374 1098 b,
395 1052 489 1089 inter
510 1066 542 1092 v,
569 1054 621 1092 18
643 1058 680 1089 et
697 1053 748 1092 19
768 1053 930 1089 inseras:
959 1051 1192 1103 περαιτέρω)
1220 1068 1354 1104 -ρωι
1370 1052 1455 1091 Par.
1484 1051 1528 1089 A.
1546 1051 1621 1091 Dii.

395 1109 444 1147 11
478 1121 499 1144 3
521 1109 545 1148 f,
572 1109 670 1146 inter
694 1121 772 1154 eos,
806 1109 866 1157 qui
889 1108 968 1147 αἰεὶ
990 1109 1176 1155 exhibent,
1207 1110 1316 1146 etiam
1343 1109 1428 1146 Par.
1448 1110 1492 1147 A.
1513 1107 1621 1146 Diib-

423 1176 534 1202 uerus
566 1165 806 1201 referendum
833 1178 916 1202 esse
945 1166 1083 1203 docuit.

119 1216 365 1267 Pag.291‚b‚
394 1220 490 1257 inter
530 1234 563 1256 v.
599 1223 646 1260 12
676 1225 713 1258 et
744 1222 795 1260 13
826 1222 988 1258 inseras:
1024 1222 1216 1273 ἰλίγγους)
1245 1234 1326 1258 eum
1357 1220 1392 1260 εἰ
1419 1233 1533 1271 super
1563 1220 1622 1260 ἰ3

365 1289 413 1316 m,
443 1278 702 1314 recentissuna
732 1277 805 1313 Par
850 1279 893 1313 A.
914 1277 999 1317 Dii.

118 1328 354 1381 Pag.292‚a‚
386 1334 411 1372 8
446 1334 493 1370 ad
530 1332 621 1373 Par,
658 1334 702 1370 A.
749 1334 891 1371 addas:
937 1334 991 1381 (in
1034 1334 1104 1370 hoc
1140 1336 1239 1370 teste
1281 1332 1462 1370 Diibnero
1512 1328 1621 1380 εἰκός

389 1403 405 1427 ε
435 1388 484 1438 ἔφ
516 1393 528 1434 )

335 1404 385 1490 b,y
403 1447 456 1486 20
485 1405 574 1495 gost
604 1440 668 1483 αὖ.
699 1446 865 1482 inseras:
900 1445 983 1481 Par.
1016 1448 1062 1482 A.
1090 1445 1163 1483 Dii.

393 1500 495 1538 Inter
527 1515 559 1537 v.
580 1503 604 1541 6
625 1506 661 1537 et
689 1501 712 1540 5
740 1514 762 1537 3
786 1501 808 1536 f.
841 1502 1005 1538 inseras:
1038 1498 1151 1552 εἴσω)
1182 1500 1224 1537 Id
1251 1500 1320 1538 hac
1347 1499 1622 1548 significatione

422 1557 495 1594 dici
534 1562 635 1594 vetat
666 1557 897 1605 Phrynichus
926 1556 1096 1597 Lobeck.
1134 1571 1172 1607 p.
1206 1558 1306 1604 127,
1348 1569 1421 1593 non
1450 1562 1625 1594 recusant

423 1612 610 1658 Thomas,
649 1614 695 1649 de
735 1627 807 1662 quo
840 1613 885 1650 ef.
915 1612 1152 1662 Lobechius,
1189 1613 1348 1651 Antiatt.
1379 1626 1417 1662 p.
1445 1613 1523 1660 91,
1554 1613 1625 1661 31,

426 1669 519 1707 Lex.
546 1669 641 1706 rhet.
672 1683 707 1718 p.
742 1669 837 1716 258,
871 1670 935 1708 17.

395 1726 420 1764 3
449 1739 471 1762 3
502 1726 526 1764 f.
560 1726 696 1762 addas:
741 1730 775 1761 et
815 1739 836 1762 a
870 1738 916 1761 m.
955 1739 1028 1763 sec.
1068 1725 1154 1762 Par.
1186 1725 1231 1763 A.
1264 1723 1341 1763 Dii.
1373 1737 1482 1763 eraso
1513 1726 1574 1775 qui
1604 1737 1625 1762 3

423 1794 470 1819 m.
499 1794 557 1832 pr.
592 1781 710 1818 suerat
736 1795 848 1831 super
880 1798 904 1819 α
935 1786 1101 1819 accentu.

121 1836 211 1886 Pag.
225 1837 318 1881 293,
333 1837 367 1881 b,
398 1837 462 1875 ult.
502 1838 639 1875 addas.
681 1838 809 1874 Potuit
839 1851 927 1875 vero
976 1839 1131 1888 Δῆλοι,
1169 1831 1222 1888 ἦν
1262 1832 1305 1876 δ’
1343 1834 1447 1888 ἔγω,
1488 1835 1555 1875 καὶ
1587 1835 1627 1876 οἱ

368 1895 505 1940 παῖδες
541 1890 684 1940 αὐτοῦ,
733 1891 792 1933 ὅτι
832 1896 1010 1940 τοιοῦτος
1048 1896 1113 1945 ἥν.
1153 1894 1467 1942 quemadmodum
1497 1893 1627 1930 docuit

370 1950 560 2001 Sauppius
596 1951 665 2001 Ep.
693 1951 776 1988 crit.
807 1965 843 2001 p.
872 1952 938 1990 88.

121 2005 366 2056 Pag.294,a,
395 2008 446 2047 15
477 2019 499 2043 3
527 2006 551 2043 f.
583 2008 629 2044 ad
663 2001 760 2056 αἷμα
790 2008 929 2043 addas:
961 2006 1046 2043 Par.
1076 2008 1120 2045 A.
1152 2005 1226 2042 Dii.

338 2063 377 2110 b,
407 2065 503 2100 inter
547 2076 578 2099 v.
617 2065 667 2103 17
705 2068 743 2099 et
783 2064 832 2102 16
874 2076 895 2099 3
933 2063 958 2099 f.
1000 2063 1163 2101 inseras:
1209 2060 1483 2114 παραχρῆμα)
1520 2059 1631 2113 παροῖ

367 2121 499 2170 χρῆμα
529 2119 613 2155 Par.
641 2121 684 2156 A.
716 2118 789 2156 Dii.
822 2120 880 2156 Ad
922 2131 999 2155 rem
1027 2119 1074 2155 ef.
1106 2118 1359 2168 Hidpocrates
1391 2120 1444 2158 H.
1476 2118 1630 2169 διαίτης

366 2171 418 2223 ὀξ,
452 2176 600 2226 p.372,
628 2176 695 2215 37.
728 2175 815 2213 Bas.
844 2176 903 2212 ubi
936 2177 982 2212 de
1013 2176 1221 2212 tomeritate
1250 2174 1512 2212 nonnullorum
1542 2188 1630 2212 aeu-

370 2233 418 2268 tis
466 2232 607 2269 morbis
658 2237 915 2281 correptorum
965 2230 1006 2269 οἵ
1042 2229 1106 2276 δὲ,
1149 2231 1297 2280 inquit,
1343 2229 1411 2270 καὶ
1447 2233 1630 2270 κυκεῶνα

373 2285 580 2338 ἒῤῥόφεον.

125 2343 377 2393 pag-295‚b,
411 2346 462 2384 18
489 2357 508 2382 a
538 2345 564 2385 f.
593 2344 733 2381 addas:
777 2344 837 2393 qui
870 2344 1000 2380 iterum
1032 2343 1156 2391 tetigit
1189 2341 1336 2380 Pathol.
1367 2357 1404 2394 p.
1435 2344 1539 2389 280,
1569 2344 1631 2393 qui

371 2401 476 2438 locus
507 2400 757 2438 conserendus
791 2405 848 2436 est
880 2413 961 2436 eum
993 2399 1158 2435 eiusdem
1191 2398 1273 2435 libri
1303 2413 1341 2450 p.
1370 2400 1462 2439 163.

125 2456 375 2504 Pag.296‚a‚
401 2458 499 2494 inter
533 2470 568 2492 v.
599 2458 644 2495 11
679 2461 715 2493 et
744 2457 796 2495 10
834 2469 854 2492 a
894 2457 918 2491 f.
959 2457 1120 2492 inseras:
1160 2451 1368 2507 ὥσαύτως)
1409 2455 1465 2503 ὥς
1501 2452 1632 2503 αὕτως

372 2512 459 2550 Par.
491 2514 537 2550 A.
568 2511 641 2548 Dii.

346 2569 384 2616 b,
415 2571 440 2608 6
461 2582 482 2606 3
506 2569 528 2609 f,
552 2572 639 2619 post
660 2563 686 2618 ἢ
709 2568 866 2605 inseras:
898 2567 982 2606 Par.
1002 2567 1047 2602 A.
1070 2567 1146 2606 Dii.
1169 2581 1190 2604 a
1212 2580 1258 2605 m.
1281 2581 1357 2608 sec.
1382 2563 1425 2618 (ἦ
1444 2580 1466 2604 3
1484 2581 1532 2604 m.
1552 2568 1631 2617 pr.)

126 2624 217 2674 Pag.
232 2626 327 2673 297,
342 2637 375 2673 a,
410 2623 459 2664 14
486 2629 572 2675 post
603 2620 630 2673 ἢ
662 2619 734 2663 ov’n
765 2626 929 2661 inseras:
962 2622 1047 2662 Par,
1072 2625 1115 2662 A.
1148 2623 1222 2661 Dii.

401 2686 491 2731 post
519 2694 552 2721 v,
585 2682 636 2721 21
667 2681 827 2717 inseras:
863 2677 1040 2732 ἐγχωρεῖ)
1072 2681 1227 2721 Antiatt,
1267 2695 1304 2731 p.
1333 2680 1401 2729 95,
1428 2680 1473 2720 2:
1516 2677 1633 2730 ἐγχω-

431 2740 509 2787 ρεῖ·
542 2735 748 2786 ἐνδέχεται.

346 2793 382 2840 b,
412 2795 438 2833 6
473 2796 562 2842 post
601 2793 752 2843 κρίνειν
784 2793 947 2828 inseras:
987 2791 1060 2829 Par
1090 2793 1133 2829 A.
1166 2791 1239 2830 Dii.
1272 2792 1360 2829 item
1391 2804 1427 2842 p.
1460 2792 1563 2839 298,
1595 2803 1631 2838 a,

370 2849 510 2899 penult.
541 2853 627 2899 post
652 2845 715 2889 αὖ.
