<?xml version="1.0" encoding="UTF-8"?>
<!DOCTYPE html PUBLIC "-//W3C//DTD XHTML 1.0 Transitional//EN"
    "http://www.w3.org/TR/xhtml1/DTD/xhtml1-transitional.dtd">
<html xmlns="http://www.w3.org/1999/xhtml" xml:lang="en" lang="en">
 <head>
  <title>
</title>
<meta http-equiv="Content-Type" content="text/html;charset=utf-8" />
  <meta name='ocr-system' content='tesseract 3.04.00' />
  <meta name='ocr-capabilities' content='ocr_page ocr_carea ocr_par ocr_line ocrx_word'/>
</head>
<body>
  <div class='ocr_page' id='page_1' title='image "./operagraecerecen01platuoft_0397.png"; bbox 0 0 1764 3176; ppageno 0'>
   <div class='ocr_carea' id='block_1_1' title="bbox 519 150 1553 212">
    <p class='ocr_par' dir='ltr' id='par_1_1' title="bbox 519 150 1553 212">
     <span class='ocr_line' id='line_1_1' title="bbox 519 150 1553 212; baseline 0.003 -3"><span class='ocrx_word' id='word_1_1' title='bbox 519 150 852 209; x_wconf 76' lang='lat' dir='ltr'>CIVITAS</span> <span class='ocrx_word' id='word_1_2' title='bbox 899 167 1023 210; x_wconf 88' lang='lat' dir='ltr'><strong>LIB.</strong></span> <span class='ocrx_word' id='word_1_3' title='bbox 1055 168 1112 209; x_wconf 84' lang='lat' dir='ltr'><strong>x.</strong></span> <span class='ocrx_word' id='word_1_4' title='bbox 1143 174 1210 207; x_wconf 84' lang='lat'><em>607</em></span> <span class='ocrx_word' id='word_1_5' title='bbox 1471 172 1553 212; x_wconf 81' lang='lat'><em>241</em></span> 
     </span>
    </p>
   </div>
   <div class='ocr_carea' id='block_1_2' title="bbox 169 275 1556 336">
    <p class='ocr_par' dir='ltr' id='par_1_2' title="bbox 169 275 1556 336">
     <span class='ocr_line' id='line_1_2' title="bbox 169 275 1556 336; baseline 0.003 -17"><span class='ocrx_word' id='word_1_6' title='bbox 169 277 243 320; x_wconf 86' lang='grc' dir='ltr'><em>καὶ</em></span> <span class='ocrx_word' id='word_1_7' title='bbox 280 275 656 332; x_wconf 79' lang='grc' dir='ltr'><em>εὐδαιμονέστεροι</em></span> <span class='ocrx_word' id='word_1_8' title='bbox 696 276 793 322; x_wconf 82' lang='grc' dir='ltr'><em>ἀντὶ</em></span> <span class='ocrx_word' id='word_1_9' title='bbox 832 278 1044 335; x_wconf 79' lang='grc' dir='ltr'><em>χειρόνων</em></span> <span class='ocrx_word' id='word_1_10' title='bbox 1074 279 1148 322; x_wconf 82' lang='grc' dir='ltr'><em>καὶ</em></span> <span class='ocrx_word' id='word_1_11' title='bbox 1179 277 1463 332; x_wconf 77' lang='grc' dir='ltr'><em>ἀθλιωτέρων</em></span> <span class='ocrx_word' id='word_1_12' title='bbox 1493 296 1556 336; x_wconf 80' lang='grc' dir='ltr'><em>γι-</em></span> 
     </span>
    </p>
   </div>
   <div class='ocr_carea' id='block_1_3' title="bbox 167 343 386 401">
    <p class='ocr_par' dir='ltr' id='par_1_3' title="bbox 167 343 386 401">
     <span class='ocr_line' id='line_1_3' title="bbox 167 343 386 401; baseline 0 -13"><span class='ocrx_word' id='word_1_13' title='bbox 167 343 386 401; x_wconf 78' lang='grc' dir='ltr'><em>γνῶμεθα.</em></span> 
     </span>
    </p>
   </div>
   <div class='ocr_carea' id='block_1_4' title="bbox 451 341 1283 403">
    <p class='ocr_par' dir='ltr' id='par_1_4' title="bbox 451 341 1283 403">
     <span class='ocr_line' id='line_1_4' title="bbox 451 341 1283 403; baseline 0.001 -14"><span class='ocrx_word' id='word_1_14' title='bbox 451 345 544 390; x_wconf 85' lang='grc' dir='ltr'><em>Οὐκ</em></span> <span class='ocrx_word' id='word_1_15' title='bbox 582 346 660 402; x_wconf 77' lang='grc' dir='ltr'><em>ἔχω</em></span> <span class='ocrx_word' id='word_1_16' title='bbox 682 344 839 398; x_wconf 72' lang='grc' dir='ltr'><em>ἄλλως</em></span> <span class='ocrx_word' id='word_1_17' title='bbox 877 347 1043 402; x_wconf 86' lang='grc' dir='ltr'><em>φάναι,</em></span> <span class='ocrx_word' id='word_1_18' title='bbox 1083 341 1110 403; x_wconf 81' lang='grc' dir='ltr'><strong><em>ἦ</em></strong></span> <span class='ocrx_word' id='word_1_19' title='bbox 1149 345 1192 390; x_wconf 86' lang='grc' dir='ltr'><em>δ’</em></span> <span class='ocrx_word' id='word_1_20' title='bbox 1225 346 1283 399; x_wconf 81' lang='grc' dir='ltr'><em>ὅς.</em></span> 
     </span>
    </p>
   </div>
   <div class='ocr_carea' id='block_1_5' title="bbox 1357 345 1550 401">
    <p class='ocr_par' dir='ltr' id='par_1_5' title="bbox 1357 345 1550 401">
     <span class='ocr_line' id='line_1_5' title="bbox 1357 345 1550 401; baseline -0.01 -10"><span class='ocrx_word' id='word_1_21' title='bbox 1357 345 1550 401; x_wconf 82' lang='grc' dir='ltr'><em>Οὐκοῦν,</em></span> 
     </span>
    </p>
   </div>
   <div class='ocr_carea' id='block_1_6' title="bbox 160 407 1613 744">
    <p class='ocr_par' dir='ltr' id='par_1_6' title="bbox 160 407 1613 744">
     <span class='ocr_line' id='line_1_6' title="bbox 167 407 1613 475; baseline 0.003 -20"><span class='ocrx_word' id='word_1_22' title='bbox 167 410 314 465; x_wconf 81' lang='grc' dir='ltr'><em>εἶπον,</em></span> <span class='ocrx_word' id='word_1_23' title='bbox 356 407 394 456; x_wconf 71' lang='grc' dir='ltr'><em>ὦ</em></span> <span class='ocrx_word' id='word_1_24' title='bbox 431 413 668 475; x_wconf 71' lang='grc' dir='ltr'><em>Γλαύκων,</em></span> <span class='ocrx_word' id='word_1_25' title='bbox 711 414 818 458; x_wconf 84' lang='grc' dir='ltr'><em>ὅταν</em></span> <span class='ocrx_word' id='word_1_26' title='bbox 854 413 1050 472; x_wconf 87' lang='grc' dir='ltr'><em>Ὁμήρου</em></span> <span class='ocrx_word' id='word_1_27' title='bbox 1088 415 1331 466; x_wconf 78' lang='grc' dir='ltr'><em>ἐπαινέταις</em></span> <span class='ocrx_word' id='word_1_28' title='bbox 1369 413 1550 472; x_wconf 81' lang='grc' dir='ltr'><em>ἐντύχῃς</em></span> <span class='ocrx_word' id='word_1_29' title='bbox 1579 424 1613 464; x_wconf 88' lang='grc' dir='ltr'>Ε</span> 
     </span>
     <span class='ocr_line' id='line_1_7' title="bbox 165 478 1553 539; baseline 0.003 -17"><span class='ocrx_word' id='word_1_30' title='bbox 165 480 393 536; x_wconf 82' lang='grc' dir='ltr'><em>λέγουσιν,</em></span> <span class='ocrx_word' id='word_1_31' title='bbox 426 480 485 534; x_wconf 77' lang='grc' dir='ltr'><em>ὥς</em></span> <span class='ocrx_word' id='word_1_32' title='bbox 512 483 592 539; x_wconf 79' lang='grc' dir='ltr'><em>τὴν</em></span> <span class='ocrx_word' id='word_1_33' title='bbox 617 481 803 526; x_wconf 88' lang='grc' dir='ltr'><em>Ἑλλάδα</em></span> <span class='ocrx_word' id='word_1_34' title='bbox 833 485 1124 526; x_wconf 82' lang='grc' dir='ltr'><em>πεπαίδευκεν</em></span> <span class='ocrx_word' id='word_1_35' title='bbox 1155 478 1287 534; x_wconf 78' lang='grc' dir='ltr'><em>οὗτος</em></span> <span class='ocrx_word' id='word_1_36' title='bbox 1319 481 1342 526; x_wconf 88' lang='grc' dir='ltr'>ὁ</span> <span class='ocrx_word' id='word_1_37' title='bbox 1371 484 1553 539; x_wconf 76' lang='grc' dir='ltr'><em>ποιητής</em></span> 
     </span>
     <span class='ocr_line' id='line_1_8' title="bbox 162 549 1551 607; baseline 0.002 -16"><span class='ocrx_word' id='word_1_38' title='bbox 162 549 238 592; x_wconf 81' lang='grc' dir='ltr'><em>καὶ</em></span> <span class='ocrx_word' id='word_1_39' title='bbox 267 549 386 603; x_wconf 86' lang='grc' dir='ltr'><em>πρὸς</em></span> <span class='ocrx_word' id='word_1_40' title='bbox 426 552 643 607; x_wconf 85' lang='grc' dir='ltr'><em>διοίκησίν</em></span> <span class='ocrx_word' id='word_1_41' title='bbox 682 567 726 594; x_wconf 87' lang='grc' dir='ltr'><em>τε</em></span> <span class='ocrx_word' id='word_1_42' title='bbox 769 550 843 594; x_wconf 80' lang='grc' dir='ltr'><em>καὶ</em></span> <span class='ocrx_word' id='word_1_43' title='bbox 885 552 1090 594; x_wconf 84' lang='grc' dir='ltr'><em>παιδείαν</em></span> <span class='ocrx_word' id='word_1_44' title='bbox 1128 567 1218 594; x_wconf 89' lang='grc' dir='ltr'><em>των</em></span> <span class='ocrx_word' id='word_1_45' title='bbox 1254 549 1551 606; x_wconf 72' lang='grc' dir='ltr'><em>ἀνθρωπίνων</em></span> 
     </span>
     <span class='ocr_line' id='line_1_9' title="bbox 160 615 1548 676; baseline 0.001 -15"><span class='ocrx_word' id='word_1_46' title='bbox 160 616 430 672; x_wconf 77' lang='grc' dir='ltr'><em>πραγμάτων</em></span> <span class='ocrx_word' id='word_1_47' title='bbox 468 617 588 671; x_wconf 77' lang='grc' dir='ltr'><em>ἄξιος</em></span> <span class='ocrx_word' id='word_1_48' title='bbox 636 615 906 676; x_wconf 83' lang='grc' dir='ltr'><em>ἀναλαβόντι</em></span> <span class='ocrx_word' id='word_1_49' title='bbox 945 618 1191 673; x_wconf 81' lang='grc' dir='ltr'><em>μανθάνειν</em></span> <span class='ocrx_word' id='word_1_50' title='bbox 1229 635 1273 663; x_wconf 86' lang='grc' dir='ltr'><em>τε</em></span> <span class='ocrx_word' id='word_1_51' title='bbox 1321 620 1392 663; x_wconf 82' lang='grc' dir='ltr'><em>καὶ</em></span> <span class='ocrx_word' id='word_1_52' title='bbox 1440 619 1548 663; x_wconf 73' lang='grc' dir='ltr'><em>κατὰ</em></span> 
     </span>
     <span class='ocr_line' id='line_1_10' title="bbox 160 684 1549 744; baseline 0.001 -15"><span class='ocrx_word' id='word_1_53' title='bbox 160 689 323 729; x_wconf 85' lang='grc' dir='ltr'><em>τοῦτον</em></span> <span class='ocrx_word' id='word_1_54' title='bbox 363 684 442 730; x_wconf 83' lang='grc' dir='ltr'><em>τὸν</em></span> <span class='ocrx_word' id='word_1_55' title='bbox 474 684 661 744; x_wconf 82' lang='grc' dir='ltr'><em>ποιητὴν</em></span> <span class='ocrx_word' id='word_1_56' title='bbox 689 685 832 730; x_wconf 83' lang='grc' dir='ltr'><em>πάντα</em></span> <span class='ocrx_word' id='word_1_57' title='bbox 868 686 947 730; x_wconf 89' lang='grc' dir='ltr'><em>τὸν</em></span> <span class='ocrx_word' id='word_1_58' title='bbox 978 685 1119 730; x_wconf 83' lang='grc' dir='ltr'><em>αὑτοῦ</em></span> <span class='ocrx_word' id='word_1_59' title='bbox 1149 688 1250 743; x_wconf 88' lang='grc' dir='ltr'><em>βίον</em></span> <span class='ocrx_word' id='word_1_60' title='bbox 1279 701 1549 732; x_wconf 82' lang='grc' dir='ltr'><em>κατασκευα-</em></span> 
     </span>
    </p>
   </div>
   <div class='ocr_carea' id='block_1_7' title="bbox 161 752 1638 813">
    <p class='ocr_par' dir='ltr' id='par_1_7' title="bbox 161 752 1638 813">
     <span class='ocr_line' id='line_1_11' title="bbox 161 752 1638 813; baseline 0.001 -16"><span class='ocrx_word' id='word_1_61' title='bbox 161 752 353 809; x_wconf 86' lang='grc' dir='ltr'><em>σάμενον</em></span> <span class='ocrx_word' id='word_1_62' title='bbox 383 758 486 813; x_wconf 83' lang='grc' dir='ltr'><em>ζῇν,</em></span> <span class='ocrx_word' id='word_1_63' title='bbox 527 759 670 810; x_wconf 80' lang='grc' dir='ltr'><em>φιλεῖν</em></span> <span class='ocrx_word' id='word_1_64' title='bbox 700 755 780 811; x_wconf 74' lang='grc' dir='ltr'><em>μὲν</em></span> <span class='ocrx_word' id='word_1_65' title='bbox 808 755 890 812; x_wconf 79' lang='grc' dir='ltr'><em>χρή</em></span> <span class='ocrx_word' id='word_1_66' title='bbox 921 756 996 799; x_wconf 82' lang='grc' dir='ltr'><em>καὶ</em></span> <span class='ocrx_word' id='word_1_67' title='bbox 1025 754 1297 809; x_wconf 83' lang='grc' dir='ltr'><em>ἀσπάζεσθαι</em></span> <span class='ocrx_word' id='word_1_68' title='bbox 1329 754 1388 805; x_wconf 82' lang='grc' dir='ltr'><em>ὠς</em></span> <span class='ocrx_word' id='word_1_69' title='bbox 1418 755 1546 807; x_wconf 77' lang='grc' dir='ltr'><em>ὄντας</em></span> <span class='ocrx_word' id='word_1_70' title='bbox 1570 770 1638 804; x_wconf 89' lang='lat'><em>607</em></span> 
     </span>
    </p>
   </div>
   <div class='ocr_carea' id='block_1_8' title="bbox 158 821 1548 948">
    <p class='ocr_par' dir='ltr' id='par_1_8' title="bbox 158 821 1548 948">
     <span class='ocr_line' id='line_1_12' title="bbox 160 821 1548 880; baseline 0.001 -15"><span class='ocrx_word' id='word_1_71' title='bbox 160 823 410 878; x_wconf 79' lang='grc' dir='ltr'><em>βελτίστους</em></span> <span class='ocrx_word' id='word_1_72' title='bbox 449 824 509 874; x_wconf 84' lang='grc' dir='ltr'><em>εἰς</em></span> <span class='ocrx_word' id='word_1_73' title='bbox 548 821 657 866; x_wconf 81' lang='grc' dir='ltr'><em>ὅσον</em></span> <span class='ocrx_word' id='word_1_74' title='bbox 695 822 934 874; x_wconf 85' lang='grc' dir='ltr'><em>δύνανται,</em></span> <span class='ocrx_word' id='word_1_75' title='bbox 977 824 1051 867; x_wconf 85' lang='grc' dir='ltr'><em>καὶ</em></span> <span class='ocrx_word' id='word_1_76' title='bbox 1089 825 1326 880; x_wconf 83' lang='grc' dir='ltr'><em>ξυγχωρεῖν</em></span> <span class='ocrx_word' id='word_1_77' title='bbox 1345 822 1548 880; x_wconf 59' lang='grc' dir='ltr'><em>”Ὀμηρον</em></span> 
     </span>
     <span class='ocr_line' id='line_1_13' title="bbox 158 888 1546 948; baseline 0.001 -14"><span class='ocrx_word' id='word_1_78' title='bbox 158 889 505 948; x_wconf 80' lang='grc' dir='ltr'><em>ποιητικώτατον</em></span> <span class='ocrx_word' id='word_1_79' title='bbox 540 888 654 935; x_wconf 81' lang='grc' dir='ltr'><em>εἶναι</em></span> <span class='ocrx_word' id='word_1_80' title='bbox 690 891 765 935; x_wconf 86' lang='grc' dir='ltr'><em>καὶ</em></span> <span class='ocrx_word' id='word_1_81' title='bbox 807 895 985 947; x_wconf 78' lang='grc' dir='ltr'><em>πρῶτον</em></span> <span class='ocrx_word' id='word_1_82' title='bbox 1034 894 1124 935; x_wconf 75' lang='grc' dir='ltr'><em>τῶν</em></span> <span class='ocrx_word' id='word_1_83' title='bbox 1162 893 1546 948; x_wconf 76' lang='grc' dir='ltr'><em>τραγῳδιοποιῶν,</em></span> 
     </span>
    </p>
   </div>
   <div class='ocr_carea' id='block_1_9' title="bbox 140 1037 820 2639">
    <p class='ocr_par' dir='ltr' id='par_1_9' title="bbox 154 1037 820 1317">
     <span class='ocr_line' id='line_1_14' title="bbox 158 1037 819 1097; baseline 0.002 -23"><span class='ocrx_word' id='word_1_84' title='bbox 158 1041 414 1075; x_wconf 79' lang='lat' dir='ltr'>Stallbaumio‘</span> <span class='ocrx_word' id='word_1_85' title='bbox 404 1041 468 1097; x_wconf 77' lang='lat' dir='ltr'>ipsi</span> <span class='ocrx_word' id='word_1_86' title='bbox 498 1053 516 1074; x_wconf 90' lang='lat' dir='ltr'>e</span> <span class='ocrx_word' id='word_1_87' title='bbox 540 1040 772 1086; x_wconf 83' lang='lat' dir='ltr'>superioribus</span> <span class='ocrx_word' id='word_1_88' title='bbox 799 1037 819 1075; x_wconf 83' lang='grc' dir='ltr'>ὁ</span> 
     </span>
     <span class='ocr_line' id='line_1_15' title="bbox 158 1084 820 1134; baseline 0.002 -14"><span class='ocrx_word' id='word_1_89' title='bbox 158 1084 276 1127; x_wconf 73' lang='grc' dir='ltr'><em>αὐτὸς</em></span> <span class='ocrx_word' id='word_1_90' title='bbox 299 1085 408 1132; x_wconf 79' lang='grc' dir='ltr'><em>λόγος</em></span> <span class='ocrx_word' id='word_1_91' title='bbox 439 1084 535 1121; x_wconf 79' lang='grc' dir='ltr'><em>ἐστὶν</em></span> <span class='ocrx_word' id='word_1_92' title='bbox 568 1087 820 1134; x_wconf 79' lang='lat' dir='ltr'>intelligendum</span> 
     </span>
     <span class='ocr_line' id='line_1_16' title="bbox 155 1131 820 1188; baseline -0.002 -21"><span class='ocrx_word' id='word_1_93' title='bbox 155 1133 348 1167; x_wconf 80' lang='lat' dir='ltr'>videbatur.</span> <span class='ocrx_word' id='word_1_94' title='bbox 396 1134 490 1167; x_wconf 90' lang='lat' dir='ltr'>Idem</span> <span class='ocrx_word' id='word_1_95' title='bbox 514 1133 594 1167; x_wconf 83' lang='lat' dir='ltr'>mihi</span> <span class='ocrx_word' id='word_1_96' title='bbox 619 1131 765 1188; x_wconf 82' lang='lat' dir='ltr'>videtur,</span> <span class='ocrx_word' id='word_1_97' title='bbox 791 1133 820 1166; x_wconf 90' lang='lat' dir='ltr'>si</span> 
     </span>
     <span class='ocr_line' id='line_1_17' title="bbox 154 1175 819 1225; baseline 0 -13"><span class='ocrx_word' id='word_1_98' title='bbox 154 1179 190 1212; x_wconf 87' lang='lat' dir='ltr'><em>in</em></span> <span class='ocrx_word' id='word_1_99' title='bbox 213 1179 445 1223; x_wconf 88' lang='lat' dir='ltr'>superioribus</span> <span class='ocrx_word' id='word_1_100' title='bbox 477 1191 613 1225; x_wconf 85' lang='lat' dir='ltr'>quoque</span> <span class='ocrx_word' id='word_1_101' title='bbox 642 1175 701 1213; x_wconf 77' lang='grc' dir='ltr'><em>ὅτι</em></span> <span class='ocrx_word' id='word_1_102' title='bbox 725 1180 819 1224; x_wconf 89' lang='lat' dir='ltr'>posi-</span> 
     </span>
     <span class='ocr_line' id='line_1_18' title="bbox 155 1225 817 1269; baseline 0.002 -11"><span class='ocrx_word' id='word_1_103' title='bbox 155 1227 225 1258; x_wconf 84' lang='lat' dir='ltr'>tum</span> <span class='ocrx_word' id='word_1_104' title='bbox 250 1225 334 1259; x_wconf 80' lang='lat' dir='ltr'>fuit.</span> <span class='ocrx_word' id='word_1_105' title='bbox 359 1226 388 1259; x_wconf 84' lang='lat' dir='ltr'>si</span> <span class='ocrx_word' id='word_1_106' title='bbox 406 1225 527 1269; x_wconf 87' lang='lat' dir='ltr'>minus,</span> <span class='ocrx_word' id='word_1_107' title='bbox 548 1226 606 1259; x_wconf 81' lang='lat' dir='ltr'>vix</span> <span class='ocrx_word' id='word_1_108' title='bbox 623 1226 760 1259; x_wconf 83' lang='lat' dir='ltr'>videtur</span> <span class='ocrx_word' id='word_1_109' title='bbox 778 1226 817 1259; x_wconf 81' lang='lat' dir='ltr'><em>il-</em></span> 
     </span>
     <span class='ocr_line' id='line_1_19' title="bbox 156 1271 656 1328; baseline 0.002 -24"><span class='ocrx_word' id='word_1_110' title='bbox 156 1271 211 1304; x_wconf 85' lang='lat' dir='ltr'><em>lud</em></span> <span class='ocrx_word' id='word_1_111' title='bbox 233 1271 376 1328; x_wconf 81' lang='lat' dir='ltr'>intelligi</span> <span class='ocrx_word' id='word_1_112' title='bbox 399 1283 511 1317; x_wconf 87' lang='lat' dir='ltr'>posse.</span> <span class='ocrx_word' id='word_1_113' title='bbox 650 1278 656 1284; x_wconf 76' lang='grc'>’</span> 
     </span>
    </p>

    <p class='ocr_par' dir='ltr' id='par_1_10' title="bbox 154 1314 816 1406">
     <span class='ocr_line' id='line_1_20' title="bbox 201 1314 816 1361; baseline 0 -11"><span class='ocrx_word' id='word_1_114' title='bbox 201 1315 372 1361; x_wconf 82' lang='grc' dir='ltr'><em>ποιητικὴ</em></span> <span class='ocrx_word' id='word_1_115' title='bbox 422 1316 593 1361; x_wconf 84' lang='grc' dir='ltr'><em>μίμησις]</em></span> <span class='ocrx_word' id='word_1_116' title='bbox 641 1314 816 1360; x_wconf 80' lang='grc' dir='ltr'><em>μιμητική</em></span> 
     </span>
     <span class='ocr_line' id='line_1_21' title="bbox 154 1362 471 1421; baseline 0.003 -25"><span class='ocrx_word' id='word_1_117' title='bbox 154 1362 301 1421; x_wconf 78' lang='grc' dir='ltr'><em>ποίησις</em></span> <span class='ocrx_word' id='word_1_118' title='bbox 327 1364 404 1396; x_wconf 76' lang='lat' dir='ltr'><strong>Vae.</strong></span> <span class='ocrx_word' id='word_1_119' title='bbox 423 1363 471 1397; x_wconf 86' lang='lat' dir='ltr'><em>M.</em></span> 
     </span>
    </p>

    <p class='ocr_par' dir='ltr' id='par_1_11' title="bbox 150 1406 816 1499">
     <span class='ocr_line' id='line_1_22' title="bbox 199 1406 816 1454; baseline 0 -12"><span class='ocrx_word' id='word_1_120' title='bbox 199 1406 407 1452; x_wconf 77' lang='grc' dir='ltr'><em>ἐργάζεται·</em></span> <span class='ocrx_word' id='word_1_121' title='bbox 417 1410 429 1453; x_wconf 95' lang='grc'><em>]</em></span> <span class='ocrx_word' id='word_1_122' title='bbox 472 1407 581 1453; x_wconf 86' lang='lat' dir='ltr'>Vulgo</span> <span class='ocrx_word' id='word_1_123' title='bbox 605 1409 740 1454; x_wconf 84' lang='lat' dir='ltr'>signum</span> <span class='ocrx_word' id='word_1_124' title='bbox 764 1409 816 1443; x_wconf 88' lang='lat' dir='ltr'><em>in-</em></span> 
     </span>
     <span class='ocr_line' id='line_1_23' title="bbox 150 1455 480 1511; baseline -0.003 -22"><span class='ocrx_word' id='word_1_125' title='bbox 150 1455 352 1511; x_wconf 83' lang='lat' dir='ltr'>terrogandi</span> <span class='ocrx_word' id='word_1_126' title='bbox 371 1456 480 1488; x_wconf 87' lang='lat' dir='ltr'>abest.</span> 
     </span>
    </p>

    <p class='ocr_par' dir='ltr' id='par_1_12' title="bbox 195 1497 814 1558">
     <span class='ocr_line' id='line_1_24' title="bbox 195 1497 814 1558; baseline -0.002 -24"><span class='ocrx_word' id='word_1_127' title='bbox 195 1497 307 1558; x_wconf 78' lang='grc' dir='ltr'><em>ἡμῖν]</em></span> <span class='ocrx_word' id='word_1_128' title='bbox 335 1497 373 1534; x_wconf 82' lang='grc' dir='ltr'><em>ἐν</em></span> <span class='ocrx_word' id='word_1_129' title='bbox 397 1497 434 1545; x_wconf 82' lang='grc' dir='ltr'><em>ἡ.</em></span> <span class='ocrx_word' id='word_1_130' title='bbox 459 1501 553 1534; x_wconf 87' lang='lat' dir='ltr'><strong>Mon.</strong></span> <span class='ocrx_word' id='word_1_131' title='bbox 579 1500 618 1534; x_wconf 89' lang='grc' dir='ltr'><em>Β.</em></span> <span class='ocrx_word' id='word_1_132' title='bbox 650 1501 742 1535; x_wconf 87' lang='lat' dir='ltr'><em>Flor.</em></span> <span class='ocrx_word' id='word_1_133' title='bbox 769 1500 814 1534; x_wconf 92' lang='lat' dir='ltr'><em>U.</em></span> 
     </span>
    </p>

    <p class='ocr_par' dir='ltr' id='par_1_13' title="bbox 196 1546 812 1600">
     <span class='ocr_line' id='line_1_25' title="bbox 196 1546 812 1600; baseline 0 -20"><span class='ocrx_word' id='word_1_134' title='bbox 196 1546 409 1600; x_wconf 79' lang='grc' dir='ltr'><em>καθίστησι]</em></span> <span class='ocrx_word' id='word_1_135' title='bbox 430 1546 650 1590; x_wconf 80' lang='grc' dir='ltr'><em>καθίστησιν</em></span> <span class='ocrx_word' id='word_1_136' title='bbox 664 1547 760 1580; x_wconf 89' lang='lat' dir='ltr'>Vind.</span> <span class='ocrx_word' id='word_1_137' title='bbox 775 1547 812 1580; x_wconf 92' lang='lat' dir='ltr'><strong>F.</strong></span> 
     </span>
    </p>

    <p class='ocr_par' dir='ltr' id='par_1_14' title="bbox 176 1573 767 1682">
     <span class='ocr_line' id='line_1_26' title="bbox 195 1573 767 1648; baseline -0.002 -22"><span class='ocrx_word' id='word_1_138' title='bbox 195 1591 421 1648; x_wconf 76' lang='grc' dir='ltr'><em>γιγνώμεθα]</em></span> <span class='ocrx_word' id='word_1_139' title='bbox 445 1573 651 1636; x_wconf 79' lang='grc' dir='ltr'><em>γιγνόμεθα</em></span> <span class='ocrx_word' id='word_1_140' title='bbox 669 1592 767 1626; x_wconf 85' lang='lat' dir='ltr'>idem.</span> 
     </span>
     <span class='ocr_line' id='line_1_27' title="bbox 176 1636 600 1695; baseline -0.005 -23"><span class='ocrx_word' id='word_1_141' title='bbox 176 1636 349 1682; x_wconf 58' lang='grc' dir='ltr'><em>Υφάναι]</em></span> <span class='ocrx_word' id='word_1_142' title='bbox 358 1639 478 1695; x_wconf 83' lang='grc' dir='ltr'><em>φᾶναι</em></span> <span class='ocrx_word' id='word_1_143' title='bbox 501 1639 600 1693; x_wconf 72' lang='lat' dir='ltr'>idem.</span> 
     </span>
    </p>

    <p class='ocr_par' dir='ltr' id='par_1_15' title="bbox 195 1680 811 1741">
     <span class='ocr_line' id='line_1_28' title="bbox 195 1680 811 1741; baseline -0.002 -23"><span class='ocrx_word' id='word_1_144' title='bbox 195 1682 420 1741; x_wconf 77' lang='grc' dir='ltr'><em>ἐπαινέταις]</em></span> <span class='ocrx_word' id='word_1_145' title='bbox 450 1680 647 1728; x_wconf 77' lang='grc' dir='ltr'><em>ἐπαινέτης</em></span> <span class='ocrx_word' id='word_1_146' title='bbox 668 1686 748 1721; x_wconf 82' lang='lat' dir='ltr'><strong>Vat.</strong></span> <span class='ocrx_word' id='word_1_147' title='bbox 767 1684 811 1718; x_wconf 90' lang='lat' dir='ltr'><em>H.</em></span> 
     </span>
    </p>

    <p class='ocr_par' dir='ltr' id='par_1_16' title="bbox 195 1727 583 1786">
     <span class='ocr_line' id='line_1_29' title="bbox 195 1727 583 1786; baseline -0.005 -22"><span class='ocrx_word' id='word_1_148' title='bbox 195 1727 361 1786; x_wconf 80' lang='grc' dir='ltr'><em>ἐντύχῃς]</em></span> <span class='ocrx_word' id='word_1_149' title='bbox 388 1728 427 1764; x_wconf 82' lang='grc' dir='ltr'><em>ἐν</em></span> <span class='ocrx_word' id='word_1_150' title='bbox 450 1743 482 1764; x_wconf 91' lang='grc' dir='ltr'><em>τ.</em></span> <span class='ocrx_word' id='word_1_151' title='bbox 507 1730 583 1763; x_wconf 86' lang='lat' dir='ltr'><strong>Ald.</strong></span> 
     </span>
    </p>

    <p class='ocr_par' dir='ltr' id='par_1_17' title="bbox 142 1775 811 2317">
     <span class='ocr_line' id='line_1_30' title="bbox 194 1775 811 1821; baseline -0.002 -11"><span class='ocrx_word' id='word_1_152' title='bbox 194 1775 290 1821; x_wconf 83' lang='grc' dir='ltr'><em>πρὸς</em></span> <span class='ocrx_word' id='word_1_153' title='bbox 324 1776 528 1820; x_wconf 84' lang='grc' dir='ltr'><em>διοίκησίν]</em></span> <span class='ocrx_word' id='word_1_154' title='bbox 554 1775 811 1820; x_wconf 82' lang='grc' dir='ltr'><em>προδιοίκησίν</em></span> 
     </span>
     <span class='ocr_line' id='line_1_31' title="bbox 148 1822 313 1859; baseline -0.026 0"><span class='ocrx_word' id='word_1_155' title='bbox 148 1822 251 1859; x_wconf 85' lang='lat' dir='ltr'>Vind.</span> <span class='ocrx_word' id='word_1_156' title='bbox 270 1823 313 1855; x_wconf 89' lang='lat' dir='ltr'><em>F.</em></span> 
     </span>
     <span class='ocr_line' id='line_1_32' title="bbox 155 1867 808 1912; baseline -0.003 -10"><span class='ocrx_word' id='word_1_157' title='bbox 155 1888 159 1892; x_wconf 88' lang='lat'><em>-</em></span> <span class='ocrx_word' id='word_1_158' title='bbox 191 1867 392 1912; x_wconf 84' lang='grc' dir='ltr'><em>παιδείαν]</em></span> <span class='ocrx_word' id='word_1_159' title='bbox 430 1867 587 1901; x_wconf 86' lang='grc' dir='ltr'><em>παιδίαν</em></span> <span class='ocrx_word' id='word_1_160' title='bbox 630 1867 724 1901; x_wconf 90' lang='lat' dir='ltr'><strong>Mon.</strong></span> <span class='ocrx_word' id='word_1_161' title='bbox 769 1867 808 1900; x_wconf 95' lang='grc' dir='ltr'>Β</span> 
     </span>
     <span class='ocr_line' id='line_1_33' title="bbox 147 1911 809 1958; baseline -0.003 -10"><span class='ocrx_word' id='word_1_162' title='bbox 147 1915 300 1949; x_wconf 81' lang='grc' dir='ltr'><em>παιδεία</em></span> <span class='ocrx_word' id='word_1_163' title='bbox 322 1915 398 1949; x_wconf 81' lang='grc' dir='ltr'><em>τῶν</em></span> <span class='ocrx_word' id='word_1_164' title='bbox 434 1911 686 1958; x_wconf 79' lang='grc' dir='ltr'><em>ἀνθρωπίνων</em></span> <span class='ocrx_word' id='word_1_165' title='bbox 716 1925 809 1956; x_wconf 84' lang='grc' dir='ltr'><em>πρα-</em></span> 
     </span>
     <span class='ocr_line' id='line_1_34' title="bbox 145 1959 809 2010; baseline -0.005 -15"><span class='ocrx_word' id='word_1_166' title='bbox 145 1959 333 2010; x_wconf 75' lang='grc' dir='ltr'><em>γμάτων</em></span> <span class='ocrx_word' id='word_1_167' title='bbox 318 1972 384 1995; x_wconf 89' lang='lat' dir='ltr'><em>non</em></span> <span class='ocrx_word' id='word_1_168' title='bbox 406 1960 516 2004; x_wconf 82' lang='lat' dir='ltr'>magis</span> <span class='ocrx_word' id='word_1_169' title='bbox 532 1960 736 1993; x_wconf 89' lang='lat' dir='ltr'>commodum</span> <span class='ocrx_word' id='word_1_170' title='bbox 755 1959 809 1992; x_wconf 87' lang='lat' dir='ltr'>vi-</span> 
     </span>
     <span class='ocr_line' id='line_1_35' title="bbox 146 2007 807 2052; baseline -0.005 -11"><span class='ocrx_word' id='word_1_171' title='bbox 146 2008 268 2052; x_wconf 78' lang='lat' dir='ltr'>detur,</span> <span class='ocrx_word' id='word_1_172' title='bbox 301 2018 402 2052; x_wconf 84' lang='lat' dir='ltr'>quam</span> <span class='ocrx_word' id='word_1_173' title='bbox 425 2018 552 2040; x_wconf 69' lang='lat' dir='ltr'><em>vrerum</em></span> <span class='ocrx_word' id='word_1_174' title='bbox 576 2007 807 2039; x_wconf 84' lang='lat' dir='ltr'>humanarum</span> 
     </span>
     <span class='ocr_line' id='line_1_36' title="bbox 147 2052 806 2087; baseline -0.005 0"><span class='ocrx_word' id='word_1_175' title='bbox 147 2054 304 2087; x_wconf 67' lang='lat' dir='ltr'>eruditio.</span> <span class='ocrx_word' id='word_1_176' title='bbox 353 2052 423 2086; x_wconf 86' lang='lat' dir='ltr'><em>Sed</em></span> <span class='ocrx_word' id='word_1_177' title='bbox 448 2064 488 2085; x_wconf 86' lang='lat' dir='ltr'><em>ea</em></span> <span class='ocrx_word' id='word_1_178' title='bbox 512 2064 625 2086; x_wconf 84' lang='lat' dir='ltr'>rerum</span> <span class='ocrx_word' id='word_1_179' title='bbox 644 2053 806 2086; x_wconf 81' lang='lat' dir='ltr'>hnmana-</span> 
     </span>
     <span class='ocr_line' id='line_1_37' title="bbox 143 2096 808 2143; baseline -0.006 -9"><span class='ocrx_word' id='word_1_180' title='bbox 143 2110 219 2134; x_wconf 83' lang='lat' dir='ltr'><em>rum</em></span> <span class='ocrx_word' id='word_1_181' title='bbox 243 2096 499 2141; x_wconf 68' lang='lat' dir='ltr'>administratio,</span> <span class='ocrx_word' id='word_1_182' title='bbox 522 2110 611 2143; x_wconf 82' lang='lat' dir='ltr'>quae</span> <span class='ocrx_word' id='word_1_183' title='bbox 635 2110 710 2131; x_wconf 85' lang='lat' dir='ltr'><em>cum</em></span> <span class='ocrx_word' id='word_1_184' title='bbox 728 2110 808 2131; x_wconf 85' lang='lat' dir='ltr'>eru-</span> 
     </span>
     <span class='ocr_line' id='line_1_38' title="bbox 145 2144 807 2201; baseline -0.003 -22"><span class='ocrx_word' id='word_1_185' title='bbox 145 2146 273 2179; x_wconf 85' lang='lat' dir='ltr'>ditione</span> <span class='ocrx_word' id='word_1_186' title='bbox 307 2144 487 2178; x_wconf 86' lang='lat' dir='ltr'>coniuncta</span> <span class='ocrx_word' id='word_1_187' title='bbox 522 2149 597 2188; x_wconf 65' lang='grc' dir='ltr'><em>εει,</em></span> <span class='ocrx_word' id='word_1_188' title='bbox 612 2144 807 2201; x_wconf 83' lang='grc' dir='ltr'><em>διοίκησίς</em></span> 
     </span>
     <span class='ocr_line' id='line_1_39' title="bbox 144 2170 807 2225; baseline -0.003 0"><span class='ocrx_word' id='word_1_189' title='bbox 144 2198 185 2225; x_wconf 79' lang='grc' dir='ltr'><em>τε</em></span> <span class='ocrx_word' id='word_1_190' title='bbox 219 2189 283 2225; x_wconf 77' lang='grc' dir='ltr'><em>καὶ.</em></span> <span class='ocrx_word' id='word_1_191' title='bbox 309 2190 463 2224; x_wconf 79' lang='grc' dir='ltr'><em>παιδεία</em></span> <span class='ocrx_word' id='word_1_192' title='bbox 489 2190 567 2224; x_wconf 75' lang='grc' dir='ltr'><em>τῶν</em></span> <span class='ocrx_word' id='word_1_193' title='bbox 588 2170 633 2224; x_wconf 84' lang='grc' dir='ltr'><em>ἀ.</em></span> <span class='ocrx_word' id='word_1_194' title='bbox 665 2201 704 2225; x_wconf 89' lang='grc' dir='ltr'><em>π.</em></span> <span class='ocrx_word' id='word_1_195' title='bbox 740 2190 807 2223; x_wconf 85' lang='lat' dir='ltr'>dici</span> 
     </span>
     <span class='ocr_line' id='line_1_40' title="bbox 142 2237 804 2317; baseline -0.002 -47"><span class='ocrx_word' id='word_1_196' title='bbox 142 2238 267 2291; x_wconf 82' lang='lat' dir='ltr'>potuit.</span> <span class='ocrx_word' id='word_1_197' title='bbox 315 2237 426 2317; x_wconf 53' lang='lat' dir='ltr'><em>gf.</em></span> <span class='ocrx_word' id='word_1_198' title='bbox 398 2237 591 2270; x_wconf 84' lang='lat' dir='ltr'>Lobeckius</span> <span class='ocrx_word' id='word_1_199' title='bbox 625 2237 667 2271; x_wconf 89' lang='lat' dir='ltr'><em>ad</em></span> <span class='ocrx_word' id='word_1_200' title='bbox 698 2237 804 2282; x_wconf 86' lang='lat' dir='ltr'><strong>Sopb.</strong></span> 
     </span>
     <span class='ocr_line' id='line_1_41' title="bbox 144 2282 412 2326; baseline -0.008 -9"><span class='ocrx_word' id='word_1_201' title='bbox 144 2282 196 2318; x_wconf 82' lang='lat' dir='ltr'><em>Ai.</em></span> <span class='ocrx_word' id='word_1_202' title='bbox 220 2284 317 2326; x_wconf 44' lang='lat'><em>229</em></span> <span class='ocrx_word' id='word_1_203' title='bbox 373 2293 412 2326; x_wconf 89' lang='lat' dir='ltr'><em>sq</em></span> 
     </span>
    </p>

    <p class='ocr_par' dir='ltr' id='par_1_18' title="bbox 140 2294 806 2639">
     <span class='ocr_line' id='line_1_42' title="bbox 190 2294 806 2372; baseline -0.003 -9"><span class='ocrx_word' id='word_1_204' title='bbox 190 2295 310 2372; x_wconf 81' lang='grc' dir='ltr'><em>άξιος]</em></span> <span class='ocrx_word' id='word_1_205' title='bbox 335 2294 442 2370; x_wconf 73' lang='grc' dir='ltr'><em>ἄξιον</em></span> <span class='ocrx_word' id='word_1_206' title='bbox 465 2327 583 2372; x_wconf 82' lang='lat' dir='ltr'>steph</span> <span class='ocrx_word' id='word_1_207' title='bbox 605 2329 679 2362; x_wconf 89' lang='lat' dir='ltr'><strong>Ast.</strong></span> <span class='ocrx_word' id='word_1_208' title='bbox 702 2339 753 2372; x_wconf 85' lang='lat' dir='ltr'><strong>pr.</strong></span> <span class='ocrx_word' id='word_1_209' title='bbox 771 2330 806 2361; x_wconf 87' lang='lat' dir='ltr'>et</span> 
     </span>
     <span class='ocr_line' id='line_1_43' title="bbox 143 2373 802 2419; baseline -0.002 -10"><span class='ocrx_word' id='word_1_210' title='bbox 143 2375 340 2417; x_wconf 88' lang='lat' dir='ltr'>Bekkerus‚</span> <span class='ocrx_word' id='word_1_211' title='bbox 374 2373 432 2419; x_wconf 90' lang='lat' dir='ltr'>qui</span> <span class='ocrx_word' id='word_1_212' title='bbox 466 2377 603 2418; x_wconf 71' lang='lat' dir='ltr'>praetei</span> <span class='ocrx_word' id='word_1_213' title='bbox 647 2375 725 2407; x_wconf 85' lang='lat' dir='ltr'><strong>Par.</strong></span> <span class='ocrx_word' id='word_1_214' title='bbox 763 2374 802 2408; x_wconf 90' lang='lat' dir='ltr'><em>A.</em></span> 
     </span>
     <span class='ocr_line' id='line_1_44' title="bbox 143 2420 803 2463; baseline -0.003 -8"><span class='ocrx_word' id='word_1_215' title='bbox 143 2432 258 2455; x_wconf 88' lang='lat' dir='ltr'>omnes</span> <span class='ocrx_word' id='word_1_216' title='bbox 289 2420 440 2463; x_wconf 89' lang='lat' dir='ltr'>codices,</span> <span class='ocrx_word' id='word_1_217' title='bbox 467 2420 566 2454; x_wconf 81' lang='lat' dir='ltr'>etiam</span> <span class='ocrx_word' id='word_1_218' title='bbox 594 2420 669 2453; x_wconf 85' lang='lat' dir='ltr'><strong>Par.</strong></span> <span class='ocrx_word' id='word_1_219' title='bbox 691 2420 734 2454; x_wconf 89' lang='lat' dir='ltr'><strong>K.</strong></span> <span class='ocrx_word' id='word_1_220' title='bbox 761 2421 803 2454; x_wconf 87' lang='lat' dir='ltr'><em>de</em></span> 
     </span>
     <span class='ocr_line' id='line_1_45' title="bbox 143 2461 802 2513; baseline -0.002 -12"><span class='ocrx_word' id='word_1_221' title='bbox 143 2479 210 2513; x_wconf 89' lang='lat' dir='ltr'><em>quo</em></span> <span class='ocrx_word' id='word_1_222' title='bbox 224 2465 396 2512; x_wconf 88' lang='lat' dir='ltr'>Bipontini</span> <span class='ocrx_word' id='word_1_223' title='bbox 413 2470 540 2509; x_wconf 87' lang='lat' dir='ltr'>tacent,</span> <span class='ocrx_word' id='word_1_224' title='bbox 554 2461 657 2508; x_wconf 74' lang='grc' dir='ltr'><em>ἄξιος</em></span> <span class='ocrx_word' id='word_1_225' title='bbox 675 2467 802 2500; x_wconf 87' lang='lat' dir='ltr'>habere</span> 
     </span>
     <span class='ocr_line' id='line_1_46' title="bbox 142 2512 802 2547; baseline -0.003 0"><span class='ocrx_word' id='word_1_226' title='bbox 142 2516 300 2547; x_wconf 75' lang='lat' dir='ltr'>testatur.</span> <span class='ocrx_word' id='word_1_227' title='bbox 332 2512 452 2545; x_wconf 83' lang='lat' dir='ltr'><em>Idem·</em></span> <span class='ocrx_word' id='word_1_228' title='bbox 443 2524 478 2546; x_wconf 78' lang='lat' dir='ltr'><em>in</em></span> <span class='ocrx_word' id='word_1_229' title='bbox 501 2513 583 2546; x_wconf 88' lang='lat' dir='ltr'>meis</span> <span class='ocrx_word' id='word_1_230' title='bbox 608 2516 654 2545; x_wconf 81' lang='lat' dir='ltr'>et</span> <span class='ocrx_word' id='word_1_231' title='bbox 665 2512 699 2546; x_wconf 92' lang='lat' dir='ltr'><em>in</em></span> <span class='ocrx_word' id='word_1_232' title='bbox 722 2513 802 2546; x_wconf 89' lang='lat' dir='ltr'><em>Flo-</em></span> 
     </span>
     <span class='ocr_line' id='line_1_47' title="bbox 142 2558 798 2594; baseline 0 -2"><span class='ocrx_word' id='word_1_233' title='bbox 142 2560 286 2594; x_wconf 87' lang='lat' dir='ltr'>rentinis</span> <span class='ocrx_word' id='word_1_234' title='bbox 310 2558 462 2592; x_wconf 87' lang='lat' dir='ltr'>omnibus</span> <span class='ocrx_word' id='word_1_235' title='bbox 494 2562 529 2592; x_wconf 87' lang='lat' dir='ltr'>et</span> <span class='ocrx_word' id='word_1_236' title='bbox 555 2558 588 2591; x_wconf 88' lang='lat' dir='ltr'><em>in</em></span> <span class='ocrx_word' id='word_1_237' title='bbox 612 2559 688 2594; x_wconf 85' lang='lat' dir='ltr'><strong>Ald.</strong></span> <span class='ocrx_word' id='word_1_238' title='bbox 718 2559 798 2592; x_wconf 84' lang='lat' dir='ltr'><strong>Bas.</strong></span> 
     </span>
     <span class='ocr_line' id='line_1_48' title="bbox 140 2604 802 2639; baseline -0.002 0"><span class='ocrx_word' id='word_1_239' title='bbox 140 2606 197 2639; x_wconf 82' lang='lat' dir='ltr'><strong>ab.</strong></span> <span class='ocrx_word' id='word_1_240' title='bbox 223 2608 336 2639; x_wconf 80' lang='lat' dir='ltr'>exstat</span> <span class='ocrx_word' id='word_1_241' title='bbox 362 2607 398 2638; x_wconf 80' lang='lat' dir='ltr'>et</span> <span class='ocrx_word' id='word_1_242' title='bbox 428 2604 526 2638; x_wconf 91' lang='lat' dir='ltr'>huius</span> <span class='ocrx_word' id='word_1_243' title='bbox 549 2606 635 2638; x_wconf 85' lang='lat' dir='ltr'>tanti</span> <span class='ocrx_word' id='word_1_244' title='bbox 660 2617 802 2638; x_wconf 88' lang='lat' dir='ltr'>consen-</span> 
     </span>
    </p>
   </div>
   <div class='ocr_carea' id='block_1_10' title="bbox 89 2646 802 2694">
    <p class='ocr_par' dir='ltr' id='par_1_19' title="bbox 89 2646 802 2694">
     <span class='ocr_line' id='line_1_49' title="bbox 89 2646 802 2694; baseline -0.004 -7"><span class='ocrx_word' id='word_1_245' title='bbox 89 2685 92 2687; x_wconf 63' lang='lat'>,</span> <span class='ocrx_word' id='word_1_246' title='bbox 142 2663 200 2686; x_wconf 90' lang='lat' dir='ltr'><em>sus</em></span> <span class='ocrx_word' id='word_1_247' title='bbox 226 2652 359 2694; x_wconf 87' lang='lat' dir='ltr'>caus&#39;sa,</span> <span class='ocrx_word' id='word_1_248' title='bbox 383 2661 484 2694; x_wconf 84' lang='lat' dir='ltr'>quum</span> <span class='ocrx_word' id='word_1_249' title='bbox 509 2646 613 2692; x_wconf 70' lang='grc' dir='ltr'><em>ἄξιον</em></span> <span class='ocrx_word' id='word_1_250' title='bbox 636 2651 736 2684; x_wconf 89' lang='lat' dir='ltr'>unius</span> <span class='ocrx_word' id='word_1_251' title='bbox 759 2650 802 2684; x_wconf 80' lang='lat' dir='ltr'><em>li-</em></span> 
     </span>
    </p>
   </div>
   <div class='ocr_carea' id='block_1_11' title="bbox 140 2696 800 2786">
    <p class='ocr_par' dir='ltr' id='par_1_20' title="bbox 140 2696 800 2786">
     <span class='ocr_line' id='line_1_50' title="bbox 141 2696 800 2741; baseline -0.003 -10"><span class='ocrx_word' id='word_1_252' title='bbox 141 2697 196 2731; x_wconf 86' lang='lat' dir='ltr'>bri</span> <span class='ocrx_word' id='word_1_253' title='bbox 218 2697 424 2731; x_wconf 84' lang='lat' dir='ltr'>auctoritate</span> <span class='ocrx_word' id='word_1_254' title='bbox 456 2708 564 2741; x_wconf 81' lang='lat' dir='ltr'>eaque</span> <span class='ocrx_word' id='word_1_255' title='bbox 596 2708 637 2730; x_wconf 84' lang='lat' dir='ltr'><em>ex</em></span> <span class='ocrx_word' id='word_1_256' title='bbox 666 2696 800 2730; x_wconf 88' lang='lat' dir='ltr'>silentio</span> 
     </span>
     <span class='ocr_line' id='line_1_51' title="bbox 140 2742 800 2786; baseline -0.003 -9"><span class='ocrx_word' id='word_1_257' title='bbox 140 2743 292 2777; x_wconf 82' lang='lat' dir='ltr'>Bokkeri</span> <span class='ocrx_word' id='word_1_258' title='bbox 324 2742 512 2786; x_wconf 80' lang='lat' dir='ltr'>colligenda</span> <span class='ocrx_word' id='word_1_259' title='bbox 539 2743 800 2784; x_wconf 75' lang='lat' dir='ltr'>commendetur,</span> 
     </span>
    </p>
   </div>
   <div class='ocr_carea' id='block_1_12' title="bbox 142 2788 800 2879">
    <p class='ocr_par' dir='ltr' id='par_1_21' title="bbox 142 2788 800 2879">
     <span class='ocr_line' id='line_1_52' title="bbox 142 2788 800 2844; baseline -0.002 -21"><span class='ocrx_word' id='word_1_260' title='bbox 142 2800 164 2823; x_wconf 81' lang='lat' dir='ltr'>a</span> <span class='ocrx_word' id='word_1_261' title='bbox 197 2801 251 2823; x_wconf 87' lang='lat' dir='ltr'><em>me</em></span> <span class='ocrx_word' id='word_1_262' title='bbox 283 2788 469 2834; x_wconf 85' lang='lat' dir='ltr'>praelatum</span> <span class='ocrx_word' id='word_1_263' title='bbox 501 2793 573 2830; x_wconf 80' lang='lat' dir='ltr'>est,</span> <span class='ocrx_word' id='word_1_264' title='bbox 599 2800 800 2844; x_wconf 80' lang='lat' dir='ltr'>quamquam</span> 
     </span>
     <span class='ocr_line' id='line_1_53' title="bbox 142 2831 800 2879; baseline -0.002 -11"><span class='ocrx_word' id='word_1_265' title='bbox 142 2835 312 2870; x_wconf 82' lang='lat' dir='ltr'>defectum</span> <span class='ocrx_word' id='word_1_266' title='bbox 346 2833 551 2879; x_wconf 86' lang='lat' dir='ltr'>pronominis</span> <span class='ocrx_word' id='word_1_267' title='bbox 594 2831 733 2876; x_wconf 71' lang='grc' dir='ltr'><em>αὐτὸν,</em></span> <span class='ocrx_word' id='word_1_268' title='bbox 770 2834 800 2867; x_wconf 88' lang='grc' dir='ltr'><em>5ἰ</em></span> 
     </span>
    </p>
   </div>
   <div class='ocr_carea' id='block_1_13' title="bbox 214 2892 629 2935">
    <p class='ocr_par' dir='ltr' id='par_1_22' title="bbox 214 2892 629 2935">
     <span class='ocr_line' id='line_1_54' title="bbox 214 2892 629 2935; baseline -0.002 -1"><span class='ocrx_word' id='word_1_269' title='bbox 214 2893 420 2935; x_wconf 74' lang='lat' dir='ltr'>PLA&#39;roms</span> <span class='ocrx_word' id='word_1_270' title='bbox 451 2893 524 2934; x_wconf 77' lang='grc' dir='ltr'><em>ΟΡ.</em></span> <span class='ocrx_word' id='word_1_271' title='bbox 555 2892 629 2933; x_wconf 92' lang='grc' dir='ltr'><em>ΙΙΙ.</em></span> 
     </span>
    </p>
   </div>
   <div class='ocr_carea' id='block_1_14' title="bbox 861 1035 1544 2386">
    <p class='ocr_par' dir='ltr' id='par_1_23' title="bbox 862 1035 1544 2133">
     <span class='ocr_line' id='line_1_55' title="bbox 880 1035 1544 1087; baseline 0.005 -14"><span class='ocrx_word' id='word_1_272' title='bbox 880 1035 988 1082; x_wconf 79' lang='grc' dir='ltr'><em>ἀξιον</em></span> <span class='ocrx_word' id='word_1_273' title='bbox 1011 1041 1202 1084; x_wconf 81' lang='lat' dir='ltr'>scribatur,</span> <span class='ocrx_word' id='word_1_274' title='bbox 1240 1041 1283 1075; x_wconf 89' lang='lat' dir='ltr'><em>ad</em></span> <span class='ocrx_word' id='word_1_275' title='bbox 1313 1039 1544 1087; x_wconf 85' lang='grc' dir='ltr'><em>ἀναλαβόντι</em></span> 
     </span>
     <span class='ocr_line' id='line_1_56' title="bbox 878 1087 1544 1131; baseline 0.005 -12"><span class='ocrx_word' id='word_1_276' title='bbox 878 1087 1058 1131; x_wconf 88' lang='lat' dir='ltr'>supplendi</span> <span class='ocrx_word' id='word_1_277' title='bbox 1080 1087 1186 1120; x_wconf 85' lang='lat' dir='ltr'>minus</span> <span class='ocrx_word' id='word_1_278' title='bbox 1208 1087 1326 1121; x_wconf 87' lang='lat' dir='ltr'>durum</span> <span class='ocrx_word' id='word_1_279' title='bbox 1355 1089 1462 1122; x_wconf 70' lang='lat' dir='ltr'>videti</span> <span class='ocrx_word' id='word_1_280' title='bbox 1490 1090 1544 1122; x_wconf 70' lang='lat' dir='ltr'>ia-</span> 
     </span>
     <span class='ocr_line' id='line_1_57' title="bbox 877 1134 1542 1190; baseline 0.003 -25"><span class='ocrx_word' id='word_1_281' title='bbox 877 1136 972 1175; x_wconf 88' lang='lat' dir='ltr'>teor,</span> <span class='ocrx_word' id='word_1_282' title='bbox 1010 1144 1108 1188; x_wconf 87' lang='lat' dir='ltr'>quam</span> <span class='ocrx_word' id='word_1_283' title='bbox 1149 1134 1397 1188; x_wconf 79' lang='lat' dir='ltr'>pleonasmum‚</span> <span class='ocrx_word' id='word_1_284' title='bbox 1443 1146 1542 1190; x_wconf 83' lang='lat' dir='ltr'>quem</span> 
     </span>
     <span class='ocr_line' id='line_1_58' title="bbox 876 1176 1543 1223; baseline 0.004 -13"><span class='ocrx_word' id='word_1_285' title='bbox 876 1179 982 1212; x_wconf 88' lang='lat' dir='ltr'>verba</span> <span class='ocrx_word' id='word_1_286' title='bbox 1007 1176 1102 1212; x_wconf 71' lang='lat' dir='ltr'>nato?</span> <span class='ocrx_word' id='word_1_287' title='bbox 1127 1179 1264 1213; x_wconf 85' lang='grc' dir='ltr'><em>τοῦτον</em></span> <span class='ocrx_word' id='word_1_288' title='bbox 1289 1177 1357 1214; x_wconf 87' lang='grc' dir='ltr'><em>τὸν</em></span> <span class='ocrx_word' id='word_1_289' title='bbox 1380 1178 1543 1223; x_wconf 85' lang='grc' dir='ltr'><em>ποιητὴν</em></span> 
     </span>
     <span class='ocr_line' id='line_1_59' title="bbox 875 1220 1541 1267; baseline 0.005 -11"><span class='ocrx_word' id='word_1_290' title='bbox 875 1227 954 1267; x_wconf 81' lang='lat' dir='ltr'>post</span> <span class='ocrx_word' id='word_1_291' title='bbox 989 1220 1091 1265; x_wconf 75' lang='grc' dir='ltr'><em>ἄξιος</em></span> <span class='ocrx_word' id='word_1_292' title='bbox 1123 1226 1261 1258; x_wconf 87' lang='lat' dir='ltr'>habent.</span> <span class='ocrx_word' id='word_1_293' title='bbox 1321 1226 1437 1259; x_wconf 84' lang='lat' dir='ltr'>Etiam</span> <span class='ocrx_word' id='word_1_294' title='bbox 1465 1224 1541 1259; x_wconf 81' lang='grc' dir='ltr'><em>ἐστὶ</em></span> 
     </span>
     <span class='ocr_line' id='line_1_60' title="bbox 876 1270 1543 1317; baseline 0.004 -15"><span class='ocrx_word' id='word_1_295' title='bbox 876 1270 1010 1303; x_wconf 81' lang='lat' dir='ltr'>facilius</span> <span class='ocrx_word' id='word_1_296' title='bbox 1036 1274 1115 1314; x_wconf 83' lang='lat' dir='ltr'>post</span> <span class='ocrx_word' id='word_1_297' title='bbox 1139 1277 1316 1313; x_wconf 83' lang='lat' dir='ltr'>neutrum,</span> <span class='ocrx_word' id='word_1_298' title='bbox 1339 1283 1437 1316; x_wconf 89' lang='lat' dir='ltr'>quam</span> <span class='ocrx_word' id='word_1_299' title='bbox 1464 1278 1543 1317; x_wconf 85' lang='lat' dir='ltr'>post</span> 
     </span>
     <span class='ocr_line' id='line_1_61' title="bbox 874 1316 1541 1358; baseline 0.006 -10"><span class='ocrx_word' id='word_1_300' title='bbox 874 1316 1095 1349; x_wconf 87' lang='lat' dir='ltr'>masculinum</span> <span class='ocrx_word' id='word_1_301' title='bbox 1129 1317 1323 1351; x_wconf 79' lang='lat' dir='ltr'>subaudias.</span> <span class='ocrx_word' id='word_1_302' title='bbox 1383 1319 1483 1358; x_wconf 80' lang='lat' dir='ltr'><em>Quod</em></span> <span class='ocrx_word' id='word_1_303' title='bbox 1512 1318 1541 1352; x_wconf 91' lang='lat' dir='ltr'>si</span> 
     </span>
     <span class='ocr_line' id='line_1_62' title="bbox 873 1360 1541 1416; baseline 0.004 -22"><span class='ocrx_word' id='word_1_304' title='bbox 873 1360 907 1394; x_wconf 85' lang='lat' dir='ltr'><em>in</em></span> <span class='ocrx_word' id='word_1_305' title='bbox 934 1362 1025 1396; x_wconf 83' lang='lat' dir='ltr'><strong>F.lor</strong></span> <span class='ocrx_word' id='word_1_306' title='bbox 1045 1363 1088 1395; x_wconf 88' lang='lat' dir='ltr'><em>T.</em></span> <span class='ocrx_word' id='word_1_307' title='bbox 1115 1375 1222 1416; x_wconf 49' lang='lat' dir='ltr'>quein·</span> <span class='ocrx_word' id='word_1_308' title='bbox 1239 1363 1515 1397; x_wconf 74' lang='lat' dir='ltr'>Stalibaumius</span> <span class='ocrx_word' id='word_1_309' title='bbox 1506 1376 1541 1397; x_wconf 83' lang='lat' dir='ltr'>ln</span> 
     </span>
     <span class='ocr_line' id='line_1_63' title="bbox 873 1407 1541 1465; baseline 0.006 -26"><span class='ocrx_word' id='word_1_310' title='bbox 873 1418 925 1452; x_wconf 88' lang='lat' dir='ltr'><strong>pr.</strong></span> <span class='ocrx_word' id='word_1_311' title='bbox 950 1408 992 1440; x_wconf 84' lang='lat' dir='ltr'><em>de</em></span> <span class='ocrx_word' id='word_1_312' title='bbox 1016 1409 1111 1441; x_wconf 82' lang='lat' dir='ltr'>varia</span> <span class='ocrx_word' id='word_1_313' title='bbox 1134 1408 1306 1454; x_wconf 67' lang='lat' dir='ltr'>participii</span> <span class='ocrx_word' id='word_1_314' title='bbox 1329 1407 1541 1465; x_wconf 81' lang='grc' dir='ltr'><em>ἀναλαβόν-</em></span> 
     </span>
     <span class='ocr_line' id='line_1_64' title="bbox 873 1451 1539 1511; baseline 0.006 -26"><span class='ocrx_word' id='word_1_315' title='bbox 873 1465 909 1486; x_wconf 88' lang='grc' dir='ltr'><em>τι</em></span> <span class='ocrx_word' id='word_1_316' title='bbox 933 1453 1105 1511; x_wconf 64' lang='lat' dir='ltr'>scriptura</span> <span class='ocrx_word' id='word_1_317' title='bbox 1129 1456 1282 1489; x_wconf 87' lang='lat' dir='ltr'>referens</span> <span class='ocrx_word' id='word_1_318' title='bbox 1302 1451 1434 1498; x_wconf 61' lang='lat' dir='ltr'><em>„dignos</em></span> <span class='ocrx_word' id='word_1_319' title='bbox 1448 1468 1539 1490; x_wconf 88' lang='grc' dir='ltr'><em>ανα-</em></span> 
     </span>
     <span class='ocr_line' id='line_1_65' title="bbox 872 1498 1538 1548; baseline 0.008 -17"><span class='ocrx_word' id='word_1_320' title='bbox 872 1498 998 1543; x_wconf 84' lang='grc' dir='ltr'><em>λαβών</em></span> <span class='ocrx_word' id='word_1_321' title='bbox 1017 1499 1065 1542; x_wconf 83' lang='grc' dir='ltr'><em>τὶ,</em></span> <span class='ocrx_word' id='word_1_322' title='bbox 1091 1506 1126 1533; x_wconf 89' lang='lat' dir='ltr'>et</span> <span class='ocrx_word' id='word_1_323' title='bbox 1149 1501 1182 1534; x_wconf 87' lang='lat' dir='ltr'><em>in</em></span> <span class='ocrx_word' id='word_1_324' title='bbox 1202 1513 1308 1545; x_wconf 83' lang='lat' dir='ltr'><strong>marg.</strong></span> <span class='ocrx_word' id='word_1_325' title='bbox 1329 1499 1538 1548; x_wconf 82' lang='grc' dir='ltr'><em>ἀναλαβόν-</em></span> 
     </span>
     <span class='ocr_line' id='line_1_66' title="bbox 871 1546 1537 1590; baseline 0.008 -13"><span class='ocrx_word' id='word_1_326' title='bbox 871 1547 932 1578; x_wconf 83' lang='grc' dir='ltr'><em>τι“</em></span> <span class='ocrx_word' id='word_1_327' title='bbox 965 1546 1127 1579; x_wconf 82' lang='lat' dir='ltr'>exhibere</span> <span class='ocrx_word' id='word_1_328' title='bbox 1150 1547 1275 1590; x_wconf 83' lang='lat' dir='ltr'>tradit,</span> <span class='ocrx_word' id='word_1_329' title='bbox 1302 1548 1334 1580; x_wconf 91' lang='lat' dir='ltr'><em>in</em></span> <span class='ocrx_word' id='word_1_330' title='bbox 1360 1560 1428 1581; x_wconf 86' lang='lat' dir='ltr'><em>sec.</em></span> <span class='ocrx_word' id='word_1_331' title='bbox 1454 1560 1537 1582; x_wconf 85' lang='lat' dir='ltr'>vero</span> 
     </span>
     <span class='ocr_line' id='line_1_67' title="bbox 871 1575 1536 1648; baseline 0.006 -24"><span class='ocrx_word' id='word_1_332' title='bbox 871 1592 1070 1635; x_wconf 78' lang='lat' dir='ltr'>aStepbani</span> <span class='ocrx_word' id='word_1_333' title='bbox 1089 1592 1235 1626; x_wconf 85' lang='lat' dir='ltr'>lectione</span> <span class='ocrx_word' id='word_1_334' title='bbox 1250 1575 1446 1648; x_wconf 79' lang='lat' dir='ltr'>discrepare</span> <span class='ocrx_word' id='word_1_335' title='bbox 1471 1606 1536 1628; x_wconf 90' lang='lat' dir='ltr'><em>non</em></span> 
     </span>
     <span class='ocr_line' id='line_1_68' title="bbox 870 1635 1535 1683; baseline 0.006 -13"><span class='ocrx_word' id='word_1_336' title='bbox 870 1638 1030 1681; x_wconf 85' lang='lat' dir='ltr'>ostendit,</span> <span class='ocrx_word' id='word_1_337' title='bbox 1056 1638 1216 1682; x_wconf 86' lang='lat' dir='ltr'>scriptum</span> <span class='ocrx_word' id='word_1_338' title='bbox 1241 1644 1295 1673; x_wconf 89' lang='lat' dir='ltr'>est</span> <span class='ocrx_word' id='word_1_339' title='bbox 1319 1635 1446 1683; x_wconf 80' lang='grc' dir='ltr'><em>ἀξιον,</em></span> <span class='ocrx_word' id='word_1_340' title='bbox 1472 1642 1535 1674; x_wconf 87' lang='lat' dir='ltr'><em>hoc</em></span> 
     </span>
     <span class='ocr_line' id='line_1_69' title="bbox 869 1683 1535 1720; baseline 0.008 -5"><span class='ocrx_word' id='word_1_341' title='bbox 869 1683 977 1716; x_wconf 82' lang='lat' dir='ltr'>altero</span> <span class='ocrx_word' id='word_1_342' title='bbox 1003 1685 1187 1718; x_wconf 82' lang='lat' dir='ltr'>accedente</span> <span class='ocrx_word' id='word_1_343' title='bbox 1203 1686 1396 1719; x_wconf 85' lang='lat' dir='ltr'>testimonio</span> <span class='ocrx_word' id='word_1_344' title='bbox 1414 1687 1535 1720; x_wconf 88' lang='lat' dir='ltr'>lectio-</span> 
     </span>
     <span class='ocr_line' id='line_1_70' title="bbox 869 1730 1535 1773; baseline 0.006 -12"><span class='ocrx_word' id='word_1_345' title='bbox 869 1740 945 1761; x_wconf 84' lang='lat' dir='ltr'>nem</span> <span class='ocrx_word' id='word_1_346' title='bbox 970 1730 1136 1773; x_wconf 72' lang='lat' dir='ltr'>Stephani</span> <span class='ocrx_word' id='word_1_347' title='bbox 1158 1732 1339 1765; x_wconf 82' lang='lat' dir='ltr'>tenendam</span> <span class='ocrx_word' id='word_1_348' title='bbox 1368 1732 1535 1769; x_wconf 79' lang='lat' dir='ltr'>existimo.</span> 
     </span>
     <span class='ocr_line' id='line_1_71' title="bbox 869 1775 1533 1820; baseline 0.006 -13"><span class='ocrx_word' id='word_1_349' title='bbox 869 1775 991 1808; x_wconf 85' lang='lat' dir='ltr'>Utraln</span> <span class='ocrx_word' id='word_1_350' title='bbox 1023 1776 1166 1810; x_wconf 88' lang='lat' dir='ltr'>Ficinus</span> <span class='ocrx_word' id='word_1_351' title='bbox 1198 1783 1335 1810; x_wconf 87' lang='lat' dir='ltr'>secutus</span> <span class='ocrx_word' id='word_1_352' title='bbox 1367 1779 1431 1820; x_wconf 85' lang='lat' dir='ltr'>sit,</span> <span class='ocrx_word' id='word_1_353' title='bbox 1467 1790 1533 1812; x_wconf 89' lang='lat' dir='ltr'><em>non</em></span> 
     </span>
     <span class='ocr_line' id='line_1_72' title="bbox 868 1820 1533 1868; baseline 0.008 -15"><span class='ocrx_word' id='word_1_354' title='bbox 868 1820 993 1865; x_wconf 79' lang='lat' dir='ltr'>liquet:</span> <span class='ocrx_word' id='word_1_355' title='bbox 1022 1841 1069 1846; x_wconf 88' lang='lat'><em>——</em></span> <span class='ocrx_word' id='word_1_356' title='bbox 1118 1824 1337 1868; x_wconf 81' lang='lat' dir='ltr'>audierisque</span> <span class='ocrx_word' id='word_1_357' title='bbox 1382 1825 1533 1859; x_wconf 79' lang='lat' dir='ltr'>dicentes</span> 
     </span>
     <span class='ocr_line' id='line_1_73' title="bbox 869 1868 1532 1904; baseline 0.008 -5"><span class='ocrx_word' id='word_1_358' title='bbox 869 1868 1058 1901; x_wconf 85' lang='lat' dir='ltr'>Homerum</span> <span class='ocrx_word' id='word_1_359' title='bbox 1079 1879 1211 1902; x_wconf 75' lang='lat' dir='ltr'>omnem</span> <span class='ocrx_word' id='word_1_360' title='bbox 1244 1871 1428 1903; x_wconf 82' lang='lat' dir='ltr'>Graeciam·</span> <span class='ocrx_word' id='word_1_361' title='bbox 1452 1883 1532 1904; x_wconf 77' lang='lat' dir='ltr'>eru-</span> 
     </span>
     <span class='ocr_line' id='line_1_74' title="bbox 869 1913 1532 1958; baseline 0.008 -12"><span class='ocrx_word' id='word_1_362' title='bbox 869 1913 977 1953; x_wconf 70' lang='lat' dir='ltr'><em>disse,</em></span> <span class='ocrx_word' id='word_1_363' title='bbox 1000 1925 1130 1958; x_wconf 80' lang='lat' dir='ltr'>proque</span> <span class='ocrx_word' id='word_1_364' title='bbox 1159 1927 1272 1950; x_wconf 87' lang='lat' dir='ltr'>rerum</span> <span class='ocrx_word' id='word_1_365' title='bbox 1300 1917 1532 1951; x_wconf 73' lang='lat' dir='ltr'>humanarum</span> 
     </span>
     <span class='ocr_line' id='line_1_75' title="bbox 865 1961 1531 2007; baseline 0.005 -14"><span class='ocrx_word' id='word_1_366' title='bbox 865 1961 1122 2004; x_wconf 81' lang='lat' dir='ltr'>gubernatione</span> <span class='ocrx_word' id='word_1_367' title='bbox 1141 1968 1175 1996; x_wconf 78' lang='lat' dir='ltr'><em>et</em></span> <span class='ocrx_word' id='word_1_368' title='bbox 1193 1963 1376 2006; x_wconf 77' lang='lat' dir='ltr'>disciplina</span> <span class='ocrx_word' id='word_1_369' title='bbox 1391 1966 1531 2007; x_wconf 62' lang='lat' dir='ltr'>poetam</span> 
     </span>
     <span class='ocr_line' id='line_1_76' title="bbox 867 2007 1530 2049; baseline 0.008 -11"><span class='ocrx_word' id='word_1_370' title='bbox 867 2007 955 2039; x_wconf 80' lang='lat' dir='ltr'>hunc</span> <span class='ocrx_word' id='word_1_371' title='bbox 986 2008 1160 2041; x_wconf 82' lang='lat' dir='ltr'><em>observari</em></span> <span class='ocrx_word' id='word_1_372' title='bbox 1187 2014 1381 2049; x_wconf 75' lang='lat' dir='ltr'>monentes,</span> <span class='ocrx_word' id='word_1_373' title='bbox 1420 2016 1453 2044; x_wconf 80' lang='lat' dir='ltr'><em>et</em></span> <span class='ocrx_word' id='word_1_374' title='bbox 1481 2010 1530 2043; x_wconf 86' lang='lat' dir='ltr'><em>ad</em></span> 
     </span>
     <span class='ocr_line' id='line_1_77' title="bbox 865 2053 1529 2089; baseline 0.008 -5"><span class='ocrx_word' id='word_1_375' title='bbox 865 2053 938 2085; x_wconf 82' lang='lat' dir='ltr'>eius</span> <span class='ocrx_word' id='word_1_376' title='bbox 969 2053 1134 2088; x_wconf 79' lang='lat' dir='ltr'>instituta</span> <span class='ocrx_word' id='word_1_377' title='bbox 1165 2067 1299 2089; x_wconf 83' lang='lat' dir='ltr'>omnem</span> <span class='ocrx_word' id='word_1_378' title='bbox 1330 2057 1441 2088; x_wconf 80' lang='lat' dir='ltr'>vitam</span> <span class='ocrx_word' id='word_1_379' title='bbox 1472 2057 1529 2089; x_wconf 83' lang='lat' dir='ltr'>in-</span> 
     </span>
     <span class='ocr_line' id='line_1_78' title="bbox 862 2104 1005 2133; baseline 0.007 -2"><span class='ocrx_word' id='word_1_380' title='bbox 862 2104 1005 2133; x_wconf 82' lang='lat' dir='ltr'><em>struere.</em></span> 
     </span>
    </p>

    <p class='ocr_par' dir='ltr' id='par_1_24' title="bbox 861 2152 1527 2386">
     <span class='ocr_line' id='line_1_79' title="bbox 910 2152 1526 2211; baseline 0.005 -23"><span class='ocrx_word' id='word_1_381' title='bbox 910 2152 1153 2211; x_wconf 88' lang='grc' dir='ltr'><em>ἀναλαβόντι]</em></span> <span class='ocrx_word' id='word_1_382' title='bbox 1179 2154 1417 2203; x_wconf 74' lang='grc' dir='ltr'><em>ἀναλαβώντι</em></span> <span class='ocrx_word' id='word_1_383' title='bbox 1428 2158 1526 2191; x_wconf 89' lang='lat' dir='ltr'>Vind.</span> 
     </span>
     <span class='ocr_line' id='line_1_80' title="bbox 863 2199 1525 2247; baseline 0.005 -13"><span class='ocrx_word' id='word_1_384' title='bbox 863 2202 900 2235; x_wconf 90' lang='lat' dir='ltr'><em>B.</em></span> <span class='ocrx_word' id='word_1_385' title='bbox 929 2199 1129 2247; x_wconf 80' lang='grc' dir='ltr'><em>ἀναλαβών</em></span> <span class='ocrx_word' id='word_1_386' title='bbox 1156 2215 1192 2236; x_wconf 89' lang='grc' dir='ltr'><em>τι</em></span> <span class='ocrx_word' id='word_1_387' title='bbox 1218 2204 1302 2237; x_wconf 92' lang='lat' dir='ltr'><strong>Lob.</strong></span> <span class='ocrx_word' id='word_1_388' title='bbox 1328 2216 1415 2237; x_wconf 75' lang='lat' dir='ltr'>coir.</span> <span class='ocrx_word' id='word_1_389' title='bbox 1447 2205 1525 2238; x_wconf 83' lang='lat' dir='ltr'><strong>Vat.</strong></span> 
     </span>
     <span class='ocr_line' id='line_1_81' title="bbox 863 2245 1527 2295; baseline 0.003 -14"><span class='ocrx_word' id='word_1_390' title='bbox 863 2249 1069 2292; x_wconf 75' lang='lat' dir='ltr'><strong>HM.(F10r.</strong></span> <span class='ocrx_word' id='word_1_391' title='bbox 1088 2250 1150 2291; x_wconf 90' lang='lat' dir='ltr'><em>T)</em></span> <span class='ocrx_word' id='word_1_392' title='bbox 1177 2245 1417 2295; x_wconf 73' lang='grc' dir='ltr'><em>ἀναλαβόντα</em></span> <span class='ocrx_word' id='word_1_393' title='bbox 1432 2251 1527 2284; x_wconf 89' lang='lat' dir='ltr'>Mon.</span> 
     </span>
     <span class='ocr_line' id='line_1_82' title="bbox 862 2293 1526 2341; baseline 0.006 -15"><span class='ocrx_word' id='word_1_394' title='bbox 862 2295 903 2327; x_wconf 93' lang='lat' dir='ltr'><em>B.</em></span> <span class='ocrx_word' id='word_1_395' title='bbox 929 2306 948 2327; x_wconf 87' lang='lat' dir='ltr'>a</span> <span class='ocrx_word' id='word_1_396' title='bbox 974 2306 1017 2327; x_wconf 77' lang='lat' dir='ltr'>in.</span> <span class='ocrx_word' id='word_1_397' title='bbox 1042 2306 1070 2329; x_wconf 89' lang='lat' dir='ltr'><strong>s.</strong></span> <span class='ocrx_word' id='word_1_398' title='bbox 1094 2296 1211 2338; x_wconf 78' lang='grc' dir='ltr'><em>(-τι</em></span> <span class='ocrx_word' id='word_1_399' title='bbox 1236 2308 1318 2330; x_wconf 87' lang='lat' dir='ltr'><em>am.</em></span> <span class='ocrx_word' id='word_1_400' title='bbox 1342 2298 1413 2341; x_wconf 90' lang='lat' dir='ltr'><strong>pr.)</strong></span> <span class='ocrx_word' id='word_1_401' title='bbox 1435 2293 1526 2330; x_wconf 86' lang='grc' dir='ltr'><em>ἀνα-</em></span> 
     </span>
     <span class='ocr_line' id='line_1_83' title="bbox 861 2338 1219 2386; baseline -0.003 -12"><span class='ocrx_word' id='word_1_402' title='bbox 861 2338 1047 2386; x_wconf 83' lang='grc' dir='ltr'><em>λαβόντας</em></span> <span class='ocrx_word' id='word_1_403' title='bbox 1072 2341 1149 2375; x_wconf 84' lang='lat' dir='ltr'><strong>Par.</strong></span> <span class='ocrx_word' id='word_1_404' title='bbox 1175 2341 1219 2375; x_wconf 91' lang='grc' dir='ltr'><em>Κ.</em></span> 
     </span>
    </p>
   </div>
   <div class='ocr_carea' id='block_1_15' title="bbox 858 2394 1524 2479">
    <p class='ocr_par' dir='ltr' id='par_1_25' title="bbox 858 2394 1524 2479">
     <span class='ocr_line' id='line_1_84' title="bbox 858 2394 1524 2479; baseline 0.003 -48"><span class='ocrx_word' id='word_1_405' title='bbox 858 2394 1052 2479; x_wconf 50' lang='grc' dir='ltr'><em>ΑΙέυἰ-Ξοῦ]</em></span> <span class='ocrx_word' id='word_1_406' title='bbox 1087 2394 1152 2479; x_wconf 54' lang='grc' dir='ltr'><em>ξύ.</em></span> <span class='ocrx_word' id='word_1_407' title='bbox 1187 2398 1273 2433; x_wconf 88' lang='lat' dir='ltr'><strong>Lob.</strong></span> <span class='ocrx_word' id='word_1_408' title='bbox 1312 2398 1411 2433; x_wconf 87' lang='lat' dir='ltr'>Vind.</span> <span class='ocrx_word' id='word_1_409' title='bbox 1446 2399 1524 2433; x_wconf 88' lang='lat' dir='ltr'><strong>EF.</strong></span> 
     </span>
     <span class='ocr_line' id='line_1_85' title="bbox 992 2455 1085 2477; baseline 0 0"><span class='ocrx_word' id='word_1_410' title='bbox 992 2455 1029 2477; x_wconf 87' lang='lat' dir='ltr'><em>as</em></span> <span class='ocrx_word' id='word_1_411' title='bbox 1067 2455 1085 2477; x_wconf 85' lang='lat' dir='ltr'>a</span> 
     </span>
    </p>
   </div>
   <div class='ocr_carea' id='block_1_16' title="bbox 905 2500 1401 2555">
    <p class='ocr_par' dir='ltr' id='par_1_26' title="bbox 905 2500 1401 2555">
     <span class='ocr_line' id='line_1_86' title="bbox 905 2500 1401 2555; baseline 0 -20"><span class='ocrx_word' id='word_1_412' title='bbox 905 2501 1003 2555; x_wconf 87' lang='grc' dir='ltr'><em>βίον]</em></span> <span class='ocrx_word' id='word_1_413' title='bbox 1029 2501 1114 2546; x_wconf 85' lang='grc' dir='ltr'><em>βίον</em></span> <span class='ocrx_word' id='word_1_414' title='bbox 1139 2500 1215 2535; x_wconf 93' lang='lat' dir='ltr'><strong>Ald.</strong></span> <span class='ocrx_word' id='word_1_415' title='bbox 1239 2501 1319 2535; x_wconf 88' lang='lat' dir='ltr'><strong>Bas.</strong></span> <span class='ocrx_word' id='word_1_416' title='bbox 1346 2502 1401 2535; x_wconf 89' lang='lat' dir='ltr'><strong>ab.</strong></span> 
     </span>
    </p>
   </div>
   <div class='ocr_carea' id='block_1_17' title="bbox 903 2544 1614 2593">
    <p class='ocr_par' dir='ltr' id='par_1_27' title="bbox 903 2544 1614 2593">
     <span class='ocr_line' id='line_1_87' title="bbox 903 2544 1614 2593; baseline -0.001 -12"><span class='ocrx_word' id='word_1_417' title='bbox 903 2545 1107 2591; x_wconf 82' lang='grc' dir='ltr'><em>δύνανται]</em></span> <span class='ocrx_word' id='word_1_418' title='bbox 1136 2544 1297 2581; x_wconf 79' lang='grc' dir='ltr'><em>δύναται</em></span> <span class='ocrx_word' id='word_1_419' title='bbox 1321 2547 1407 2581; x_wconf 89' lang='lat' dir='ltr'><strong>Lob.</strong></span> <span class='ocrx_word' id='word_1_420' title='bbox 1441 2548 1521 2582; x_wconf 81' lang='lat' dir='ltr'>Vat.</span> <span class='ocrx_word' id='word_1_421' title='bbox 1547 2559 1614 2593; x_wconf 76' lang='lat'><em>607</em></span> 
     </span>
    </p>
   </div>
   <div class='ocr_carea' id='block_1_18' title="bbox 857 2594 1521 2682">
    <p class='ocr_par' dir='ltr' id='par_1_28' title="bbox 857 2594 1521 2682">
     <span class='ocr_line' id='line_1_88' title="bbox 857 2594 1521 2682; baseline -0.002 -9"><span class='ocrx_word' id='word_1_422' title='bbox 857 2594 1121 2682; x_wconf 80' lang='grc' dir='ltr'><em>Μξνγχωρεῒν]</em></span> <span class='ocrx_word' id='word_1_423' title='bbox 1169 2648 1266 2682; x_wconf 76' lang='grc' dir='ltr'><em>σνγχ.</em></span> <span class='ocrx_word' id='word_1_424' title='bbox 1302 2639 1388 2673; x_wconf 89' lang='lat' dir='ltr'><strong>Lob.</strong></span> <span class='ocrx_word' id='word_1_425' title='bbox 1422 2638 1521 2672; x_wconf 89' lang='lat' dir='ltr'>Vind.</span> 
     </span>
    </p>
   </div>
   <div class='ocr_carea' id='block_1_19' title="bbox 857 2684 1525 2870">
    <p class='ocr_par' dir='ltr' id='par_1_29' title="bbox 857 2684 1525 2788">
     <span class='ocr_line' id='line_1_89' title="bbox 857 2684 1282 2720; baseline 0 -1"><span class='ocrx_word' id='word_1_426' title='bbox 857 2685 961 2720; x_wconf 86' lang='lat' dir='ltr'><strong>BEF.</strong></span> <span class='ocrx_word' id='word_1_427' title='bbox 985 2685 1084 2718; x_wconf 85' lang='lat' dir='ltr'><strong>Flor.</strong></span> <span class='ocrx_word' id='word_1_428' title='bbox 1109 2684 1282 2720; x_wconf 89' lang='lat' dir='ltr'><strong>ACRTV.</strong></span> 
     </span>
     <span class='ocr_line' id='line_1_90' title="bbox 903 2740 1525 2788; baseline 0 -13"><span class='ocrx_word' id='word_1_429' title='bbox 903 2740 1219 2786; x_wconf 80' lang='grc' dir='ltr'><em>τραγῳδιοποιῶν]</em></span> <span class='ocrx_word' id='word_1_430' title='bbox 1234 2742 1525 2788; x_wconf 77' lang='grc' dir='ltr'><em>τραγῳδοποιῶν</em></span> 
     </span>
    </p>

    <p class='ocr_par' dir='ltr' id='par_1_30' title="bbox 857 2788 1523 2829">
     <span class='ocr_line' id='line_1_91' title="bbox 857 2788 1523 2829; baseline -0.002 -8"><span class='ocrx_word' id='word_1_431' title='bbox 857 2788 1047 2829; x_wconf 79' lang='lat' dir='ltr'>BekkeruS‚</span> <span class='ocrx_word' id='word_1_432' title='bbox 1066 2788 1184 2822; x_wconf 83' lang='lat' dir='ltr'>Astius</span> <span class='ocrx_word' id='word_1_433' title='bbox 1207 2789 1242 2821; x_wconf 92' lang='lat' dir='ltr'><em>in</em></span> <span class='ocrx_word' id='word_1_434' title='bbox 1263 2793 1344 2822; x_wconf 83' lang='lat' dir='ltr'>tert.</span> <span class='ocrx_word' id='word_1_435' title='bbox 1363 2795 1398 2821; x_wconf 83' lang='lat' dir='ltr'>et</span> <span class='ocrx_word' id='word_1_436' title='bbox 1416 2788 1523 2821; x_wconf 76' lang='lat' dir='ltr'>Stall-</span> 
     </span>
    </p>

    <p class='ocr_par' dir='ltr' id='par_1_31' title="bbox 859 2833 1523 2870">
     <span class='ocr_line' id='line_1_92' title="bbox 859 2833 1523 2870; baseline 0.005 -3"><span class='ocrx_word' id='word_1_437' title='bbox 859 2834 1013 2868; x_wconf 83' lang='lat' dir='ltr'>baumius</span> <span class='ocrx_word' id='word_1_438' title='bbox 1047 2845 1122 2867; x_wconf 88' lang='lat' dir='ltr'><em>cum</em></span> <span class='ocrx_word' id='word_1_439' title='bbox 1157 2835 1238 2868; x_wconf 89' lang='lat' dir='ltr'>Ven.</span> <span class='ocrx_word' id='word_1_440' title='bbox 1262 2835 1302 2867; x_wconf 89' lang='lat' dir='ltr'><em>B.</em></span> <span class='ocrx_word' id='word_1_441' title='bbox 1328 2833 1427 2868; x_wconf 88' lang='lat' dir='ltr'>Vind.</span> <span class='ocrx_word' id='word_1_442' title='bbox 1447 2834 1523 2870; x_wconf 77' lang='lat' dir='ltr'><em>BE.</em></span> 
     </span>
    </p>
   </div>
   <div class='ocr_carea' id='block_1_20' title="bbox 1263 2889 1303 2943">
    <p class='ocr_par' dir='ltr' id='par_1_32' title="bbox 1263 2889 1303 2943">
     <span class='ocr_line' id='line_1_93' title="bbox 1263 2889 1303 2943; baseline 0 0"><span class='ocrx_word' id='word_1_443' title='bbox 1263 2889 1303 2943; x_wconf 78' lang='lat' dir='ltr'>Q</span> 
     </span>
    </p>
   </div>
  </div>
 </body>
</html>
