1764 3176
424 186 765 232 CIVITAS
803 185 1158 229 LIB.V1H.549
1417 187 1472 229 27

91 314 238 357 γνεται
276 300 324 344 δέ
363 298 424 356 γ’,
475 298 620 352 εἷπον,
669 293 799 350 οὗτος
842 293 926 342 οἶδέ
963 315 1079 352 πως,
1128 297 1267 341 ἐνίοτε
1310 294 1478 351 πατρὸς

91 365 267 423 ἀγαθοῦ
305 367 370 411 ὢν
407 368 507 420 νέος
543 367 642 419 υἱὸς
677 368 726 412 ἐν
762 365 886 411 πόλει
927 369 1158 418 οἰκοῦντος
1196 365 1278 409 οὐκ
1308 359 1358 408 εὖ
1390 378 1474 407 πο-

91 435 368 492 λιτευομένῃ,
407 435 653 494 φεύγοντος
689 434 769 487 τοὶς
804 451 850 478 τε
878 434 1007 491 τιμὰς
1035 435 1109 478 καὶ
1140 433 1277 489 ἀρχὰς
1306 433 1380 477 καὶ
1409 433 1480 476 δί-

91 519 172 554 κας
200 503 275 546 καὶ
303 502 385 560 τήν
411 505 622 562 τοιαύτην
650 507 798 548 πᾶσαν
827 501 1250 560 φιλοπραγμοσύνην
1279 501 1353 546 καὶ
1387 500 1480 544 ἐθέ-

92 575 249 622 λοντος
277 571 584 627 ἐλαττοῦσθαι,
637 572 744 616 ὥστε
772 571 1007 628 πράγματα
1035 570 1092 627 μὴ
1124 570 1247 626 ἔχειν.
1308 573 1380 626 Πῆ
1410 568 1481 625 δὴ,

91 638 198 695 ἔφη,
227 642 418 696 γίγνεται
427 660 441 693 ,-
470 641 631 693 ”Οταν,
673 637 730 698 ἦν
760 640 804 685 δ’
836 639 946 697 ἐγώ,
976 642 1153 694 πρῶτον
1186 637 1266 694 μὲν
1294 642 1372 694 τῆς
1402 655 1481 695 μη-

89 705 197 760 τρός
235 706 379 766 ἀκούῃ
417 707 682 765 ἀχθομένης,
723 707 793 752 ὅτι
832 707 887 752 ου’
917 711 1006 751 τῶν
1037 704 1263 762 ἀρχόντων
1302 704 1417 762 αὐτῇ
1448 704 1473 749 ὁ
1500 708 1540 749 D

92 773 204 830 ἀνήρ
236 774 348 827 ἐστι,
389 778 463 821 καὶ
491 775 806 833 ἐλαττουμένης
845 776 920 820 διοὶ
950 777 1088 818 ταῦτα
1118 773 1165 817 ἐν
1201 778 1296 825 ταῖς
1327 773 1481 825 ἄλλαις

90 843 320 899 γυναιξὶν,
371 845 517 889 ἔπειτα
574 843 748 900 ὁρώσης
796 842 855 900 μὴ
903 841 1083 899 σφόδρα
1130 843 1229 897 περὶ
1282 840 1482 898 χρήματα

92 910 400 966 σπουδάζοντα
445 911 552 970 μηδὲ
593 911 842 969 μαχόμενον
889 911 965 955 καὶ
1001 910 1351 965 λοιδορούμενον
1388 911 1481 967 ἰδίᾳ

92 995 137 1024 τε
166 979 214 1024 ἐν
243 982 543 1036 δικαστηρίοις
572 981 646 1024 καὶ
684 981 895 1037 δημοσίᾳ,
934 977 1045 1023 ἄλλοι
1083 979 1297 1036 ῥᾳθύμως
1332 977 1478 1022 πάντα

92 1048 146 1092 τὰ
173 1053 356 1093 τοιαῦτα
390 1049 604 1105 φέροντα,
647 1050 722 1094 καὶ
761 1048 901 1108 ἑαυτῷ
942 1048 1022 1104 μὲν
1059 1047 1139 1091 τόν
1174 1051 1288 1092 νοῦν
1317 1047 1478 1102 προσέ-

92 1133 226 1172 χοντα
255 1115 322 1161 ἀεὶ
360 1116 648 1174 αἰσθάνηται,
692 1117 852 1174 ἑαυτὴν
891 1116 937 1160 δὲ
975 1115 1081 1173 μήτε
1125 1115 1248 1160 πάνυ
1286 1121 1481 1172 τιμῶντα

141 1260 218 1300 οἶδε’
240 1267 356 1310 πως,]
388 1267 497 1310 Vulgo
522 1266 652 1311 plenius
677 1266 709 1301 h.
734 1267 756 1301 l.

94 1313 358 1357 interpungunt‚
378 1313 573 1357 Stephanus
594 1313 678 1354 colo,
702 1325 757 1346 rc

93 1359 178 1403 liqui
201 1364 348 1412 puncto,
388 1359 545 1392 Socratis
569 1359 757 1393 orationem

94 1404 169 1438 sine
199 1405 332 1462 ratipne
362 1405 613 1449 abrumpentes.
665 1405 757 1439 Nam

93 1446 148 1484 ὢν
171 1461 234 1496 pro
259 1447 334 1484 ἐστὶ
367 1451 524 1508 accipere
549 1451 680 1495 pariter
704 1454 758 1484 at-

94 1508 161 1542 que
184 1497 247 1530 hoc
269 1497 383 1542 ipsum
407 1493 482 1530 ἐστὶ
505 1497 665 1531 omissum
685 1501 757 1530 sta—

28 1543 36 1546 *
94 1549 193 1577 tuere
234 1542 365 1576 durum.
425 1543 602 1577 Commate
646 1543 758 1588 posito

96 1599 214 1623 sensus
237 1588 293 1622 hic
316 1589 453 1623 evadit:
479 1590 689 1623 Huiusmodi
705 1590 760 1622 vir

97 1637 145 1669 sic
170 1637 251 1678 sere
284 1636 436 1676 exsistit,
479 1647 519 1669 ex
544 1637 760 1670 adolescente

97 1681 198 1722 boni,
243 1686 283 1716 ut
326 1682 501 1716 interdum
532 1684 601 1726 fit,
644 1682 760 1726 patris

88 1728 178 1772 filio.

142 1769 311 1827 πατρὸς]
335 1771 431 1816 πρὸς
449 1772 535 1807 Lob.
560 1775 592 1809 V
594 1776 640 1808 at.
661 1773 710 1807 Μ.

143 1816 370 1873 φεύγοντος]
399 1817 538 1863 φεύγου
560 1821 642 1855 vat.
667 1819 712 1854 H.

143 1862 231 1909 τοὶς]
259 1877 324 1900 om.
346 1869 433 1910 Ang
457 1866 499 1899 B.
531 1866 628 1900 Flor.
653 1866 696 1900 R.
721 1865 760 1898 In

812 1265 943 1307 Astius,
969 1265 1302 1299 Schleiermacherus
1328 1269 1363 1299 et
1373 1266 1482 1299 Stall-

813 1312 991 1353 hammus,
1028 1324 1094 1345 non
1126 1316 1268 1357 propter
1304 1312 1483 1357 sequentia

813 1369 939 1391 παντα
970 1356 1017 1392 τὰ
1041 1358 1201 1392 τοιαῦτα
1231 1357 1375 1392 medium
1407 1360 1482 1392 λοι-

814 1402 1046 1447 δορούμινον
1069 1405 1209 1459 passiva
1233 1404 1483 1448 significatione

814 1452 990 1495 accipere:
1038 1452 1177 1485 etiamsi
1207 1452 1367 1484 conviciis
1399 1463 1481 1495 pro-

814 1498 1003 1530 scindatur.
1060 1497 1183 1531 Nonne
1207 1497 1413 1541 multiplices
1438 1497 1483 1530 de

817 1543 1089 1588 possessionibus
1130 1544 1207 1576 lites
1242 1543 1482 1588 pugnandique

817 1590 1013 1623 occasiones
1037 1595 1108 1622 tum
1132 1589 1290 1634 privatim
1315 1596 1384 1623 tum
1415 1601 1481 1634 pu-

816 1636 906 1669 blice
930 1635 1086 1669 accidere
1116 1636 1364 1669 meminerant?
1397 1647 1482 1681 qua-

817 1693 891 1714 rum
938 1683 1070 1715 ratione
1117 1681 1236 1715 habita
1294 1681 1483 1715 rectissime

816 1725 943 1760 ποὲντα
964 1726 1010 1761 τὰ
1037 1727 1197 1761 τοιαῦτα
1221 1727 1368 1769 dicitur,
1393 1740 1483 1773 quae

817 1775 922 1807 verba
945 1774 984 1807 L.
1012 1774 1052 1808 V.
1078 1786 1112 1819 p.
1139 1775 1219 1808 452.
1244 1774 1286 1808 D.
1322 1774 1364 1808 de
1396 1774 1484 1808 mul--

817 1824 853 1853 to
886 1820 1088 1865 simpliciore
1120 1821 1264 1866 quadam
1296 1831 1336 1853 re
1370 1820 1483 1866 posita

817 1871 906 1899 sunt.

97 1911 198 1948 Vind.
220 1911 263 1946 F.
288 1923 308 1945 a
326 1922 367 1945 m.
378 1923 430 1957 pr.
455 1912 516 1945 sed
539 1912 650 1946 altera
673 1911 760 1946 scri-

98 1958 215 2012 ptione
239 1957 390 1991 additum
413 1963 476 1992 est.

96 2001 368 2085 νῖῐἑιέιιέλιοςντος]
431 2002 613 2044 θέλοντος
673 2003 759 2037 Lob.

142 2093 544 2198 ξξῗγῖἴῖᾝέἑῗαγμα
568 2097 650 2132 ‘⁷³‘
672 2096 715 2130 B

145 2185 290 2233 ἀκούῃ]
335 2185 470 2223 α’κουόι
508 2188 594 2223 Lob.
633 2185 764 2222 οἷκούει

99 2235 267 2360 Ξίιιζὲἷῖἕ]
294 2277 411 2360 αύτῆὲ·
433 2281 574 2325 Ang.B.
590 2281 638 2360 {in
662 2280 760 2359 Ving.

100 2333 203 2407 ditulst
223 2338 302 2406 ῐέῗθ
315 2339 358 2406 eii
391 2331 532 2407 engilgisis
541 2338 764 2419 quillriimaiibi

101 2419 303 2504 ⁶5123¹2¹³3³1¹1⁵9
326 2419 421 2500 ffi‘a't
439 2420 585 2500 Ρῗέἶξὲἰῗῃ
608 2431 702 2500 35:¹3¹
702 2431 764 2500 ‘¹1¹3‘

100 2477 124 2556 i}
151 2515 340 2545 correctum
363 2511 478 2547 habet.

148 2566 212 2602 διὰ
256 2569 400 2613 ταῦτα]
449 2570 636 2606 διαταῦτα
677 2569 763 2603 Lob.

104 2615 202 2649 Vind.
227 2615 268 2649 F.
293 2615 386 2651 Mon.
406 2618 447 2653 B.
467 2619 544 2653 ΑΜ.
578 2618 659 2650 Bas.
684 2617 740 2650 ab.

151 2668 320 2717 οριόσης]
354 2670 509 2717 ὁρῶσεις
541 2686 616 2708 cum
649 2686 673 2718 η
704 2685 764 2709 su·-

103 2730 165 2764 per
186 2729 218 2752 ει
242 2719 342 2754 Vind.
369 2720 410 2754 E.

149 2762 359 2808 μαχόμενον
380 2765 441 2800 καὶ
460 2764 762 2813 λοιδορούμενον]

102 2823 165 2856 pro
193 2812 264 2846 illis
295 2819 512 2858 pugnantem
547 2815 764 2858 litigantem-

104 2869 170 2903 que
208 2858 286 2892 Fic
319 2870 418 2905 quem
457 2859 553 2906 sequi
595 2861 764 2895 debebant

864 1911 1046 1958 δημοσίᾳ]
1075 1911 1146 1955 διμ.
1175 1911 1275 1947 Vind.
1299 1911 1344 1947 Ε.

864 1966 1070 2016 ῥᾳθύμως]
1105 1967 1280 2017 ῥᾴθυμος
1312 1969 1388 2003 Ald.
1414 1967 1482 2015 ῥά-

817 2015 942 2059 θυμος
965 2017 1046 2050 Bas.
1072 2028 1103 2050 a.

868 2070 1028 2118 ἓαντήν]
1056 2070 1176 2117 αὐτὴν
1201 2073 1299 2108 Vind.
1325 2074 1368 2107 B.
1392 2073 1484 2119 quod

820 2119 1065 2154 Stallbaumius
1109 2120 1144 2153 in
1195 2131 1264 2153 sec.
1309 2122 1484 2165 praefert:

820 2178 930 2208 „nam
966 2172 1001 2199 et
1042 2166 1095 2200 vis
1126 2166 1290 2200 reflexiva
1332 2178 1374 2199 ex
1410 2167 1486 2211 ipsa

820 2211 983 2246 orationis
1016 2213 1104 2246 serie
1137 2213 1315 2246 manifesta
1350 2216 1424 2255 est,
1450 2215 1486 2246 et

819 2259 974 2302 gravitas
1007 2259 1230 2304 oppositionis
1265 2255 1386 2302 αὐτὴν
1416 2239 1484 2293 ’fla-

819 2305 932 2349 gitare
966 2305 1135 2338 videtur-,⁶
1202 2305 1317 2359 Magis
1360 2306 1486 2349 proba-

820 2363 911 2393 rem,
943 2351 973 2384 si
999 2348 1276 2394 αἰσθανομένης
1299 2351 1487 2395 praecede-

820 2401 883 2430 ret.
934 2397 1061 2431 Cuius
1074 2398 1148 2431 loco
1182 2409 1284 2442 quum
1317 2409 1379 2442 per
1403 2409 1486 2432 ana-

821 2444 979 2477 coluthon
1012 2444 1073 2486 (de
1103 2455 1170 2488 quo
1195 2444 1307 2488 paullo
1330 2455 1408 2477 mox
1434 2444 1486 2478 di·

821 2491 914 2534 cani)
933 2487 1164 2544 αἰσθανηται
1182 2493 1358 2535 receptum
1382 2495 1486 2533 esset,

820 2536 874 2578 id,
899 2536 929 2570 si
955 2532 1074 2579 αὐτὴν
1098 2542 1310 2580 sequeretur,
1335 2536 1378 2570 de
1402 2537 1486 2570 ado-

820 2583 970 2616 lescente
1005 2582 1203 2626 capiendum
1246 2583 1364 2617 videns
1398 2583 1486 2616 scri—

819 2634 899 2673 ptor
930 2628 1168 2673 perspicuitati
1199 2629 1334 2673 potius,
1384 2641 1486 2674 quam

820 2674 1010 2728 elegantiae
1035 2674 1203 2708 consuluit
1228 2678 1263 2708 et
1286 2675 1485 2710 reflexivum

819 2721 970 2756 iteravit.

864 2764 978 2821 μήτε]
1005 2764 1067 2821 μὴ
1081 2766 1165 2801 Lob.
1193 2768 1270 2801 vat.
1294 2768 1334 2802 B.

864 2811 985 2857 πάνυ]
1011 2810 1134 2857 πάντη
1147 2813 1239 2848 Mon.
1253 2814 1292 2848 B.
1312 2815 1391 2850 Par.
1404 2814 1482 2852 DK.

820 2859 915 2894 Flor.
940 2859 985 2895 U.
