1764 3176
234 130 317 170 202

672 128 1148 177 PLATONIS

232 236 485 292 ζωγράφοςι
514 237 689 292 γράψας
711 239 766 283 ἂν
795 241 975 287 τέκτονα
1005 244 1080 287 καὶ
1108 240 1339 298 πόῤῥωθεν
1365 241 1608 294 ἐπιδεικνύς

230 305 428 364 ἐξαπατῷ
467 303 522 347 ἂν
564 310 625 364 τῷ
658 310 803 352 δοκεῖν
842 310 901 362 ὠς
943 310 1121 367 ἀληθῶς
1158 311 1336 354 τέκτονα
1366 309 1490 355 εἶναι.

1554 313 1608 354 Τί

229 370 273 416 δ’
309 371 394 421 οὕς
433 372 558 417 Lm&
587 373 696 429 γὰρ,
740 374 883 432 οἶμαι,
917 373 953 422 οἷ
993 381 1113 435 φίλε,
1144 377 1245 437 τ-όδε
1277 380 1345 423 δεῖ
1370 380 1467 435 περὶ
1495 378 1605 422 πάν-

227 456 316 483 των
344 445 433 483 τῶν
462 441 676 486 τοιούτων
707 447 1003 490 διανοεῖσθαι·
1036 445 1215 490 ἐπειδάν
1244 463 1308 497 τις
1336 445 1442 502 ἡμῖν
1473 445 1631 502 ἀπαγ->

226 507 353 564 γέλλῃ
390 511 489 564 περί
530 528 632 560 του,
675 511 734 563 ὠς
764 514 962 572 ἐνέτυχεν
992 515 1215 570 ἀνθρώπῳ
1244 514 1386 566 πάσας
1422 515 1604 559 ἐπιστα-

225 575 342 633 μένῳ
372 576 449 628 τας
489 580 778 635 δημιουργίας
815 585 888 627 καὶ
925 580 1061 628 τᾶλλα
1099 583 1266 635 πάντα,
1305 582 1388 626 ὅσα
1418 580 1480 634 εἷς
1510 583 1606 626 ἕκα-

164 645 203 686 D
228 655 330 696 στος
360 643 501 698 οἶδεν,

269 791 443 837 γράψας]
489 793 634 840 γράψαι
673 797 773 832 Vind.
808 800 883 833 ΒΕ.

224 839 317 874 Mon.
344 840 384 873 C.
410 840 486 873 Vat.
511 842 554 876 H.

273 903 333 963 ἒὶν]
362 905 455 951 αγόν
480 910 572 942 Μοη.
595 911 635 943 Β.
675 911 716 944 Id
739 913 885 947 fortasse

225 966 267 987 ex
293 951 443 996 ἀγαθὸν
475 959 608 995 or‚tu1n
640 958 729 1012 quod
764 959 884 1003 aliquis

226 999 279 1033 vel
303 1012 436 1042 errore,
461 1013 560 1045 quum
581 999 759 1045 οἷγαθὸς
751 1016 783 1036 m
804 1016 884 1048 pro-

224 1045 314 1079 ximo
338 1052 441 1089 esset,
471 1048 648 1091 iterasset,
675 1050 728 1082 vel
751 1055 788 1083 ut
813 1062 883 1084 ma-

224 1091 277 1136 gis
309 1098 426 1138 aptum
461 1094 628 1136 particula
665 1091 712 1128 ἒὶν
746 1096 818 1129 eius
850 1097 883 1130 in

222 1140 332 1171 locum
367 1139 611 1174 substituisset..
659 1141 718 1174 Sic
744 1143 882 1176 V01.11.

222 1196 258 1229 p.
281 1186 369 1224 278,
392 1185 423 1217 b.
450 1182 600 1228 αγαθὸν
625 1186 661 1220 in
692 1183 784 1231 ἄγον
806 1200 882 1221 cor-

222 1234 360 1283 ruptum
377 1230 530 1265 vidimus.
578 1232 783 1267 Particulam
801 1246 881 1268 vero

222 1288 289 1309 non
314 1276 422 1309 minus
447 1277 490 1309 ad
515 1276 689 1320 τέκτονα,
714 1292 814 1324 quam
838 1281 881 1314 ad

219 1321 369 1365 γραψας
392 1324 586 1357 retulerim.
609 1326 712 1368 picto,
735 1328 765 1359 si
774 1329 883 1368 forte,

213 1369 333 1411 fabro.
371 1368 451 1401 Pari
476 1369 564 1403 enim
588 1382 746 1404 successu
767 1377 883 1406 sutore

218 1414 331 1449 aliove
354 1414 487 1448 artifice
509 1415 602 1461 picto
626 1418 803 1461 gauderet.

267 1480 460 1537 ἐξαπατῷ]
506 1482 672 1526 §ganuz-0}
713 1486 792 1521 Par.
837 1486 882 1520 K.

219 1519 420 1575 ἔξαπατῴη
442 1530 491 1573 (V
493 1543 545 1563 en.
558 1532 598 1564 B.
624 1544 644 1565 a
668 1543 711 1566 m.
736 1543 763 1566 s.
788 1532 879 1567 Flor.

218 1576 283 1620 T.)
310 1576 395 1609 editi
418 1580 497 1610 ante
522 1577 728 1611 Bekkerum.

263 1641 441 1688 τέκτονα]
476 1647 533 1688 „V
535 1646 662 1701 ulgaris
695 1647 783 1681 ratio
808 1648 878 1681 exi-

216 1691 323 1734 gebat
347 1691 397 1739 τῷ
425 1691 549 1725 δοκεῖν
574 1705 623 1731 ως
647 1689 800 1736 ἀληθῶς
821 1692 878 1728 τέ-

216 1748 312 1770 κτων
334 1734 440 1770 εἶναι.
478 1738 548 1771 Sed
572 1739 756 1773 accusativi
780 1740 879 1773 istius

216 1782 337 1816 similia
370 1785 522 1827 exempla
555 1785 687 1818 notavit
713 1786 878 1820 Matthiae

219 1830 282 1862 Gr.
316 1830 424 1873 Ampl
454 1832 488 1870 ἓ.
518 1831 596 1865 536.
632 1833 736 1865 ann.“
769 1833 877 1865 Stall-

217 1875 367 1908 baumius
399 1875 430 1908 iu
464 1887 531 1908 sec.
579 1877 702 1921 Itaque
725 1878 877 1910 fraudem

218 1920 252 1954 in
277 1933 316 1953 eo
342 1922 485 1965 positam
506 1922 687 1963 existimat,
713 1924 801 1967 quod
824 1924 876 1968 pi-

219 1972 294 2000 ctor
317 1968 415 2000 faber
449 1972 484 2000 et
517 1968 602 2001 artis
626 1969 757 2002 faluilis
782 1970 876 2012 peri-

220 2017 274 2046 tus
305 2025 380 2046 esse
413 2013 585 2050 videatur
619 2026 760 2060 eamque
782 2016 874 2048 trau-

218 2059 293 2092 dem
317 2059 438 2092 statuit
457 2061 586 2094 nonnisi
602 2061 718 2105 pueris
739 2065 772 2093 et
790 2062 876 2094 stul-

218 2105 265 2139 tis
288 2106 365 2138 fieri
387 2117 507 2150 posse,
533 2108 665 2140 adultos
698 2112 816 2140 contra
841 2113 876 2142 et

217 2162 301 2185 sana
324 2157 437 2185 mente
461 2153 631 2196 piaeditos
667 2164 780 2186 omnes
804 2158 877 2187 sta-

218 2197 279 2230 tim
320 2198 551 2232 intellecturos
595 2211 670 2232 esse
712 2199 877 2233 scientiae

216 2243 349 2277 fabrilis
385 2244 470 2277 nihil
503 2246 546 2278 ad
579 2245 746 2289 pictorem
770 2246 876 2290 perti-

214 2301 307 2323 nere.
358 2290 436 2330 Qua
470 2290 504 2323 in
540 2303 577 2325 re
609 2292 707 2335 longe
741 2303 761 2323 a
790 2292 875 2324 scri-

214 2335 322 2380 ptoris
345 2342 455 2369 mente
484 2337 665 2371 aberravit.
715 2337 874 2378 Fabrum,

213 2381 272 2426 qui
295 2393 375 2414 vere
407 2383 504 2416 faber
528 2383 593 2425 sit,
616 2395 712 2416 nemo
737 2384 875 2417 efficere

214 2433 348 2473 potest,
381 2428 443 2460 nisi
479 2430 537 2474 qui
569 2430 643 2474 ipse
666 2431 762 2463 faber
786 2429 875 2463 eius-

213 2485 280 2518 que
305 2474 388 2506 artis
412 2475 541 2518 peritus
562 2477 618 2517 sit,
642 2482 680 2509 ut
701 2487 772 2509 eam
791 2475 873 2509 alios

214 2520 338 2553 docere
372 2523 475 2563 atque
509 2522 556 2554 ita
588 2523 703 2555 fabros
732 2521 874 2555 reddere

215 2565 335 2610 possit.
392 2566 507 2599 Pictor
538 2579 618 2601 vero
657 2568 804 2613 speciem
837 2574 873 2602 et

215 2611 390 2665 imaginem
415 2612 504 2645 fabri
529 2614 694 2656 efficiens,
719 2614 748 2647 si
768 2615 874 2647 bonus

216 2658 326 2702 pictor
349 2663 424 2699 est,
453 2659 542 2692 haud
577 2660 677 2693 dubie
703 2659 816 2704 pueris
840 2665 875 2694 et

217 2704 331 2738 stultis
363 2705 530 2748 imponet,
566 2710 603 2738 ut
643 2719 662 2739 e
693 2705 874 2751 longinquo

218 2755 433 2795 conspectum
473 2763 589 2784 verum
622 2753 753 2786 fabrum
788 2752 875 2786 illius

218 2801 292 2830 arte
315 2800 465 2831 creatum
488 2797 605 2832 videre
627 2809 702 2832 sese
725 2799 875 2834 credant.

544 645 675 691 οὐδὲν
714 648 781 694 ὅτι
824 650 922 708 οὐχὶ
955 650 1264 709 ἀκριβέστερον
1293 650 1488 695 ὁτουοῦν
1517 652 1604 695 ἐπι-

941 800 1064 846 Itaque
1088 799 1303 833 accusativus
1333 799 1544 833 necessarius
1567 804 1603 834 et

942 858 1059 880 sensus
1094 847 1211 879 horum
1234 846 1414 878 verborum
1448 845 1502 878 bic
1529 851 1601 879 est.

942 894 977 925 in
1006 893 1176 934 fraudem
1209 892 1370 925 coniiciat
1412 903 1474 932 eo,
1511 893 1601 935 quod

941 950 1020 970 vere
1045 939 1190 981 fabrum
1229 938 1345 978 illum,
1388 938 1447 980 qui
1482 939 1602 981 procul

940 985 1153 1025 ostenditur,
1184 994 1254 1017 esse
1277 985 1472 1027 opinantur.
1522 983 1601 1017 Nisi

940 1031 1031 1062 forte
1055 1029 1207 1062 dativum
1231 1029 1282 1074 τῷ
1318 1030 1442 1063 δοκεῖν
1468 1029 1518 1062 ita
1541 1041 1602 1063 ex-

939 1075 1068 1120 plicare
1099 1075 1228 1116 mavis,
1260 1078 1299 1108 ut
1323 1073 1512 1120 ἐξαπατᾶν
1536 1087 1602 1120 per

933 1123 1101 1164 fraudem
1125 1123 1317 1163 adducere,
1344 1123 1526 1154 admovere
1550 1123 1602 1154 in-

940 1167 1151 1221 terpreteris‚
1180 1167 1278 1212 quasi
1303 1168 1483 1201 veinacule
1506 1167 1602 1200 dicas

941 1214 1039 1246 einen
1061 1225 1140 1247 zum
1160 1214 1317 1247 Glanben
1342 1215 1539 1256 versiihren,
1564 1214 1603 1246 in

940 1260 1004 1292 das
1027 1260 1182 1293 Glauben
1207 1259 1501 1293 hineintiiuschen.
1534 1270 1602 1313 qua

939 1305 1071 1339 ratione
1104 1305 1205 1338 dictio
1231 1302 1446 1349 ἐπαρθῆναι
1469 1306 1520 1350 τῷ
1546 1302 1601 1338 λέ-

937 1362 1015 1394 γειν
1051 1351 1199 1384 Phaedri
1230 1363 1263 1396 p.
1291 1353 1372 1387 232.
1400 1353 1441 1386 A.
1465 1340 1601 1385 defendi

938 1409 1039 1443 posse
1061 1397 1209 1431 videtur.

983 1463 1079 1499 Ἀλλὰ
1115 1464 1209 1510 γὰρ]
1247 1462 1286 1499 α’.
1319 1463 1393 1509 μήν
1428 1466 1524 1499 Mon.
1557 1465 1597 1498 C.

940 1513 1098 1547 Ceterum
1122 1512 1194 1545 Fic.

982 1578 1096 1625 τόδε]
1149 1577 1234 1615 τότὲ
1282 1580 1380 1614 Vind.
1423 1580 1468 1613 E.
1512 1577 1598 1614 τότε

935 1627 1015 1661 Par.
1040 1627 1083 1660 K.
1110 1638 1178 1662 sec.
1203 1627 1313 1660 Bekk.

980 1695 1217 1729 διανοεῖσθαι
1228 1696 1252 1739 ·]
1279 1695 1310 1729 V
1312 1694 1389 1749 ulgo
1414 1694 1446 1728 h
1459 1694 1481 1727 l.
1506 1705 1597 1728 com-

932 1752 988 1775 ma
1018 1745 1053 1775 et
1088 1742 1177 1775 infra
1208 1746 1288 1774 ante
1317 1737 1596 1785 υπολαμβάνειν

933 1787 1029 1820 colon
1054 1789 1199 1832 positum
1223 1792 1287 1829 est,
1314 1787 1420 1819 minus
1451 1797 1594 1819 eommo-

932 1834 974 1866 de
1005 1838 1144 1887 plopter
1185 1835 1290 1867 verba
1322 1831 1406 1876 περὶ
1442 1830 1595 1866 πάντων

931 1880 1006 1912 τῶν
1017 1877 1209 1922 τοιούτων,
1221 1880 1425 1912 deomnibus
1434 1879 1496 1919 his,
1506 1890 1595 1922 quae

933 1927 980 1958 ad
1014 1927 1242 1958 imitationem
1283 1925 1478 1958 huiusmodi
1513 1936 1596 1967 per—

933 1973 1061 2011 tinent,
1084 1971 1206 2017 quibus
1230 1982 1350 2024 parum
1374 1969 1595 2003 conveniebat

932 2017 1019 2050 hanc
1055 2017 1239 2050 clausulam
1263 2016 1428 2056 adiicere,
1454 2017 1593 2060 quando

933 2064 1058 2107 aliquis
1086 2064 1181 2095 nobis
1212 2063 1351 2095 nuntiat
1387 2063 1430 2094 de
1463 2063 1591 2106 aliquo,

932 2114 1003 2142 tum
1022 2114 1162 2153 propter
1181 2106 1279 2149 τόδε,
1302 2120 1321 2141 a
1343 2119 1409 2152 quo
1434 2119 1496 2151 pat
1517 2112 1593 2141 erat

932 2155 977 2196 id,
1003 2155 1096 2188 cuius
1120 2154 1405 2198 exspectationem
1426 2158 1593 2196 moverat,

932 2213 998 2234 non
1031 2201 1128 2234 nimis
1160 2201 1258 2244 longe
1292 2201 1422 2233 abesse.
1470 2200 1593 2245 Itaque

932 2247 987 2280 hic
1005 2247 1112 2288 colon,
1137 2247 1228 2280 infra
1252 2258 1377 2279 comma
1402 2246 1592 2280 faciendum

931 2292 1060 2337 putavi.
1115 2293 1231 2326 Astius
1258 2292 1441 2337 utrobique
1465 2304 1594 2326 comma

931 2339 1023 2372 fecit.

977 2405 1194 2452 ἀπαγγέλλῃ]
1226 2403 1412 2461 απαγγέλη
1435 2406 1529 2440 Μοη.
1548 2407 1588 2442 C.

930 2451 1151 2535 ξξτὶτῃιέγγὲῧλοι
1217 2449 1590 2497 Lob.c27zocyys'm.e1,

975 2567 1059 2611 περί
1084 2567 1174 2610 του]
1205 2568 1260 2601 Ita
1283 2568 1362 2604 Par.
1385 2567 1493 2602 ADK.
1520 2578 1589 2602 sec.

929 2614 1039 2647 Bekk.
1065 2614 1157 2648 Mon.
1182 2615 1222 2647 B.
1257 2614 1341 2647 Ven.
1369 2614 1410 2648 C.
1438 2614 1522 2657 Ang.
1548 2615 1587 2647 B.

932 2661 1009 2695 Vat.
1042 2660 1091 2694 M.
1138 2660 1230 2693 Flor.
1275 2660 1352 2694 RU.
1393 2659 1477 2703 περὶ
1518 2660 1587 2694 τοῦ

931 2707 1014 2740 hob.
1039 2706 1138 2740 Vind.
1164 2706 1203 2740 F.
1238 2707 1316 2739 Par.
1342 2706 1385 2739 K.
1417 2718 1485 2739 sec.
1509 2706 1585 2749 Bip.

930 2752 1014 2796 περὶ
1051 2751 1188 2786 τούτου
1224 2752 1347 2797 reliqui
1381 2764 1456 2786 cum
1487 2751 1586 2784 editis

932 2803 1010 2833 ante
1033 2799 1237 2833 Bekkerum.
1263 2799 1305 2832 dc
1320 2800 1380 2832 hoc
1399 2799 1470 2842 ipso
1490 2797 1560 2831 Fic.
