1764 3176
493 242 818 285 CIVITAS
860 244 985 286 LlB.
1015 245 1074 286 x.
1105 220 1173 284 600

570 355 583 369 θ·
624 353 636 368 2
677 352 687 367 5
732 354 744 369 ²

1430 249 1515 289 213

119 352 317 408 ”Ομηρον
345 349 388 395 δ’
421 350 508 405 ἄρα
538 369 581 395 οι
618 369 669 396 επ
727 355 922 407 εκείνου,
965 356 1084 410 εἴπερ
1115 352 1209 406 οἷός
1237 354 1278 398 τ’
1308 350 1365 411 ἦν
1401 354 1515 410 πρὸς

130 417 288 475 ἀρετὴν
326 418 485 476 όνῆναι
524 418 812 474 ἀνθρώπους,
861 422 891 478 ἢ
925 421 1134 466 Ἡσίοδον
1182 423 1408 480 ῥαψῳδεῖν
1454 422 1512 466 ἂν

128 486 377 541 περιιόντας
410 490 513 531 εἴων
543 489 615 531 καὶ
654 488 752 545 ου’χὶ
781 493 947 545 μᾶλλον
977 490 1035 533 ἄν
1066 488 1214 533 αὐτῶν
1245 487 1509 546 ἀντείχοντο,

128 555 156 612 ἢ
184 559 265 599 τοῦ
301 560 490 611 χρυσοῦ,
521 556 595 599 καὶ
626 554 872 612 ἠνάγκαζον
901 557 1021 612 παρα
1052 560 1205 613 σφίσιν
1237 560 1351 601 οἴκοι
1383 556 1507 611 εἶναι,
1538 569 1573 608 Ε

129 622 157 678 ἢ
187 625 224 666 εἰ
253 622 324 708 ’μή
369 624 568 675 ἔπειθον,
608 623 735 668 αὐτοὶ
778 624 835 668 ἂν
867 624 1202 682 ἐπαιδαγώγουν
1244 625 1330 682 ὅπη
1360 625 1513 684 ἤεσαν,

127 691 208 743 ἕως
237 693 410 743 ἱκανῶς
451 694 649 744 παιδείας
693 692 1001 748 μεταλάβοιεν,·
1053 691 1362 745 Πανταπασιν,
1415 695 1512 750 ἔφη,

129 762 272 810 δοκεῖς
312 777 407 815 μοι,
451 762 484 803 (ὁ
517 761 773 814 Σώκρατες,
818 758 964 818 αληθῆ
1003 756 1154 816 λέγειν.

1228 758 1411 804 Οὐκοῦν
1446 778 1511 804 τι-

127 831 277 884 θῶμεν
317 824 405 871 ἀπὸ
440 827 637 885 Ὀμήρου
684 828 956 885 αρξαμένους
995 827 1163 880 πάντας
1199 827 1305 880 τούς
1345 844 1512 886 ποιητι-

128 964 275 1007 codices,
298 965 480 1008 Aristides,
503 965 687 1008 Eusebius,
711 966 786 1001 Ald.

127 1011 208 1045 Bas.
238 1013 293 1047 ab.
324 1012 446 1057 Steph.
472 1014 543 1045 Ast.
580 1023 630 1056 pr.
658 1009 784 1046 ὀνινά-

127 1069 190 1090 ναι
214 1057 329 1091 Astius
349 1058 386 1091 in
410 1069 477 1092 sec.
505 1058 785 1103 quemadmodum

126 1103 320 1137 Matthiaeo
371 1115 511 1148 gramm.
557 1116 591 1147 p.
626 1105 706 1139 427.
749 1110 785 1137 et

127 1149 332 1183 Buttmanno
381 1161 520 1194 gramm.
546 1150 593 1183 II.
639 1162 672 1195 p.
707 1151 783 1185 199.

127 1195 276 1240 placuit,
299 1202 337 1229 ut
360 1196 449 1229 actio
472 1195 608 1238 juvandi
626 1197 785 1230 continua

126 1241 347 1285 significetur.
405 1241 459 1275 Ea
494 1253 575 1274 vero
611 1241 785 1286 significa-

127 1287 221 1321 tione
261 1287 408 1331 scriptor
445 1288 594 1320 sortasse
611 1289 614 1292 ’
632 1287 786 1321 consulto

126 1333 293 1368 abstinuit
316 1337 369 1375 et,
392 1337 432 1367 ut
454 1333 579 1378 aliquid
604 1333 647 1366 de
672 1333 786 1367 condi-

125 1379 219 1413 tione
242 1379 443 1421 remitteret,
465 1379 592 1416 aoristo
614 1391 695 1413 usus
720 1383 785 1422 est,

126 1426 190 1459 hoc
221 1436 341 1458 sensu·
381 1426 411 1458 si
438 1427 544 1458 semel
568 1431 704 1459 tantum
730 1428 785 1459 vel

124 1471 298 1506 interdum
329 1476 361 1505 et
391 1471 428 1504 in
456 1472 659 1515 quibusdam
685 1472 785 1505 rebus

126 1519 248 1552 iuvare
274 1519 425 1551 homines
457 1518 505 1550 ad
530 1518 692 1551 virtutem
722 1530 785 1561 po-

124 1565 256 1598 tuisset.
301 1563 373 1596 Iam
396 1575 495 1614 quum
522 1559 693 1597 ὀνινάναι
711 1564 785 1597 nul-

889 962 1012 1010 εἷναι,]
1038 963 1155 1006 εἶναι,·
1179 965 1302 1011 steph.

889 1011 1057 1056 ἔπειθον]
1087 1011 1237 1046 εἵποντο
1262 1013 1347 1055 Ang.
1372 1012 1414 1046 Β.

889 1056 1197 1102 ἐπαιδαγώγουν]
1232 1057 1384 1091 εἵποντο
1413 1057 1510 1091 Flor.

843 1104 917 1138 RT.
954 1105 1109 1138 correcti.
1152 1105 1262 1137 secuti
1295 1109 1405 1137 essent
1436 1103 1512 1136 Fic.

841 1151 961 1184 solltcn
992 1152 1041 1184 sie
1074 1151 1168 1184 nicht
1196 1151 1259 1183 mit
1287 1150 1386 1183 ihren
1422 1150 1512 1182 Kin-

841 1197 927 1229 ἀει-η
977 1198 1081 1230 ilmcn
1134 1197 1386 1240 nachgezogen
1436 1196 1510 1228 sein

844 1242 1197 1285 Schleiermacherus,
1222 1241 1277 1286 qui
1303 1253 1368 1275 non
1394 1253 1507 1275 erras-

843 1293 908 1330 set,
933 1288 963 1322 si
981 1288 1066 1321 Astii
1091 1287 1368 1321 commentarium
1392 1286 1508 1332 inspe-

841 1334 961 1368 xisset.

888 1375 976 1424 ὅπη]
1005 1373 1104 1414 ὅπου
1129 1379 1270 1413 Par.1(.
1296 1375 1387 1414 ὅποι
1405 1378 1506 1415 Vind.

841 1425 885 1459 E.
913 1426 986 1459 Ast.
1013 1437 1065 1469 pr.

886 1465 1042 1516 ᾔεσαν]
1058 1467 1173 1514 ἤεσαν
1206 1471 1286 1505 Bas.
1310 1471 1344 1504 b.
1377 1466 1509 1514 ἤεισαν

841 1517 927 1561 Ang.
953 1517 992 1550 Β.
1019 1527 1117 1560 ησαν
1140 1516 1245 1550 Arist.

887 1561 1143 1609 μεταλάβοιεν]
1167 1562 1388 1608 μεταλαβοιε
1407 1562 1508 1598 Vind.

125 1610 158 1643 la
181 1609 405 1650 auctoritate,
439 1605 573 1653 ὀνῆσαι
600 1610 786 1653 perexigua
841 1610 886 1644 F.

126 1655 268 1710 nitatur,
296 1651 419 1689 ὀνίναι
444 1663 554 1688 autem
576 1655 786 1711 ἱυχίῑηιίῳιθ

128 1697 254 1735 ὀνῑναι
281 1700 503 1755 improbabile
544 1700 611 1741 sit,
654 1698 786 1755 όνῆναι

125 1752 246 1780 contra
276 1747 428 1791 quamvis
459 1742 560 1788 ἅπαξ
592 1745 786 1791 λεγόμενον

127 1793 170 1826 ad
206 1793 338 1826 modum
368 1792 606 1826 infinitivorum
642 1793 785 1837 στῆναι,

126 1838 241 1883 βῆναι
269 1843 305 1871 et
339 1837 494 1871 similium
526 1839 709 1873 formatum
737 1839 786 1872 vi-

125 1886 267 1925 dentur,
303 1885 366 1917 hoc
397 1896 472 1917 cum
496 1884 654 1919 Bekkero
687 1897 787 1929 prae-

125 1930 300 1965 ferendum
334 1929 453 1975 putavi
488 1936 524 1964 et
566 1943 683 1965 xerum
715 1931 787 1964 exi—

125 1978 237 2012 stimo.

172 2019 417 2067 οένθρεόπους]
444 2019 663 2065 ἀνθρώποις
692 2022 785 2057 Μοιι.

124 2069 164 2104 Β.
190 2072 268 2103 ante
292 2080 378 2101 corr.
405 2080 461 2102 eos
484 2068 558 2103 Fic.

153 2110 217 2159 ἢ]
241 2113 304 2148 καὶ
328 2114 435 2148 Arist.

172 2161 376 2218 ῥαψῳδεῖν]
403 2159 594 2207 ῥαψωδεῖν
611 2160 686 2196 Ald.
705 2161 788 2194 Bas.

125 2209 180 2242 ab.
207 2205 398 2253 ῥαψῳδεῖν
422 2195 543 2251 Steph.

173 2247 235 2296 οἶν]
260 2264 325 2285 om.
352 2252 456 2286 Axist.
482 2253 556 2286 cod.
581 2252 675 2286 Mon.

171 2295 394 2342 περιιόντας]
418 2295 614 2341 περιόντας
632 2298 733 2331 Vind.
746 2298 787 2332 Β.

125 2346 218 2380 Mon.
240 2345 281 2377 B.
308 2344 387 2377 Par.
399 2344 442 2376 K.
469 2356 537 2378 see.
563 2345 672 2377 Bekk.
697 2347 783 2389 Aug.

125 2393 167 2426 Β.
192 2391 298 2425 Arist.
323 2389 396 2423 cod.
419 2390 539 2423 Baroc.
565 2390 606 2423 D.

174 2437 279 2479 εἴων]
325 2433 412 2469 εἰπὸν
450 2447 526 2468 cum
567 2448 581 2469 ι
613 2446 717 2481 super
752 2447 785 2469 ει

127 2483 226 2520 Vind.
251 2482 295 2516 F.
320 2478 366 2514 &bv
391 2481 477 2515 εἴων
501 2481 604 2515 Arist.

173 2526 269 2572 οὐχὶ]
298 2539 342 2561 ov
369 2528 473 2561 Arist.

171 2570 218 2618 ἢ]
254 2586 317 2608 om.
355 2573 455 2607 idem.
498 2573 708 2618 (Dindorfius
741 2586 783 2608 ex

125 2621 267 2655 Platone
292 2619 451 2664 recepit.)

172 2665 323 2711 χρυσοῦ]
348 2665 498 2709 χρυσοῦ.
520 2666 595 2699 Ald.
618 2666 781 2709 χρυσοῦ,
775 2678 782 2685 ·

123 2714 206 2747 Bas.
226 2713 280 2745 ab.

170 2755 392 2802 ἠνάγκαζον]
415 2754 627 2800 ἤνάγκατον
648 2756 781 2791 Par.K.

170 2802 273 2848 παρὰ
287 2803 424 2847 σφίσιν]
440 2806 669 2846 παρασφῖσιν
682 2803 782 2836 Vind.

125 2849 169 2885 F.
203 2848 287 2893 περὶ
320 2859 382 2892 σφ.
413 2850 492 2884 Bas.
525 2862 555 2884 a.
592 2860 708 2883 errore
740 2861 781 2883 ex

126 2896 322 2942 compendio
345 2895 488 2930 Aldinae
510 2899 597 2930 orto.

889 1655 993 1688 ‹So-as*
961 1666 1009 1693 εις
1042 1654 1129 1698 μοι]
1158 1665 1197 1709 μ.
1232 1654 1266 1688 δ.
1298 1653 1399 1698 idque
1431 1658 1510 1697 post

843 1713 871 1735 ω
901 1698 1115 1742 Σώκρατες,
1144 1700 1269 1743 αληθῆ
1295 1699 1397 1734 Vind.
1422 1699 1465 1732 E.

890 1743 1135 1790 α’ρξαμενους]
1161 1746 1215 1779 lta
1235 1757 1307 1779 cum
1321 1745 1506 1801 plerisque

845 1793 1026 1835 „fortasse
1069 1793 1145 1825 Par.
1188 1793 1225 1825 A.
1240 1795 1262 1810 ‘⁶
1307 1788 1508 1835 αρξάμενοι

846 1839 951 1882 (Aug.
977 1840 1017 1872 B.
1043 1838 1138 1871 Flor.
1164 1838 1223 1881 R.)
1248 1837 1353 1872 Arist.
1376 1838 1506 1870 Euseb.

844 1885 965 1929 Steph.
1008 1884 1215 1927 (tacentibus
1257 1884 1299 1916 de
1340 1883 1418 1916 Par.
1462 1883 1507 1918 K.

843 1930 1033 1986 Bip.)Ast.
1057 1942 1125 1965 sec.
1157 1930 1228 1984 „ln
1246 1929 1403 1984 praeced.
1426 1929 1506 1962 edit.

844 1973 1095 2020 ἀρξαμένους-ε
1121 1975 1181 2009 sed
1206 1972 1508 2019 αρξαμενοιῐεςί-

843 2027 898 2055 tur
925 2023 1013 2067 apud
1046 2023 1172 2055 Euseb.
1207 2028 1242 2054 et
1277 2022 1324 2055 ita
1350 2033 1424 2054 cum
1449 2021 1507 2055 alii

843 2068 954 2102 solent
993 2068 1107 2113 loqui,
1142 2073 1213 2101 tum
1253 2067 1328 2112 ipse
1361 2068 1506 2101 Plato.“

843 2115 965 2159 Steph.
990 2114 1024 2147 in
1048 2126 1092 2149 m.
1118 2113 1269 2147 Platonis
1294 2114 1422 2154 locum,
1448 2113 1506 2158 qui

844 2161 1019 2213 Stephauo
1039 2161 1217 2204 probatam
1234 2159 1410 2192 lectionem
1429 2164 1505 2192 tue-

845 2206 875 2238 ri
895 2207 1012 2250 possit,
1031 2218 1130 2239 unum
1150 2205 1225 2238 novi
1243 2206 1361 2260 Symp.
1381 2217 1413 2249 p
1427 2207 1503 2240 173.

843 2251 895 2285 D.
920 2252 983 2286 και
1003 2252 1124 2290 δοκεῖς
1146 2263 1209 2294 μοι
1228 2247 1391 2294 α’τεχνώς
1407 2249 1504 2284 πάν-

843 2310 910 2337 τας
931 2295 1089 2337 ἀθλίους
1112 2294 1287 2340 ἡγεῖσθαι
1301 2296 1403 2352 πλὴν
1423 2298 1504 2330 Σω-

842 2356 1016 2387 κρατους,
1029 2341 1104 2377 οἷπὸ
1128 2343 1268 2376 σαυτοῦ
1286 2339 1503 2386 ἄρξαμενος.

842 2390 909 2424 Hic
942 2391 1027 2424 enim
1048 2390 1272 2433 Aponodmus
1300 2389 1334 2422 in
1366 2401 1505 2423 numero

841 2436 1038 2470 miserorum
1063 2447 1127 2468 non
1160 2446 1235 2468 esse
1266 2435 1394 2480 primus
1409 2462 1418 2478 ,
1443 2436 1504 2469 sed

840 2482 986 2527 primum
1022 2493 1097 2514 sese
1122 2493 1269 2525 ponere,
1302 2493 1322 2515 a
1354 2493 1391 2516 se
1420 2493 1503 2514 enu-

841 2528 992 2562 merandi
1026 2528 1161 2560 initium
1198 2529 1321 2569 facere
1365 2528 1502 2561 dicitur.

843 2575 974 2607 Contra
1008 2574 1096 2606 haud
1130 2573 1232 2617 pauci
1257 2577 1336 2607 sunt
1359 2574 1444 2615 loci,
1465 2574 1499 2607 iu

841 2620 962 2664 quibus
998 2620 1086 2664 quod
1123 2619 1264 2663 primum
1296 2623 1349 2653 est
1381 2620 1414 2653 in
1437 2620 1499 2653 ali-

841 2677 910 2706 qua
934 2677 1047 2698 rerum
1071 2665 1172 2706 serie,
1194 2667 1238 2699 ab
1262 2678 1303 2700 eo
1328 2677 1384 2699 res
1406 2665 1503 2710 ipsae

842 2710 1036 2754 ἄρχεσθαι,
1063 2713 1199 2744 initium
1221 2713 1360 2755 habere,
1385 2712 1502 2745 dicuu-

840 2761 908 2791 tur.
942 2758 1039 2791 Talis
1064 2761 1115 2791 est
1140 2757 1214 2791 Civ
1238 2759 1280 2793 L
1298 2759 1344 2791 11.
1365 2769 1404 2814 p.
1421 2759 1500 2812 366.

840 2805 890 2837 E:
925 2815 1076 2837 παντων
1103 2815 1223 2847 υμων,
1249 2800 1332 2838 όσοι
1357 2801 1501 2837 ἐπαινέ-

839 2862 901 2883 ται
920 2846 1017 2906 φατὲ
1036 2848 1273 2903 δικαιοσύνης
1293 2847 1399 2904 εἶναι,
1422 2847 1499 2884 απὸ

839 2896 912 2930 τῶν
933 2893 970 2938 ἐξ
994 2892 1107 2941 αρχῆς
1130 2892 1265 2941 ἡρώων
1287 2893 1499 2941 ἀρξάμενοι.
