1764 3176
282 104 367 144 288

729 90 1206 137 PLATONIS

221 219 260 260 D
282 211 363 268 τήν
394 209 440 253 δε
464 206 650 263 Λάχεσιν
679 204 727 249 ἐν
756 203 875 261 μέρει
896 202 1100 259 ἑκατέρας
1129 200 1312 258 ἑκατέρᾳ
1334 201 1388 257 τῇ
1416 198 1526 255 χειρὶ
1555 195 1667 252 ἐφά-

221 842 260 883 D

266 1905 269 1913 =¹
288 1888 431 1922 Proclus
459 1884 581 1919 Theol.

281 283 478 324 πτεσθαι.

280 364 407 429 προς
435 344 516 400 τήν
557 341 757 397 Λάχεσιν.

539 278 654 329 σφᾶς
684 268 779 327 οὖν,
812 272 954 328 ἐπειδὴ
979 270 1232 326 ἀφικέσθαι,
1269 267 1406 327 εὐθυς
1437 269 1530 311 δεῖν
1554 265 1668 308 ἰέναι

815 339 1050 407 προφήτην
1089 336 1173 383 οὖν
1209 338 1307 382 τινὰ
1345 338 1459 392 σφᾶς
1489 337 1668 389 πρῶτον

280 416 360 471 μὲν
391 414 438 456 ἐν
467 409 582 463 τάξει
613 412 861 465 διαστῆσαι,
894 409 1039 452 ε’πειτα
1065 406 1256 462 λαβόντα
1285 405 1332 449 ἐκ
1361 406 1450 448 τῶν
1479 407 1555 459 τῆς
1581 406 1669 445 Λα-

280 484 435 540 χέσεως
480 478 681 535 γονάτων
725 475 916 532 κλήρους
964 494 1007 520 τε
1057 476 1131 520 καὶ
1167 476 1275 531 βίων
1325 473 1667 528 παραδείγματα,

283 549 512 606 ἀναβάντα
552 547 621 590 ἐπί
660 562 701 589 τι
731 549 847 601 βῆμα
882 543 1056 601 ὑψηλὸν
1094 545 1250 587 εἰπειν·
1290 539 1500 597 Ἀνάγκης
1531 545 1669 595 θυγα-

282 620 384 675 τρὸς
425 616 560 672 κόρης
600 613 825 669 Λαχέσεως
862 613 1004 669 λόγος.

1083 611 1217 668 ψυχαὶ
1266 609 1504 666 ἐφήμεροι,
1557 605 1668 664 ἁρχὴ

284 688 414 744 άλλης
443 682 656 740 περιόδου
685 686 856 740 θνητοῦ
886 681 1043 740 γένους
1072 676 1405 736 θανατηφόρου.
1450 675 1531 733 οὐχ
1555 674 1670 732 ὑμᾶς

335 833 532 880 ἑκατέρας]
557 847 621 868 om.
644 834 742 868 Flor.
766 834 811 868 T.
841 833 951 868 utrin-

287 896 352 929 que
377 882 563 936 (tangere)
588 880 664 914 Fic.

332 929 445 974 σφᾶς]
474 938 570 971 σφας
597 926 695 960 Vind.
707 926 782 960 EF.
801 925 896 959 Flor.
908 925 949 960 A.

331 984 553 1031 προφήτην]
630 984 787 1017 Clemens
854 983 950 1017 Alex.

286 1036 412 1068 Str-om.
452 1031 490 1065 L.
520 1031 547 1064 Ι.
580 1042 614 1074 p.
644 1030 737 1069 356,
760 1031 820 1063 11·
848 1025 885 1062 ἐν
908 1026 949 1061 δὲ

285 1081 337 1127 τῷ
365 1077 449 1123 περὶ
483 1077 604 1121 ’ψυχῆς
640 1073 798 1109 Πλάτων
838 1072 949 1108 πάλιν

285 1115 520 1180 προφητείαν
551 1122 735 1176 γνωρίζων
761 1120 948 1164 φαίνεται,

286 1169 488 1228 προφήτην
512 1166 668 1226 εἰσάγων
691 1164 757 1202 τόν
786 1167 852 1211 τῆς
873 1169 950 1200 Λα-

284 1218 416 1263 χέσεως
434 1214 545 1260 λόγον
563 1211 834 1267 ἐξαγγέλλοντα,
856 1209 950 1255 πρὸς

285 1264 354 1305 τὰς
377 1260 628 1307 κληρουμένας
658 1256 779 1304 ψυχας
810 1259 949 1303 προθε-

286 1311 473 1353 σπίζοντα.

331 1369 443 1412 σφᾶς]
472 1364 571 1409 σφὰς
595 1363 696 1397 Vind.
721 1363 765 1396 F.

331 1413 536 1470 Λαχέσεως]
565 1408 701 1454 λάχεως
726 1409 810 1442 Lob.

333 1459 412 1504 ἐπί]
448 1457 529 1493 ἐπεί
558 1457 655 1491 Vind.
682 1456 722 1489 F.
780 1454 836 1487 Cf.
865 1454 952 1487 Pro-

286 1508 331 1542 cli
356 1509 448 1541 locus
474 1516 578 1549 supra
602 1515 635 1548 Ρ.
658 1504 712 1541 12,
725 1502 757 1534 b.
782 1500 951 1533 laudatus.

332 1560 548 1608 θυγατρὸς]
580 1560 780 1604 θυγαθρὸς
801 1557 876 1590 Ald.
905 1575 952 1581 —-

286 1611 491 1646 Plutarchus
516 1609 557 1641 de
581 1609 653 1640 fato
676 1617 709 1650 p.
729 1606 808 1640 568.
832 1603 879 1636 D.
914 1600 952 1636 ἐν

287 1656 327 1692 δὲ
341 1657 405 1713 τῇ
432 1652 607 1699 Πολιτείᾳ
637 1648 807 1704 Ἀνάγκης
835 1646 953 1692 θυγα-

286 1702 376 1762 τρὸς
397 1700 509 1745 κόρης
534 1688 725 1742 Λαχέσεως
750 1693 859 1739 λόγον
880 1707 950 1749 φη-

288 1749 346 1784 σὶν
382 1746 477 1783 εἶναι
516 1743 584 1789 τήν
619 1741 861 1787 ειμαρμένην,
905 1753 949 1774 ου

287 1794 490 1839 τραγικῶς,
525 1789 617 1825 ἀλλὰ
650 1788 875 1842 θεολογικῶς
908 1783 951 1820 vd

290 1840 447 1885 ἀρέσκον
490 1835 592 1883 αὐτῷ
637 1831 953 1878 ἀποφαινόμενος.

608 1883 737 1915 Platon.
775 1880 814 1913 L.
839 1879 899 1914 V.1
923 1891 952 1911 c.

290 1937 347 1970 23.
382 1946 419 1987 p.
445 1931 532 1966 409:
567 1926 625 1962 διὸ
661 1926 723 1960 καὶ
755 1923 896 1967 ταύτην
930 1920 949 1958 6

290 1976 487 2024 προφήτης
518 1972 772 2030 διαφερόντως
797 1969 956 2013 οἷνυμνεῖ

291 2026 386 2061 θεοῦ
411 2020 623 2067 θυγατέρα·
647 2017 816 2073 Ἀνάγκης
834 2018 954 2059 θυγα-

292 2070 379 2116 τρός
403 2068 515 2114 κόρης
535 2064 725 2110 Λαχέσεως
750 2061 814 2099 ὅδε
836 2061 952 2105 λόγος.

296 2120 389 2153 Idem
412 2117 446 2150 in
470 2115 577 2148 Aleib.
602 2114 646 2146 Τ.
664 2112 710 2145 ΙΙ.
738 2123 770 2154 p.
783 2111 872 2145 303:
891 2107 953 2142 καὶ

290 2165 412 2198 ταῦτα
444 2161 574 2205 σαφῶς
608 2156 646 2192 ἐν
679 2156 854 2201 Πολιτεία
896 2151 953 2198 γε’-

291 2221 464 2266 γραπται.
503 2206 566 2240 καὶ
597 2202 668 2249 γὰρ
705 2200 779 2236 ἐκεῖ
810 2198 828 2236 ὁ
863 2211 953 2243 προ-

293 2255 414 2311 φήτης
455 2251 640 2309 προτείνει
685 2252 769 2288 ταῖς
816 2248 955 2301 ψυχαῖς

292 2315 382 2342 τους
413 2300 516 2354 βίους
551 2295 588 2332 ἐκ
620 2296 695 2330 τῶν
738 2294 806 2349 τῆς
839 2290 954 2335 Λαχέ-

295 2360 384 2387 σεως
403 2344 570 2391 γονάτων
588 2354 678 2382 τους
695 2338 851 2395 κλήρους
867 2341 954 2393 λαμ-

295 2392 421 2440 βάνων
452 2391 513 2426 καὶ
547 2390 648 2436 βοῶν
674 2385 712 2421 ἐν
736 2385 864 2430 μέσαις
889 2381 957 2417 αὕ-

296 2443 379 2480 ταῖς
402 2442 484 2477 ταῖς
504 2438 659 2479 ψυχαῖς·
682 2431 870 2487 ἐφήμεροι.
894 2428 956 2463 καὶ

295 2484 317 2532 ἡ
352 2497 424 2540 μεν
453 2481 632 2527 πρότασις
665 2478 728 2514 διὰ
751 2477 863 2533 μέσον
888 2475 956 2510 τοῦ

294 2529 494 2576 προφήτου
528 2528 612 2570 περὶ
648 2527 695 2570 (l.
728 2521 857 2567 παρα)
892 2523 958 2565 τῆς

295 2577 506 2631 Λαχέσεως,
530 2571 552 2618 ή
584 2571 622 2608 δε
649 2572 786 2616 αἵρεσις
816 2568 853 2603 ἐκ
882 2569 957 2602 τῶν

295 2620 564 2678 προταθέντων
597 2615 670 2664 ἥδη
706 2617 782 2652 τῶν
826 2614 958 2660 ψυχῶν

297 2670 394 2706 ἐστὶν
419 2679 556 2703 αυτων.

297 2774 328 2808 F
343 2725 554 2772 Λαχέσεως]
589 2720 724 2766 λάχεως
749 2720 834 2757 Lob.
857 2718 958 2753 Vind.

1054 828 1186 875 λόγος]
1221 826 1324 872 λόγοι
1346 827 1441 861 Mon.
1465 826 1504 860 B.
1537 822 1670 869 λόγους

1006 877 1085 911 Par.
1112 876 1187 910 DK.
1211 887 1279 909 sec.
1304 874 1413 907 Bekk.

1056 919 1183 966 ἄλλης]
1210 919 1298 964 α’λλη
1324 920 1416 953 Mon.
1438 919 1480 952 B.
1504 917 1601 951 Flor.
1624 915 1670 950 U.

1053 965 1341 1012 θανατηφόρου.
1354 966 1367 1009 ]
1399 959 1672 1020 θανατηφόροι

1007 1015 1089 1049 Par.
1124 1015 1169 1048 K.
1202 1009 1478 1055 θανατηφόρου
1516 1010 1589 1043 sine
1618 1008 1673 1041 in-

1007 1061 1244 1105 terpunctione
1271 1059 1345 1092 Ald.
1379 1053 1671 1110 θανατηφόρου.

1007 1107 1128 1152 Steph.
1169 1108 1242 1140 Ast.
1284 1117 1351 1139 see.
1381 1099 1672 1146 θανατηφόρου,

1007 1154 1085 1186 Bas.
1138 1153 1194 1187 ab.
1241 1151 1315 1185 Ast.
1357 1161 1407 1195 pr.
1453 1152 1535 1182 tert.
1580 1147 1674 1180 Bek-

1006 1200 1110 1232 kerus
1135 1204 1170 1232 et
1194 1196 1460 1236 Stallbaumius,
1488 1194 1546 1237 qui
1576 1190 1669 1237 αρχὴ

1006 1245 1167 1278 videntur
1207 1255 1268 1288 pro
1302 1241 1459 1276 vocativo
1501 1239 1672 1274 habuisse.

1006 1291 1096 1325 Mihi
1119 1302 1180 1335 pro
1201 1289 1405 1323 nominativo
1430 1286 1620 1320 habendum
1639 1287 1674 1318 et

1007 1334 1082 1370 ἐστὶ
1107 1335 1372 1369 subaudiendum
1394 1333 1543 1366 videtur.

1052 1379 1165 1425 ὑμᾶς]
1191 1378 1291 1425 ἡμᾶς
1314 1379 1414 1412 Vind.
1433 1379 1506 1412 BE.
1533 1379 1618 1420 Ang.
1632 1376 1673 1411 B.

1054 1426 1221 1471 λήξεται]
1248 1428 1286 1460 ln
1315 1425 1418 1459 Vind.
1443 1426 1483 1459 B.
1512 1430 1542 1467 ψ
1568 1433 1671 1468 super

1007 1473 1027 1517 ξ
1051 1475 1221 1529 scriptum
1237 1476 1300 1508 est.

1054 1517 1173 1573 υμεῖς]
1199 1516 1305 1562 ήμεῖς
1328 1517 1415 1550 idem
1440 1519 1520 1549 ante
1544 1525 1632 1549 corr.

1056 1563 1280 1609 αἱρήσεσθε]
1315 1560 1537 1607 αἱρήσεσθαι
1569 1559 1673 1594 Vind.

1009 1609 1450 1647 B.F10r.R.P10t·1nus
1485 1606 1676 1642 Enn.11.1

1010 1659 1050 1692 L.
1072 1659 1104 1692 4.
1130 1669 1159 1691 e.
1178 1659 1211 1693 3.
1236 1669 1269 1701 p.
1285 1657 1362 1692 284.
1381 1656 1432 1689 Ε.
1457 1652 1586 1698 ὀρθῶς
1605 1651 1674 1686 οὐν

1008 1702 1150 1748 λέγεται
1184 1700 1283 1747 ήμᾶς
1318 1700 1541 1747 αἱρήσεσθαι
1574 1698 1674 1743 (δαί-

1037 1762 1114 1784 ova

1008 1751 1674 1877 ζτῑεῆξὲςαξεεθωῶῐρΐιοιξὲ·

1010 1888 1150 1933 phyrius
1175 1887 1265 1931 apud
1283 1886 1468 1920 Stobaeum
1493 1884 1556 1919 ech
1575 1882 1614 1915 L.
1626 1881 1673 1915 II.

1010 1946 1044 1979 p.
1063 1935 1142 1969 368.
1172 1933 1277 1966 Heer.
1311 1928 1453 1986 χαλεπὰ
1484 1926 1596 1985 ήμῖν,
1621 1927 1675 1960 in·-

1011 1981 1097 2025 quit,
1115 1976 1316 2034 ἐφαίνετο,
1344 1988 1434 2010 ποτε
1459 1987 1524 2019 μεν
1551 1974 1674 2017 λέγον-

1009 2038 1074 2081 τρι,
1111 2022 1169 2059 ὅτι
1198 2024 1345 2080 πρῶτος
1380 2022 1557 2077 αιρείσθω
1587 2019 1676 2076 βίον

1011 2084 1039 2129 cz)
1068 2069 1237 2104 συνέσται
1262 2067 1298 2111 ἐξ
1319 2066 1492 2112 ανάγκης,
1512 2078 1601 2100 ποτε
1623 2063 1675 2107 δε,

1012 2130 1071 2153 οτι
1096 2113 1140 2151 ὃν
1175 2110 1247 2161 (ῶν
1273 2115 1346 2149 cod.
1371 2114 1505 2169 Vatic)
1532 2110 1675 2167 εἰλήχα-

1009 2176 1076 2220 μεν
1112 2163 1273 2205 δαίμονα
1307 2156 1592 2205 αναπόδραστός
1621 2170 1675 2197 τις

1010 2207 1098 2255 ἡμῖν
1119 2206 1296 2252 φρουρός

1057 2253 1245 2298 συνέσται]
1290 2263 1461 2287 συνεσται
1494 2250 1596 2285 Vind.
1632 2251 1674 2284 B.

1012 2299 1184 2336 σύνεσται
1210 2300 1314 2334 Vind.
1339 2299 1382 2332 F.

1013 2345 1095 2428 Eg&
1122 2345 1308 2391 ἀνάγκης]
1341 2343 1437 2387 εξαν.
1461 2343 1547 2377 Lob.
1572 2341 1674 2376 Vind.

1060 2436 1171 2483 αρετὴ
1187 2457 1230 2463 -
1245 2434 1438 2479 ἀναίτιος]
1463 2434 1580 2469 laudat
1596 2433 1676 2467 Cle-

1013 2497 1106 2520 mens
1130 2486 1182 2518 ΑΙ.
1207 2485 1331 2517 Strom.
1358 2484 1398 2519 L.
1411 2482 1455 2515 V.
1480 2493 1513 2526 p.
1527 2482 1606 2522 731,
1621 2479 1676 2514 15.

1015 2535 1050 2566 et
1082 2530 1320 2565 Theodoretus
1353 2529 1504 2582 Therap.
1537 2526 1577 2560 L.
1612 2525 1674 2558 VI.

1015 2590 1051 2634 p.
1078 2578 1164 2614 867·
1200 2572 1284 2609 ἄλλ’
1311 2572 1330 2629 6
1359 2571 1516 2608 Πλάτων
1540 2582 1675 2605 ταναν-

1014 2623 1077 2657 τίοι
1101 2620 1276 2660 διδάσκει,
1301 2617 1352 2660 ῶς
1382 2617 1493 2664 αρετὴ
1515 2615 1676 2652 οἶδε’σπο-

1015 2682 1080 2704 τον
1105 2673 1170 2703 etc.
1223 2664 1610 2724 Cf.Porphyri31sl.c.
1640 2675 1673 2708 Ρ.

1015 2717 1104 2752 370.
1136 2715 1216 2754 πῶς
1242 2711 1295 2747 ε’τι
1331 2709 1350 2757 ἡ
1378 2709 1488 2756 οἷρετὴ
1516 2707 1674 2743 ἀδέσπο-

1017 2773 1100 2805 τος,
1139 2756 1187 2806 ἣν
1228 2759 1344 2803 τιμῶν
1383 2757 1447 2793 καὶ
1489 2753 1674 2799 ατιμάζων
