1764 3176
237 129 382 156 xxxvr
657 111 1183 165 PRAEFATIO

237 235 359 273 quater
377 232 524 273 quatuor
546 228 601 264 16.
621 232 741 271 quater
758 240 877 263 novem
895 229 951 264 36.
973 233 1093 272 quater
1110 230 1163 262 16.
1182 224 1237 263 64.
1273 228 1341 264 Qui
1363 226 1383 261 a
1403 227 1620 261 dissimilibus

235 291 457 329 generantur,
486 286 587 328 plane
607 290 686 318 sunt
705 285 897 328 dissimiles,
926 290 965 318 ut
987 286 1043 328 qui
1062 296 1104 318 ex
1122 286 1156 319 2.
1188 290 1222 318 et
1242 286 1274 319 6.
1293 284 1533 325 duodenarius,
1564 285 1620 326 qui

238 354 282 377 ex
302 346 332 377 6.
354 348 389 376 et
412 344 463 375 19.
484 343 522 374 fit
538 341 594 375 72.
614 347 650 375 et
667 343 716 375 sic
736 342 909 386 deinceps.
969 341 1069 384 Quod
1091 342 1118 374 si
1143 353 1185 374 ex
1215 341 1379 385 dissimili,
1405 340 1438 375 6.
1457 346 1490 374 et
1509 341 1621 384 simili,

235 400 268 433 4.
289 399 519 441 multiplicatis
539 398 683 441 aliquem
704 400 931 441 producamus
945 424 955 443 ‚
991 399 1056 431 erit
1076 398 1246 430 dissimilis
1264 398 1432 439 oblongus
1455 393 1509 429 24.
1530 401 1565 429 et
1588 397 1621 429 in

235 456 356 489 ordine
376 455 552 488 malorum.
624 456 661 488 In
684 457 910 497 gnomonibus
933 455 1176 496 quadratorum
1200 452 1369 496 (gnomon
1387 454 1518 486 numeri
1536 464 1622 495 qua—

234 512 390 554 dranguli
410 516 462 545 est
478 521 649 552 numerus,
669 513 725 553 qui
738 522 889 544 summae
903 512 1077 554 utriusque
1089 506 1206 543 lateris
1218 512 1373 544 detracta
1392 509 1536 543 monade
1549 509 1621 542 el'fi-

235 566 342 614 citur)
364 573 400 602 et
417 568 642 611 gnomonibus
661 569 769 600 altera
787 573 885 611 parte
902 569 1091 610 long10rum
1110 569 1187 600 talis
1209 567 1362 601 occurrit
1379 566 1556 607 analogia:

647 625 675 657 1.
705 624 738 657 3.
768 625 801 657 5.
831 625 864 657 7.
922 625 955 658 9.
988 624 1040 657 11.
1072 624 1126 658 13.
1160 623 1213 658 15.

641 680 673 713 2.
703 676 736 712 4.
767 679 799 713 6.
830 682 861 713 8.
895 682 948 714 10.
985 681 1035 713 12.
1069 677 1121 713 14.
1154 680 1208 714 16.

236 736 274 768 Si
297 735 511 778 accipiantur
546 740 615 769 tres
655 747 844 778 gnomones
870 737 1114 779 quadratorum
1150 738 1179 770 1.
1198 736 1230 770 3.
1252 735 1286 771 5.
1302 745 1433 769 summa
1457 739 1510 767 est
1528 733 1562 767 9.
1589 738 1624 766 et

236 794 304 826 duo
341 794 448 825 altera
476 797 574 835 parte
600 793 790 835 longiorum
824 794 857 829 2.
878 798 913 826 et
933 791 965 829 4.
988 805 1120 826 summa
1147 798 1198 826 est
1215 795 1248 827 6.
1272 794 1328 835 qui
1357 796 1410 825 est
1429 791 1623 833 subsesqui-

236 850 323 882 alter
349 850 391 881 ad
413 849 445 881 9.
505 850 543 881 Si
568 850 781 892 accipiantur
811 855 956 892 quatuor
984 851 1249 893 quadratorum,
1281 860 1412 882 summa
1435 849 1499 881 erit
1517 847 1570 881 16.
1591 851 1625 879 et

236 907 337 939 trium
357 906 465 938 altera
489 910 588 947 parte
617 907 808 947 longiorum
834 907 865 937 2.
893 903 925 939 4.
948 906 980 941 6.
999 917 1130 940 summa
1151 912 1203 939 est
1224 907 1277 939 12.
1301 910 1353 939 est
1370 910 1485 938 autem
1509 903 1562 936 16.
1581 903 1625 936 ad

239 962 294 994 12.
333 962 568 1003 sesquitertius
582 987 592 1002 ,
631 963 861 1005 deincepsque
902 968 980 995 sunt
1025 964 1277 1006 sesquiquarti,
1327 967 1363 995 et
1394 960 1627 1003 sesquiquinti.

237 1019 369 1055 Quodsi
387 1023 628 1061 comparentur
650 1019 817 1061 quadrati,
842 1024 876 1052 et
895 1019 951 1061 qui
972 1021 1060 1052 inter
1082 1020 1156 1053 illos
1179 1024 1258 1053 sunt
1278 1019 1381 1052 medii
1403 1019 1510 1050 altera
1530 1021 1627 1060 parte

236 1076 421 1117 longiores,
451 1076 539 1107 ratio
555 1076 686 1118 primae
709 1076 890 1117 analogiae
921 1081 972 1108 est
987 1076 1102 1119 dupla,
1132 1076 1162 1110 1.
1185 1077 1219 1110 2.
1244 1071 1277 1109 4.
1300 1075 1473 1108 secundae
1495 1074 1626 1116 sesqui-

237 1133 347 1165 altera
375 1132 408 1164 4.
440 1130 472 1165 6.
501 1131 534 1165 9.
559 1133 682 1165 tertiae
714 1132 932 1174 sesquitertia
952 1132 984 1166 9.
1007 1134 1059 1167 12.
1090 1132 1143 1164 16.
1166 1132 1266 1165 etsie
1290 1132 1462 1174 deinceps.
1522 1131 1627 1163 Com-

236 1189 365 1232 paratis
387 1199 466 1221 vero
484 1189 594 1220 altera
612 1194 709 1231 parte
730 1189 940 1231 longioribus
953 1214 963 1230 ,
993 1194 1028 1222 et
1049 1189 1168 1222 mediis
1189 1189 1363 1231 quadratis
1376 1213 1386 1229 ‚
1415 1187 1627 1220 invenientur

235 1246 387 1278 rationes
412 1249 583 1286 cognatae
613 1249 646 1278 et
676 1256 850 1278 connexae
870 1246 972 1289 dupla
989 1257 1066 1278 cum
1085 1247 1309 1288 sesquialtera
1333 1246 1366 1278 2.
1389 1240 1422 1276 4.
1444 1245 1476 1278 6.
1495 1244 1625 1286 sesqui-

235 1303 346 1335 altera
370 1312 446 1334 cum
465 1302 680 1343 sesquitertia
699 1303 732 1335 6.
755 1302 788 1337 9.
815 1302 871 1336 19.
890 1303 1107 1344 sesquitertia
1137 1313 1213 1336 cum
1235 1302 1474 1344 sesquiquarta
1494 1301 1551 1334 12.
1573 1301 1626 1333 16.

235 1359 291 1391 ΞΟ.
312 1362 348 1391 et
365 1359 414 1391 ita
440 1357 612 1400 deinceps.
670 1358 813 1401 Insuper
831 1359 940 1391 omnis
972 1359 1160 1401 quadratus
1181 1363 1214 1392 et
1234 1359 1351 1392 similis
1374 1368 1450 1391 cum
1471 1358 1627 1389 subiecto

235 1416 344 1448 altera
365 1418 464 1458 parte
496 1415 641 1456 longiori
665 1419 699 1446 et
720 1415 872 1448 dissimili
901 1415 1005 1448 efficit
1022 1417 1206 1457 trigonum.
1242 1412 1415 1459 (trigonus
1438 1424 1498 1446 seu
1517 1413 1625 1445 trian-

236 1472 365 1515 gularis
396 1481 556 1504 numerus
589 1475 658 1511 est,
690 1472 785 1504 cuius
817 1472 981 1505 monades
1003 1472 1036 1505 in
1063 1472 1207 1505 sormam
1236 1471 1396 1513 trianguli
1427 1469 1628 1512 aequilateri

237 1529 371 1571 disponi
394 1532 546 1571 possunt,
577 1528 667 1560 velut
690 1528 872 1568 ternarius,
903 1539 946 1561 ex
976 1539 1043 1561 uuo
1067 1533 1101 1562 et
1122 1529 1254 1562 duobus
1274 1527 1494 1570 compositus,
1524 1537 1626 1559 sena—

235 1586 306 1619 rius
329 1595 450 1625 unum,
482 1584 548 1617 duo
570 1589 605 1617 et
623 1584 687 1616 tria
708 1585 960 1627 complectens,
992 1585 1153 1618 denarius
1174 1596 1232 1618 seu
1254 1595 1368 1625 unum,
1400 1583 1479 1624 duo,
1511 1584 1576 1616 tria
1593 1586 1630 1615 et

237 1646 396 1684 quatuor,
427 1640 680 1683 quindenarius,
708 1645 743 1673 et
763 1642 813 1673 sic
833 1638 967 1687 porro.)
1000 1644 1031 1674 1.
1063 1642 1098 1675 ἑ).
1119 1642 1202 1674 dant
1224 1641 1256 1676 3.
1281 1642 1463 1682 trigonum.
1486 1636 1518 1673 4.
1539 1643 1573 1672 et
1595 1638 1626 1672 6.

237 1699 321 1731 dant
350 1698 402 1730 10.
429 1698 622 1739 trigonum,
653 1701 688 1729 et
706 1697 756 1729 sic
778 1697 951 1740 deinceps.
1008 1698 1094 1730 Item
1122 1699 1151 1730 si
1179 1698 1350 1730 addantur
1377 1697 1504 1739 primus
1529 1696 1627 1729 dissi-

239 1755 326 1788 milis
347 1753 500 1787 secundo
526 1753 647 1794 simili,
678 1754 728 1786 vel
747 1753 917 1786 secundus
940 1754 1110 1787 dissimilis
1132 1755 1235 1788 tertio
1255 1754 1373 1794 simili,
1404 1756 1503 1786 erunt
1523 1753 1628 1786 etiam

239 1811 375 1854 trigoni.
434 1811 511 1843 Duo
541 1814 577 1842 et
604 1814 752 1852 quatuor
779 1811 811 1844 6.
841 1820 903 1843 sex
937 1815 971 1843 et
995 1810 1028 1845 9.
1054 1811 1108 1844 15.
1131 1815 1197 1845 etc,
1254 1811 1307 1842 Ita
1331 1809 1518 1843 declaravit
1536 1809 1628 1843 Iam·

237 1867 370 1901 blichus
389 1876 566 1900 numerum
581 1866 674 1899 illum
696 1867 892 1909 nuptialem.

351 1924 412 1956 Sic
436 1922 634 1956 Bullialdus.
692 1922 800 1955 Nobis
815 1934 895 1956 vero
919 1921 1006 1955 haec
1025 1921 1201 1956 Iamblichi
1224 1922 1410 1956 declaratio
1432 1933 1452 1955 a
1471 1921 1626 1955 Platonis

238 1981 410 2014 sententia
430 1980 626 2021 longissime
653 1979 786 2012 videtur
811 1980 984 2012 aberrare.
1041 1977 1155 2021 Atque
1183 1978 1269 2012 haec
1302 1989 1425 2012 caussa
1452 1978 1536 2023 fuit,
1568 1988 1628 2011 cur

240 2039 342 2071 alium
360 2037 510 2070 eiusdem
528 2038 639 2069 locum
669 2036 702 2069 in
723 2036 798 2069 vita
831 2037 1056 2080 Pythagorae
1074 2046 1149 2078 cap.
1169 2036 1312 2069 XXVII.
1332 2036 1396 2068 etsi
1417 2035 1466 2068 ita
1488 2045 1627 2077 compa-

239 2099 335 2128 ratus
353 2098 466 2134 esset,
497 2097 534 2125 ut
551 2093 705 2126 veritatis
722 2093 923 2126 testimoniis
941 2093 1158 2125 annumerari
1178 2103 1278 2135 posse
1294 2093 1483 2132 videretur,
1513 2096 1628 2124 tamen

240 2151 274 2184 in
297 2152 338 2184 iis
357 2150 487 2183 referre
516 2150 748 2182 dubitaremus
782 2153 817 2182 et
838 2148 905 2182 huc
923 2150 1036 2192 potius
1062 2149 1281 2182 reiiciendum
1300 2149 1514 2188 duceremus,
1544 2141 1629 2190 quo-

240 2208 332 2241 niam
351 2207 487 2240 minime
505 2210 772 2239 consentaneum
788 2211 879 2239 esset
898 2216 986 2246 eum,
1016 2207 1073 2248 qui
1089 2206 1192 2238 semel
1207 2206 1275 2238 tale
1296 2205 1458 2238 iudicium
1478 2205 1629 2245 fecisset,

241 2265 326 2297 alias
354 2269 448 2297 recte
467 2263 648 2296 iudicasse.
707 2263 777 2296 Sed
798 2264 920 2296 multas
952 2264 1006 2296 ille
1026 2264 1118 2295 locus
1146 2261 1363 2295 difficultates
1398 2261 1501 2295 habet
1525 2265 1629 2303 atque

243 2321 346 2354 etiam
367 2322 400 2354 in
418 2320 600 2353 novissima
620 2319 789 2363 editione,
821 2320 874 2352 cui
902 2319 1047 2361 praefuit
1071 2319 1284 2351 doctissimus
1300 2319 1549 2363 Kiesslingius,
1581 2318 1629 2350 ita

243 2378 449 2410 constitutus
470 2381 534 2420 est,
552 2381 591 2409 ut
605 2387 708 2409 sanus
728 2377 834 2409 videri
853 2380 1011 2418 nequeat.
1051 2376 1111 2408 Sic
1138 2376 1225 2409 enim
1247 2376 1370 2417 legitur
1383 2374 1506 2418 p.276.
1550 2373 1628 2406 Ho-

243 2432 388 2466 λιτειῶν
410 2429 449 2465 δὲ
467 2428 640 2475 γραμμάς
658 2441 763 2470 τινας
784 2428 937 2465 τοιάσδε
965 2435 1064 2473 τρεῖς
1085 2429 1373 2473 συστησάμενον,
1400 2432 1478 2469 τοῖς
1499 2425 1630 2473 ἄκροις

245 2485 414 2532 ἀλλήλων
436 2485 705 2531 συμψαυούσας
718 2515 728 2531 ,
760 2486 821 2521 καὶ
836 2487 925 2530 μίαν
942 2482 1062 2532 ὀρθὴν
1088 2488 1225 2531 γωνίαν
1244 2480 1425 2525 ποιούσας
1438 2494 1447 2504 ·
1474 2483 1543 2529 τὴν
1563 2482 1628 2529 μὲν

244 2543 431 2587 ἐπίτριτον
451 2540 564 2588 φύσιν
580 2542 736 2588 ἔχουσαν
749 2554 758 2564 ·
789 2541 858 2588 τὴν
877 2542 917 2578 δὲ
939 2542 1046 2578 πέντε
1064 2543 1218 2577 τοιαῦτα
1238 2541 1448 2585 δυναμένην
1461 2551 1471 2562 ·
1501 2540 1568 2586 τὴν
1588 2539 1629 2576 δὲ

245 2600 390 2636 τούτων
419 2597 641 2645 ἀμφοτέρων
666 2597 861 2645 ἀνάμεσον.
918 2599 1173 2644 Λογιζομένων
1199 2595 1236 2634 ὁ’
1267 2594 1370 2643 ἡμῶν
1399 2596 1464 2639 τάς
1489 2598 1630 2635 τελῶν

245 2657 426 2704 γραμμῶν
454 2653 550 2701 πρὸς
575 2653 732 2700 ἀλλήλας
753 2653 1001 2701 συμπτώσεις,
1031 2655 1092 2690 καὶ
1114 2655 1180 2696 τὰς
1207 2655 1281 2690 τῶν
1297 2656 1441 2700 χωρίων
1459 2655 1532 2689 ταῖν
1553 2649 1626 2689 ὑπὸ

246 2713 403 2759 τούτων,
433 2714 622 2758 βελτίστην
640 2709 933 2748 ὑποτυποῦσθαι
952 2714 1136 2752 πολιτείας
1157 2710 1297 2749 εἰκόνα,
1341 2712 1630 2756 σφετερίσασθαι

248 2769 287 2807 δὲ
308 2769 375 2816 τὴν
407 2768 522 2814 δόξαν
552 2767 736 2805 Πλάτωνα
754 2769 906 2815 λέγοντα
931 2771 1105 2815 φανερῶς
1122 2767 1162 2804 ἐν
1186 2769 1230 2815 τῇ
1254 2769 1440 2815 Πολιτείᾳ,
1469 2764 1536 2804 τόν
1553 2765 1629 2802 ἐπί-
