1764 3176
272 134 357 173 262

716 129 1192 173 PLATONIS

280 239 480 292 Οὐκοῦν,
519 235 575 297 ἦν
616 241 661 285 δ’
689 240 792 297 ἐγώ,
835 240 889 286 τά
922 258 968 286 τε
1008 241 1118 285 ἄλλα
1159 239 1472 297 ἆπεδυσάμεθα
1513 241 1561 285 ἐν
1597 246 1658 298 τῷ

213 314 248 356 Β
272 309 388 366 λόγῳ
418 310 492 353 καὶ
523 307 577 353 οὐ
608 310 713 360 τοὺς
743 310 933 366 μισθοὺς
963 308 1065 353 οὐδὲ
1095 309 1171 360 τὰς
1205 309 1333 362 δόξας
1363 309 1647 367 δικαιοσύνης
1659 323 1726 357 518

274 378 593 434 ἑπηνὲγκαμεν,
645 376 788 432 ὥσπερ
837 377 1047 422 Ἡσίοδόν
1093 394 1138 421 τε
1188 379 1263 421 καὶ
1291 377 1492 434 μὈμηρον
1538 379 1662 433 ὑμεῖς

274 446 430 501 ἔφατε,
473 444 574 489 ἀλλ’
607 444 717 490 αὐτὸ
759 446 1047 503 δικαιοσύνην
1078 444 1188 503 αὐτῇ
1218 450 1337 503 ψυχῇ
1373 445 1557 501 ἄριστον
1586 447 1662 492 εὗ·-

275 530 410 568 ρομεν
447 514 522 557 καὶ
560 514 766 569 ποιητέον
803 513 916 558 εἶναι
958 514 1071 573 αὐτῇ
1111 513 1164 556 τὰ
1194 516 1366 562 δίκαια,
1406 514 1485 557 ἐάν
1514 513 1555 557 τ’
1587 515 1660 572 ἔχῃ

274 580 353 625 τὸν
384 581 535 638 Γύγοὺ
566 581 800 626 δακτύλιον
829 582 906 626 ἐάν
936 599 980 627 τε
1011 582 1094 639 μή,
1125 583 1199 627 καὶ
1226 583 1339 638 πρὸς
1369 581 1556 640 τοιούτῳ
1588 585 1660 626 δα-

274 652 436 705 κτυλίῳ
478 649 558 708 τὴν
586 649 736 702 ’Ἄϊδος
783 655 948 707 κυνῆνς

266 712 364 772 ³A9²
403 714 508 772 οὖν,
555 715 609 775 ἦν
664 717 706 763 δ’

327 863 478 900 Οὐκοῦν
496 888 539 892 —
563 866 759 912 περιμένει.
785 869 864 904 614.
885 869 936 912 A.]

274 912 447 956 excerpsit
481 914 652 947 Stobaeus
694 927 792 949 serm.
826 915 940 951 VIIII.

275 970 308 1002 p.
331 961 407 993 122.
450 959 571 993 Priora
595 972 703 1005 usque
727 962 771 995 ad
795 960 941 994 λανθά-

274 1016 382 1038 νετον
406 1005 446 1037 Ε.
473 1018 538 1041 om.
564 1006 637 1039 cod.
664 1010 702 1039 Α.

322 1047 613 1096 α’πεδυσάμεθα]
672 1049 942 1094 ἀπελυσάμεθα

275 1097 356 1130 Par.
372 1097 475 1131 ADK.
501 1110 570 1132 sec.
594 1099 704 1132 Bekk.
727 1099 810 1132 Lob.
841 1098 940 1132 Vind.

277 1142 317 1176 F.
352 1143 445 1177 Mon.
470 1145 512 1177 Β.
556 1145 635 1178 Vat.
655 1145 739 1178 BM.
782 1146 869 1180 Ven.
900 1145 941 1178 C.

276 1190 362 1233 Ang.
392 1190 432 1224 B.
459 1190 557 1223 Stob.
585 1196 620 1224 et
647 1190 708 1224 int
736 1191 944 1225 vers.F10r.

280 1235 326 1270 T.
373 1235 413 1268 Id
438 1248 480 1269 ex
504 1237 655 1270 Stobaeo
681 1237 798 1270 Astius
820 1237 854 1270 in
876 1248 946 1272 sec.

277 1281 410 1331 recepit
431 1288 466 1315 et
484 1278 718 1316 ἀπολύεσθαι
736 1284 837 1325 idem,
855 1283 946 1328 quod

279 1323 606 1371 οἷπαλλαττεσθαι,
633 1340 669 1362 se
696 1331 857 1370 liberare,
884 1331 945 1363 de-

271 1374 382 1418 fungi
406 1386 481 1407 esse
505 1375 646 1408 monuit.
679 1376 750 1409 Sed
774 1388 816 1409 ea
839 1375 944 1419 signi-

278 1419 394 1453 ficatio
418 1431 522 1464 quum
542 1421 723 1455 universae
742 1423 945 1464 sententiae,

278 1470 348 1499 tum
376 1466 490 1500 addito
522 1464 569 1500 τὰ
605 1463 700 1501 ἄλλα
730 1468 838 1502 minus
864 1480 945 1501 con-

277 1512 392 1551 venit,
440 1524 551 1568 neque
593 1525 657 1557 ego
711 1515 810 1548 aliam
854 1514 943 1557 novi,

278 1569 348 1602 qua
372 1555 640 1602 ἀπελυσάμεθα
673 1560 847 1593 commode
876 1560 945 1594 dici

278 1603 311 1638 h.
337 1603 362 1638 l.
393 1605 557 1649 potuerit.
618 1606 747 1639 Contra
784 1603 946 1640 ἀποδύε-

281 1617 414 1704 σθαι)Ρ
429 1651 520 1696 quod
544 1663 645 1696 quam
670 1653 773 1686 facile
796 1653 844 1685 ita
868 1664 945 1686 cor—

281 1697 392 1741 rumpi
426 1699 597 1741 potuerit,
624 1698 746 1732 Koenii
776 1704 812 1732 et
835 1699 947 1733 Bastii

280 1742 517 1776 annotationes
554 1744 597 1777 ad
626 1745 775 1790 Gregor.
799 1756 833 1789 p.
864 1744 944 1780 474.

282 1791 318 1821 et
340 1790 419 1824 711.
446 1789 628 1832 docebunt,
648 1796 682 1823 et
696 1791 866 1824 notionem
884 1792 946 1825 ha-

281 1834 341 1867 bet
374 1835 417 1868 ad
451 1835 583 1880 reliqua
617 1842 730 1880 aptam
767 1842 801 1870 et
836 1843 945 1870 meta-

280 1880 419 1936 phorice
443 1881 570 1914 dictum
603 1888 677 1923 est,
709 1883 810 1927 quale
839 1884 946 1917 verba

284 1923 322 1960 ἐν
354 1927 405 1973 τῷ
439 1925 533 1973 λόγῳ
566 1927 594 1960 si
618 1928 728 1962 minus
756 1929 946 1974 requirunt,

284 1978 378 2006 certe
419 1963 663 2008 commendant.
734 1975 947 2028 Quamquam

283 2018 364 2063 quid
397 2018 609 2064 potissimum
643 2020 725 2053 illud
759 2021 823 2062 sit,
856 2022 949 2065 quod

284 2065 475 2098 detractum
498 2069 557 2099 aut
581 2071 716 2100 exutum
740 2066 775 2100 in
794 2079 949 2101 sermone

285 2123 306 2144 a
330 2112 476 2144 Socrate
499 2112 644 2153 dicatur,
662 2124 729 2146 non
754 2113 868 2146 statim
886 2125 950 2158 ap-

285 2163 396 2201 paret.
412 2157 490 2197 Quo
501 2158 609 2191 minus
619 2158 706 2192 enim
717 2171 791 2192 cum
803 2160 947 2202 Grouio,

285 2203 484 2244 Kieuker0‚
516 2204 812 2249 Morgensternim
843 2206 949 2238 Stau-

284 2250 419 2283 baumio
442 2249 508 2282 iam
532 2250 588 2284 hic
596 2231 654 2284 nde
676 2251 828 2284 iustitiae
851 2263 950 2295 prae-

286 2295 360 2328 miis
387 2297 576 2329 ornamenti
608 2297 716 2330 instar
741 2297 951 2331 extrinsecus

288 2341 331 2374 ad
368 2353 441 2374 eam
475 2342 716 2376 accedentibus
751 2343 951 2387 cogitemus.

287 2387 411 2431 partim
436 2389 562 2422 mentio
588 2401 702 2422 eorum
736 2390 849 2433 paullo
875 2396 952 2434 post

287 2439 327 2466 ut
352 2434 395 2466 ab
421 2434 562 2478 reliquis
586 2435 651 2468 illis
669 2435 879 2468 diversorum
898 2437 952 2469 fa·-

291 2484 359 2520 cta,
384 2479 507 2524 partim
530 2481 693 2515 modestia
713 2481 866 2515 Socratis
890 2483 952 2516 ob-

291 2529 382 2565 stat,
428 2526 486 2570 qui
517 2538 583 2559 non
612 2527 746 2560 videtur
779 2528 822 2561 de
855 2534 952 2562 veste

286 2571 441 2605 iustitiae
459 2572 614 2606 detracta
631 2580 802 2618 tamquam
825 2574 867 2608 de
890 2586 953 2608 sua

288 2621 384 2650 veste
407 2617 500 2662 loqui
522 2630 664 2663 eamque
699 2632 718 2652 a
751 2632 789 2653 se
813 2620 952 2665 deposi-

289 2668 358 2696 tam
384 2663 498 2697 diccre
515 2665 677 2709 potuisse.
702 2666 844 2699 Accedit
862 2666 952 2711 quod

288 2710 439 2743 iustitiae
462 2721 581 2743 nomen
607 2719 725 2755 postea
748 2712 880 2745 demum
899 2716 953 2746 at-

290 2767 357 2800 que
390 2761 429 2789 ut
464 2756 514 2789 rei
549 2758 693 2790 nondum
736 2758 953 2802 significatae

291 2802 495 2836 enuntiatur.
541 2803 621 2838 Non
657 2804 762 2848 magis
786 2804 954 2839 satisfacit

996 648 1309 707 Ἀληθέστατα,
1360 651 1464 706 ἔφη,
1512 651 1661 706 λέγεις.

761 719 870 776 ἐγώ,
919 714 955 763 ὦ
1004 719 1243 772 Γλαύκων,
1294 722 1380 762 νῦν
1424 718 1507 775 ἤδη
1559 717 1661 763 ἆνε-

997 868 1127 902 Budaei
1156 866 1394 911 interpretatio
1433 878 1454 900 a
1487 867 1662 911 Stephano

996 915 1030 948 in
1054 915 1141 948 thes.
1166 914 1211 947 T.
1238 913 1265 945 I·
1293 925 1325 958 p.
1350 915 1450 948 1051.
1472 913 1510 946 F.
1538 924 1663 958 propo-

997 961 1083 994 sita:
1110 973 1133 993 α
1151 960 1248 992 nobis
1266 961 1492 1001 excussimus,
1517 960 1578 993 hoc
1600 964 1663 1000 est,

998 1008 1145 1040 dicenda
1163 1018 1230 1039 non
1247 1006 1406 1038 duximus
1433 1011 1468 1040 et
1490 1006 1664 1049 explica-n-

999 1054 1046 1086 da
1072 1053 1190 1092 nobis,
1225 1063 1325 1085 sensu
1351 1051 1453 1085 simili
1477 1052 1570 1093 eius,
1595 1063 1662 1096 quo

998 1099 1141 1133 Tacitus
1174 1110 1297 1131 exuere
1321 1099 1536 1142 obsequium,
1562 1099 1664 1131 iusti-

1000 1146 1108 1185 tium,
1142 1146 1372 1178 reverentiam
1405 1145 1521 1185 dicat3
1563 1155 1665 1189 quam

1001 1190 1318 1234 interpretationem
1344 1190 1459 1223 nescio
1492 1202 1536 1224 an
1565 1201 1665 1224 secu-

999 1242 1056 1270 tus
1092 1237 1136 1269 sit
1170 1237 1524 1270 Schleiermacherus:
1586 1237 1665 1269 Uud

999 1284 1094 1316 nicht
1123 1283 1233 1323 wahr,
1259 1285 1344 1316 alles
1371 1283 1525 1316 anderen
1554 1283 1666 1316 haben

999 1330 1063 1363 wir
1082 1340 1146 1362 uus
1172 1329 1208 1362 in
1229 1330 1291 1362 der
1315 1330 1408 1362 Reae
1427 1330 1665 1374 eruschlagen,

1000 1376 1071 1410 und
1103 1376 1214 1408 nichts
1245 1387 1313 1408 von
1347 1376 1425 1408 dem
1463 1375 1560 1408 Lohn
1594 1375 1667 1408 und

1002 1424 1080 1456 dem
1094 1422 1208 1454 Ruhm
1232 1423 1292 1455 der
1307 1421 1567 1466 Gerechtigkeit
1586 1422 1666 1455 her-

1002 1470 1269 1513 beigezogen—
1282 1492 1290 1500 .
1324 1467 1380 1501 Ita
1399 1469 1548 1501 fortasse
1566 1478 1666 1501 usur-

1001 1519 1119 1560 patum
1153 1513 1262 1547 adhuc
1286 1525 1473 1547 sermonem
1506 1513 1564 1559 qui
1587 1513 1667 1547 mis-

1002 1572 1076 1594 sum
1119 1560 1225 1594 faciat
1267 1572 1375 1614 eoque
1418 1571 1484 1592 non
1524 1560 1667 1613 amplius

1001 1611 1139 1648 utatur,
1187 1603 1295 1650 λόγον
1330 1603 1567 1640 ἀποδύεσθαι
1597 1605 1668 1638 dici

1003 1653 1133 1698 possit,
1169 1652 1229 1685 sed
1261 1664 1350 1698 quae
1385 1653 1460 1697 quis
1494 1651 1668 1697 explicare

1002 1699 1117 1732 verbis
1153 1698 1297 1732 nondum
1332 1709 1514 1742 aggressus
1553 1698 1598 1732 sit
1633 1702 1669 1731 et

1003 1745 1136 1779 omnino
1162 1744 1362 1789 explicanda
1392 1756 1458 1778 non
1482 1748 1601 1789 putet,
1626 1755 1669 1777 ea

1003 1803 1045 1824 ne
1070 1802 1196 1824 exuere
1220 1791 1355 1835 quidem
1379 1794 1413 1823 in
1430 1802 1583 1824 sermone
1605 1802 1669 1834 po-

1003 1842 1083 1871 test.
1117 1837 1166 1869 Et
1185 1848 1352 1881 quaenam
1370 1837 1438 1870 sint
1460 1837 1590 1882 reliqua
1609 1836 1670 1869 illa

1004 1887 1039 1917 et
1073 1894 1093 1916 a
1125 1883 1289 1926 praemiis
1327 1883 1479 1916 iustitiae
1518 1883 1667 1924 diversa,

1004 1940 1093 1974 quae
1126 1928 1193 1961 sibi
1226 1929 1425 1974 explicanda
1457 1940 1524 1962 non
1558 1929 1668 1961 duxe-

1003 1975 1102 2008 rint?
1151 1975 1251 2015 Quae
1275 1974 1410 2019 quidem
1437 1975 1480 2008 ad
1501 1986 1572 2008 rem
1588 1985 1669 2018 per-

1003 2021 1176 2062 tinerent,
1211 2022 1321 2053 omnia
1360 2021 1515 2065 exposita
1557 2024 1667 2062 erant,

1005 2072 1100 2100 certe
1142 2065 1252 2100 videri
1303 2066 1475 2100 debebant
1518 2065 1669 2108 Socrati,

1004 2113 1202 2158 priusquam
1233 2112 1363 2157 aliquid
1388 2112 1593 2146 accessionis
1617 2112 1670 2145 in-

1005 2163 1078 2192 star
1103 2159 1256 2192 adderet.
1305 2159 1419 2203 Magis
1451 2160 1515 2192 hac
1548 2159 1669 2192 saltem

1006 2216 1048 2238 ex
1073 2209 1173 2250 parte
1198 2205 1382 2249 probabilis
1407 2212 1460 2239 est
1483 2205 1625 2239 Fieini‘
1616 2216 1669 2238 m-

1005 2251 1229 2295 terpretatio·
1258 2252 1379 2284 Nonne
1398 2257 1513 2286 cetera
1533 2252 1669 2296 quidem

1008 2298 1044 2330 in
1074 2298 1139 2330 Ιιαο
1164 2298 1396 2340 disputatione
1426 2297 1670 2342 exposuimus?

1007 2344 1165 2387 praemia
1197 2355 1278 2376 vero
1311 2345 1417 2387 ipsius
1457 2349 1490 2377 et
1527 2345 1672 2377 honores

1007 2401 1226 2444 nequaquam
1258 2391 1458 2429 attulimus,
1497 2390 1557 2423 sed
1592 2401 1670 2423 ver—

1008 2435 1043 2469 bi
1077 2432 1344 2469 ἀποδύσασθαι
1367 2435 1606 2480 significationi
1635 2440 1671 2468 et

1008 2483 1232 2514 membrorum
1272 2483 1451 2515 iuncturae
1493 2481 1670 2526 particulis

1008 2539 1047 2561 τε
1067 2527 1130 2561 καὶ
1155 2539 1316 2561 nexorum
1333 2529 1466 2572 pariter
1489 2533 1670 2572 repugnat.

1008 2574 1081 2607 Iam
1104 2580 1142 2606 ut
1160 2585 1266 2607 meam
1284 2575 1486 2607 sententiam
1508 2585 1669 2618 promam,

1008 2632 1111 2664 quum
1134 2620 1298 2653 Socrates
1328 2616 1382 2653 hic
1415 2621 1593 2653 transitum
1625 2619 1668 2653 ad

1008 2678 1070 2708 ea,
1104 2678 1191 2711 quae
1224 2666 1365 2699 dicenda
1389 2671 1590 2711 supersunt,
1615 2667 1669 2699 fa-

1009 2713 1097 2753 ciat,
1130 2712 1277 2757 ideoque
1300 2713 1425 2752 verba,
1458 2712 1578 2757 quibus
1601 2711 1667 2744 uti-

1008 2763 1076 2800 tur,
1102 2759 1227 2803 partim
1252 2758 1294 2792 ad
1318 2758 1565 2799 antecedentia,
1589 2769 1669 2802 par-

1009 2804 1070 2838 tim
1088 2804 1129 2838 ad
1153 2805 1333 2850 sequentia
1352 2809 1511 2850 spectare
1529 2815 1668 2838 consen-
