1764 3176
252 104 334 143 176

693 92 1168 139 PLATONIS

249 210 456 264 πράττειν
486 208 541 253 οὐ
579 206 805 264 ξυμφέρει,
849 205 917 250 ὅτι
953 202 1086 249 οὐδὲν
1126 203 1231 247 ἄλλο
1262 203 1419 259 φησὶν,
1455 200 1484 258 ἦ
1513 204 1627 244 λυσι-

249 283 386 321 τελεῖν
426 275 545 335 αὐτῴ
584 277 633 319 τὸ
679 272 964 318 παντοδαπὸν
1002 273 1167 329 θηρίον
1206 269 1445 326 εὐωχοῦντι
1486 272 1629 312 ποιεῖν

253 344 435 401 ἰσχυρὸν
479 346 555 389 καὶ
591 345 669 388 τόν
706 343 862 387 λέοντα
900 342 975 385 καὶ
1011 340 1064 383 τὰ
1101 338 1200 393 περὶ
1229 337 1310 381 τὸν
1345 338 1519 388 λέοντα,
1551 335 1629 379 τὸν

154 423 228 459 2589
258 414 303 457 δὲ
339 413 578 466 ἄνθρωπον
616 415 892 467 λιμοκτονεῖν
930 409 1003 453 καὶ
1032 412 1174 450 ποιεῖν
1204 404 1390 461 ἀσθενῆ,
1423 406 1530 448 ὥστε
1560 405 1628 448 ἕλ-

252 486 406 525 κεσθαι
435 481 519 536 ὅπη
552 480 609 523 ἂν
637 480 815 523 ἐκείνων
846 477 1061 531 ὁπότερον
1091 475 1187 531 ἄγῃ,
1216 474 1291 517 καὶ
1320 474 1454 529 μηδὲν
1484 473 1631 526 ἕτερον

252 549 384 605 ἑτέρῳ
416 550 653 601 ξυνεθίζειν
679 548 785 603 μηδὲ
808 549 938 601 φίλον
959 549 1114 596 ποιεῖν,
1137 542 1230 587 ἀλλ’
1250 543 1326 600 ἐᾷν
1348 541 1458 585 αὐτὰ
1480 541 1526 584 ἐν
1557 538 1632 584 αὑ-

256 622 347 668 τοῖς
379 616 618 660 δάκνεσθαί
647 632 691 659 τε
722 616 794 658 καὶ
826 614 1048 670 μαχόμενα
1079 613 1241 672 ἐσθίειν
1271 610 1446 666 ἄλληλα.

1509 613 1631 652 Παν-

254 684 415 729 τάπασι
444 684 541 741 γὰρ,
569 685 675 740 ἔφη,
707 682 829 727 ταῦτ’
863 682 917 726 ἂν
946 681 1064 737 λέγοι
1093 678 1116 724 ὁ
1145 678 1195 724 τὸ
1228 677 1395 723 ἀδικεῖν
1429 679 1632 722 ἐπαινῶν.

305 852 376 900 ὅτι]
405 854 502 890 διότι
527 856 654 890 Euseb.

306 922 431 969 οὐδὲν]
459 921 546 958 ου’δὲ
572 925 670 958 Stob.
696 923 813 957 Trine.

308 993 441 1037 φησὶν]
485 990 594 1037 φήσει
627 993 755 1026 Euseb.
822 991 921 1031 Quae

259 1046 468 1084 sequuntm,
510 1040 559 1072 eis
594 1039 797 1072 lamblichus
835 1038 922 1070 Pro-

260 1091 365 1130 trept.
390 1098 424 1130 p.
438 1085 493 1120 84.
508 1085 631 1118 Kiessl.
657 1090 832 1138 tamquam
851 1083 920 1116 suis

261 1132 349 1165 hunc
373 1135 406 1164 in
429 1133 561 1164 modum
586 1142 666 1164 usus
690 1137 759 1163 est:
787 1127 832 1163 ου’
850 1127 921 1172 γὰρ

263 1176 308 1221 δὴ
336 1179 513 1211 λυσιτελεῖ
527 1174 569 1210 τὸ
587 1174 832 1210 παντοδαπὸν
853 1177 922 1230 θη-

263 1224 344 1267 ρίον
363 1219 486 1267 ω’σπερ
511 1221 579 1266 τὴν
604 1220 807 1265 ἐπιθυμίαν
832 1233 924 1254 ενω-

259 1270 420 1325 χοῦντας
453 1271 575 1302 ποιεῖν
618 1266 796 1322 ἰσχυρὸν,
836 1263 924 1300 οὔδε

259 1313 328 1349 τὸν
352 1313 484 1348 λέοντα
510 1312 591 1348 οἷον
610 1312 677 1348 τὸν
695 1310 821 1356 θυμὸν
842 1309 923 1357 (ου’-

262 1361 301 1395 δὲ
338 1359 406 1395 τὸν
438 1358 564 1403 θυμὸν
597 1357 679 1393 οἷον
703 1358 770 1393 τὸν
791 1357 924 1392 λέοντα

263 1407 421 1441 Arcerius
465 1406 643 1451 legendum
675 1406 924 1450 suspicabatur,

263 1465 363 1498 quem
384 1457 477 1486 recte
497 1464 562 1485 non
580 1457 717 1485 secutus
736 1454 788 1484 est
808 1451 924 1484 Kiess-

264 1499 534 1543 lingius,fa1sus
558 1503 670 1531 tamen
693 1498 821 1546 ipse‚u
801 1502 840 1530 ut
864 1497 926 1529 mi-

265 1546 299 1579 hi
319 1545 463 1584 videtur,
484 1557 536 1585 eo,
561 1544 652 1589 quod
678 1541 759 1576 οἷον
779 1547 813 1576 et
830 1544 926 1587 paul-

265 1593 297 1625 lo
323 1596 402 1624 ante
435 1586 556 1633 ὥσπερ
582 1595 722 1635 praeter
746 1593 927 1623 consuetu-

266 1637 376 1670 dinem
399 1639 550 1680 vulgare·
552 1648 572 1669 n
595 1635 783 1680 postposita
800 1639 928 1676 censet,

267 1683 330 1716 hoc
355 1694 474 1716 sensu:
509 1695 576 1715 ποη
598 1682 767 1722 conducit,
792 1682 927 1714 varium

268 1730 363 1762 velut
397 1730 551 1769 animal,
583 1729 827 1771 cupiditatem,
859 1739 927 1771 pa-

268 1776 390 1809 scendo
424 1778 598 1809 robustum
632 1775 795 1815 reddere,
819 1785 928 1818 neque

269 1822 399 1855 leonem
423 1822 541 1865 quasi,
569 1821 677 1861 iram,
702 1832 857 1864 quaeque
881 1819 929 1852 ad

270 1879 347 1901 eum
377 1869 571 1910 pertinent,
612 1867 648 1898 in
681 1867 778 1899 nobis
813 1866 862 1898 ali
897 1870 931 1898 et

270 1914 482 1947 corroborari
505 1914 624 1951 decet5
648 1912 700 1944 cui
723 1912 931 1966 intenpreta—

270 1959 351 1993 tioni
376 1959 538 1992 articulus
560 1958 602 1991 ad
618 1957 755 2001 θηρίον
775 1961 809 1990 et
831 1954 931 1990 λέον-

271 2017 319 2039 τα
343 2006 528 2061 appositus
533 2006 737 2047 reftmagatur
762 2003 930 2056 Equidem

271 2049 394 2094 ὥσπερ
420 2049 488 2106 τὴν
512 2047 714 2092 ἐπιθυμίαν
729 2061 792 2106 pro
809 2045 929 2105 ω’σπερ

271 2097 424 2131 ποιοῦσι
449 2094 672 2139 εὐωχοῦντες
703 2094 773 2151 τὴν
802 2091 931 2128 ἐπιθυ-

272 2144 361 2187 μίαν
380 2149 415 2177 et
435 2146 516 2177 οἱον
533 2140 599 2176 τὸν
619 2139 752 2196 θυμὸν
766 2153 825 2186 pro
848 2138 930 2174 οἷον

273 2188 451 2234 τρέφουσι
483 2185 683 2232 τρέφοντες
715 2184 782 2222 τὸν
805 2184 931 2241 θυμὸν

275 2236 409 2269 concise
433 2235 524 2268 dicta
546 2235 657 2289 puto.)
681 2233 743 2267 καὶ
774 2230 820 2266 τοὶ
848 2231 932 2289 περὶ

273 2279 341 2316 τὸν
375 2279 508 2314 λέοντα
542 2277 692 2335 τρέφειν
726 2275 831 2321 ἄξιον
871 2277 935 2312 καὶ

275 2325 404 2383 ἰσχυρὰ
435 2329 556 2361 ποιεῖν
585 2333 623 2360 εν
655 2322 761 2370 ἡμῖν,
794 2322 861 2359 τὸν
894 2321 934 2357 δε

276 2369 481 2417 ἄνθρωπον
523 2373 588 2417 (ita
631 2371 856 2428 Kiesslinghls
892 2381 936 2403 ex

274 2420 418 2453 Platone
442 2431 502 2463 pro
534 2420 614 2457 τοῖς
640 2415 679 2452 δε
705 2414 935 2459 ἀνθρώποις,

276 2477 365 2519 quae
398 2465 528 2498 Arcerii
560 2472 595 2497 et
628 2464 751 2498 codicis
783 2463 855 2496 ciz.
888 2462 937 2494 le-

276 2511 344 2545 ctio
369 2517 433 2553 est,
459 2510 624 2555 scripsit.)
651 2507 772 2553 ὥσπερ
788 2506 856 2543 τὸν
876 2505 936 2542 λό-

277 2569 344 2601 γον
359 2558 585 2598 λιμοκτονεῖν
604 2555 667 2590 καὶ
685 2567 767 2589 ποιε
771 2558 805 2588 ῖν
825 2552 936 2587 ασθε-

277 2603 348 2647 νῆ,
376 2614 427 2641 ως
461 2600 631 2635 ἕλκεσθαι
665 2598 738 2645 ὅπη
769 2597 816 2634 ὃὶν
850 2597 938 2633 ἐκεί-

278 2661 353 2683 νων
387 2645 569 2691 ὁπότερον
603 2644 693 2692 ἄγῃ,
732 2645 794 2681 καὶ
823 2644 938 2700 μηδεν

281 2693 406 2739 ἕτερον
450 2692 559 2739 ετέρῳ
602 2693 805 2734 συνεθίζειν
846 2688 937 2736 μηδὲ

282 2741 392 2785 φίλον
415 2742 558 2782 ποιεῖν,
595 2736 687 2773 ἀλλὰ
719 2741 814 2773 πολυ
847 2738 938 2782 μᾶλ-

978 856 1042 888 λον
1065 851 1133 888 τὸν
1159 853 1228 910 (ita
1246 853 1319 887 cod.
1341 852 1418 886 Par*
1422 863 1448 886 5.
1467 851 1544 886 τῶν
1561 851 1634 885 Ciz.

978 906 1014 934 et
1037 900 1172 943 Arcer.)
1198 911 1236 932 εν
1255 895 1344 942 ἡμῖν
1358 900 1467 932 θεῖον
1486 894 1634 941 ἄνθρω-

977 958 1050 979 πον
1083 946 1150 979 τοῦ
1182 942 1441 999 πολυκεφάλου
1467 942 1634 999 θρέμμα-

977 1004 1041 1031 τος
1066 989 1221 1047 ἐγκρατῆ
1244 988 1438 1034 ποιητέον,
1463 987 1564 1030 ὅπως
1589 986 1636 1024 ἂν

977 1050 1023 1071 τα
1055 1049 1121 1080 μεν
1149 1034 1269 1080 ἥμερα
1310 1037 1386 1070 τῶν
1427 1033 1638 1091 ἐπιθυμιῶν
1666 1038 1670 1046 ’

979 1083 1078 1139 εἴδη
1079 1082 1211 1136 τρέφῃ
1242 1081 1306 1116 καὶ
1335 1080 1558 1138 τιθασσεύῃ,
1589 1094 1638 1115 τοι

979 1127 1019 1164 δε
1063 1125 1174 1173 ἄγριοι
1226 1125 1427 1183 αποκωλύῃ
1472 1127 1639 1185 φύεσθαι

981 1173 1171 1219 σύμμαχον
1203 1172 1453 1218 ποιησάμενος
1484 1173 1566 1229 τὴν
1586 1174 1640 1218 (id

981 1222 1218 1265 om.Arce1.)
1250 1221 1320 1254 τοῦ
1352 1221 1478 1263 θυμοῦ
1513 1218 1639 1264 φύσιν,
1680 1229 1687 1232 ‘

966 1266 1043 1301 ’καὶ
1067 1267 1172 1311 κοινῇ
1197 1278 1349 1300 παντων
1375 1264 1542 1310 (πάντως
1566 1266 1640 1299 cod.

980 1313 1110 1356 Paris.)
1135 1311 1353 1367 κηδόμενος,
1379 1312 1470 1356 φίλα
1483 1322 1640 1355 ποιησα-

979 1370 1088 1413 μενος
1120 1355 1289 1415 ἀλλήλοις
1325 1369 1362 1391 τε
1402 1358 1466 1392 καὶ
1505 1356 1639 1404 εαυτῷ,

982 1403 1101 1444 οὕτως
1127 1401 1223 1438 αὐτὰ
1248 1401 1397 1448 θρέψει.

1027 1462 1069 1498 τὸ
1095 1459 1361 1506 παντοδαπὸν]
1385 1460 1428 1497 τὸ
1456 1473 1520 1496 om.
1548 1461 1641 1496 Flor.

1029 1565 1091 1600 καὶ
1114 1564 1197 1610 τὸν]
1223 1565 1287 1600 καὶ
1310 1578 1374 1600 om.
1400 1566 1527 1600 Euseb.

1030 1620 1129 1669 ὅπη]
1164 1620 1253 1658 ὅποι
1284 1622 1385 1659 Vind.
1409 1623 1451 1657 E.
1484 1623 1565 1658 Par.
1587 1623 1631 1658 Κ.
1643 1622 1711 1658 589

983 1672 1057 1704 Ast.
1081 1683 1134 1716 pr.
1157 1673 1237 1703 tert.

1032 1725 1193 1773 ἐκείνων]
1221 1725 1362 1763 ἐκεῖνον
1385 1727 1485 1761 Vind.
1505 1727 1547 1761 E.
1565 1727 1644 1761 Vat.

985 1775 1242 1899 ξιξπότερον]
1297 1816 1481 1864 πρότερον

1022 1878 1105 1899 l‘lssC·

987 1970 1016 2002 B
1035 1919 1119 2003 ἄγκη]
1147 1918 1228 2002 ἄγῗέ
1250 1922 1352 2002 Vi11,1d.
1378 1918 1532 2002 Εῡιιὲγοι
1552 1922 1646 2000 Mlon.

988 1981 1212 2059 Abss'fffv.)
1231 1980 1436 2061 “cumagditis
1461 1969 1650 2048 {utsgsot‘i}

988 2072 1184 2150 ΞΕἕτερον]
1223 2102 1354 2149 ἑτέραν
1394 2105 1492 2139 Stob.
1530 2103 1649 2139 Trinc.

990 2152 1469 2242 ρθὲἱῐέρξῗεὲἕέφςίὂὲῖωώ.

991 2244 1264 2332 ζειίυιξῗῖἱὲειέ]
1307 2254 1384 2278 συν.
1419 2244 1516 2278 Stob.
1549 2243 1648 2286 ξεθί-

1038 2347 1147 2390 φίλον
1163 2347 1299 2391 ποιεῖν]
1326 2348 1544 2391 φιλοπονεῖν
1562 2348 1648 2392 Aug.

991 2394 1031 2426 B.
1057 2393 1150 2427 Flor.
1174 2393 1217 2425 R.

1039 2436 1117 2485 ἐᾷν]
1145 2436 1211 2472 ἐὰν
1234 2439 1312 2472 Bas.
1338 2439 1392 2473 ab.

1039 2492 1191 2540 αὐτοῖς]
1228 2494 1288 2530 ccv’.
1315 2497 1413 2530 Vind.
1443 2497 1516 2530 EF.
1552 2497 1650 2531 Stob.

995 2538 1142 2581 εαυτοῖς
1165 2541 1250 2576 Lob.
1279 2543 1358 2577 Vat.
1383 2543 1431 2577 M.

1042 2585 1261 2622 δάκνεσθαί]
1289 2588 1494 2623 δυ’κνεσθαί
1516 2588 1595 2622 Ald.

1547 1819 1645 1853 Stob.

1042 2643 1267 2680 Παντάπασι
1292 2666 1335 2670 -
1363 2642 1536 2679 ἐπαινῶν.
1547 2646 1560 2689 ]
1584 2656 1649 2678 cm.

995 2691 1067 2724 Pal.
1084 2692 1125 2726 A,
1159 2692 1226 2725 Pro
1250 2689 1360 2725 ταῦτ’
1378 2687 1425 2725 ἂν
1450 2688 1548 2734 λέγοι
1569 2692 1650 2724 Sto-

996 2739 1100 2771 baeus
1124 2750 1244 2772 ταντα
1268 2736 1361 2782 λέγει
1382 2738 1493 2772 habet.
