1764 3176
259 151 346 176 Lxx
698 132 1224 193 PRAEFATIO

260 251 307 283 cis
320 275 331 291 ‚
361 259 450 292 quae
469 259 531 291 pro
559 247 656 282 huius
675 250 741 283 loci
765 250 999 285 declaratione
1015 251 1118 284 Divus
1137 249 1289 284 Thomas
1309 249 1416 294 dixit,
1448 249 1533 283 duos
1551 259 1646 283 com-

259 307 349 340 misit
371 306 521 348 insignes
541 314 688 347 errores,
718 315 861 350 quorum
890 304 1019 351 primus
1039 308 1174 350 quidem
1196 311 1259 347 est,
1291 306 1382 348 quod
1401 307 1646 349 septenarium,

258 370 357 406 quem
378 363 479 395 Plato
496 372 621 404 graece
651 358 837 405 ἐπίτριτον
856 359 1042 405 πυθμένα,
1073 364 1107 397 id
1127 368 1178 397 est
1198 362 1350 396 radicem
1372 363 1646 405 Sesquitertiam,

258 421 309 452 vel
320 419 581 460 Sesquitertiam
598 420 832 462 propaginem,
851 422 901 454 vel
915 421 1179 464 Sesquitertium
1198 420 1338 453 fundum
1355 420 1556 462 appellavit:
1573 420 1648 462 ipse

257 475 520 518 Sesquitertium
540 476 672 509 Cubum
691 482 790 510 vocat
809 478 901 510 iuxta
914 477 1235 511 LeonardiAretini
1251 477 1479 517 tralationem,
1496 486 1597 518 quam
1614 477 1647 509 in

258 531 487 575 superioribus
505 531 623 565 falsam
644 543 719 566 esse
734 534 954 568 ostendimus.
993 534 1172 567 Secundus
1192 543 1290 566 error
1319 533 1393 566 Divi
1412 532 1568 566 Thomae
1584 536 1649 574 est,

258 588 350 631 quOd
367 588 438 631 ipse
460 599 594 631 quoque
614 590 736 623 asserit
752 587 1057 635 (quemadmodum
1079 591 1180 623 etiam
1206 587 1338 635 Faber)
1361 590 1445 622 duas
1465 589 1485 622 a
1503 589 1650 622 Platone

258 649 544 678 commemoratas
555 645 748 679 harmonias
759 656 833 680 esse
844 647 1013 680 Rationes
1025 647 1301 689 Sesquitertiam,
1320 651 1354 678 et
1367 646 1650 688 Sesquialteram.

260 702 358 735 Haec
379 702 470 734 circa
490 702 565 735 Divi
590 702 746 736 Thomae
763 705 1010 747 expositionem
1033 708 1131 737 erant
1146 704 1244 737 nobis
1264 702 1473 736 adnotanda.
1531 702 1649 735 Dona-

259 763 313 791 tus
335 763 448 791 autem
470 757 662 792 Acciaiolus
683 759 716 793 in
735 760 944 793 declaranda
966 761 1121 794 Platonis
1143 761 1304 803 opinione
1336 760 1369 792 in
1385 760 1503 801 quinto
1526 759 1651 792 Politi-

260 820 377 848 corum
399 814 594 849 Aristotelis
613 816 760 858 quinque
788 817 956 850 commisit
976 827 1110 850 errores
1128 817 1291 859 insignes.
1349 815 1467 848 Primo
1488 815 1650 858 quoniam

258 872 366 914 inquit
395 871 576 904 Platonem
612 873 781 906 dicentem
810 873 1040 916 sesquitertia
1065 873 1185 914 radix,
1225 873 1417 914 intelligere
1448 871 1495 904 ‘de
1532 873 1650 905 radice

259 927 445 961 secundum
469 927 735 970 Arithmeticos‚
786 931 877 972 quod
909 926 1030 963 falsum
1054 934 1118 966 est.
1185 929 1301 963 Radix
1331 928 1420 962 enim
1461 929 1650 962 secundum

260 983 500 1017 Arithmeticos
530 989 583 1018 est
615 986 754 1028 quilibet
772 997 932 1020 numerus
951 987 1022 1020 sive
1040 987 1195 1028 integer,
1225 987 1295 1019 sive
1314 984 1466 1025 fractus,
1495 985 1565 1018 sive
1589 984 1651 1018 Ef-

259 1041 390 1082 sabilis‚
420 1040 489 1074 sive
510 1042 715 1083 ineffabilis,
746 1043 802 1084 qui
829 1044 879 1076 vel
902 1043 936 1075 in
954 1054 992 1076 se
1011 1043 1164 1083 tanturn,
1193 1043 1244 1075 vel
1264 1044 1296 1075 in
1319 1052 1379 1082 se,
1410 1045 1444 1074 et
1462 1041 1514 1073 sui
1534 1042 1650 1074 multi*

259 1098 477 1141 plicationem
513 1098 635 1130 ductus
663 1099 820 1141 producit
848 1100 994 1141 aliquem
1012 1109 1212 1143 numerum,
1244 1099 1339 1131 cuius
1369 1098 1427 1130 iile
1446 1098 1514 1130 iam
1536 1098 1651 1131 multi—

260 1155 405 1197 plicatus
426 1154 459 1187 in
479 1165 516 1187 se
534 1165 694 1188 numerus
713 1156 811 1188 radix
829 1166 903 1189 esse
922 1156 1058 1197 dicitur,
1087 1155 1186 1189 radix
1208 1155 1358 1198 inquam,
1385 1155 1438 1188 vel
1458 1155 1651 1197 Quadrata,

259 1211 310 1244 vel
331 1210 481 1252 Cubica;
516 1215 552 1243 at
568 1212 782 1254 septenarius
801 1213 892 1246 nullo
909 1212 1010 1246 modo
1025 1212 1122 1246 radix
1157 1222 1231 1245 esse
1249 1215 1366 1255 potest
1389 1211 1494 1254 ipsius
1518 1212 1651 1244 numer-i

257 1266 448 1300 Platonici:
479 1267 752 1310 quandoquidem
773 1270 843 1302 eius
865 1269 995 1302 Cubica
1014 1269 1113 1302 radii<
1132 1272 1184 1301 est
1201 1269 1273 1312 ipse
1306 1264 1559 1310 duodenarius,
1595 1279 1652 1302 se·

259 1323 433 1367 ptenarius
465 1328 580 1357 autem
614 1329 667 1357 est
700 1325 798 1359 radix
819 1326 999 1369 Quadrata
1030 1325 1166 1368 quidem
1194 1325 1300 1368 ipsius
1316 1321 1379 1365 49,
1411 1324 1542 1357 Cubica
1570 1325 1651 1358 vero

258 1380 364 1423 ipsius
385 1376 465 1413 343.
482 1388 592 1423 quare
610 1392 678 1414 non
697 1386 753 1415 =est
776 1382 819 1416 ad
851 1383 1065 1426 propositum
1098 1382 1257 1415 Platonis
1274 1376 1332 1414 'hic
1353 1382 1511 1424 accipere
1531 1391 1652 1414 nume-

259 1442 333 1470 ru'm
353 1438 583 1480 septenarium
600 1441 763 1481 tanquam
789 1439 941 1473 radicem
962 1438 1147 1473 secundum
1179 1437 1431 1471 Arithmeticos.
1488 1438 1652 1471 Secundo

259 1497 352 1527 errat
372 1494 567 1527 Acciaiolus
598 1495 674 1528 cum
695 1495 778 1528 dicit
798 1496 889 1538 quod
913 1496 1097 1530 novenario
1123 1495 1316 1528 cfficiuntur
1334 1494 1423 1528 duae
1441 1493 1652 1536 harmoniae,

258 1550 417 1583 videlicet
435 1550 677 1593 Diatessaron,
711 1556 745 1585 et
766 1552 956 1597 Diapente‚
989 1554 1067 1596 quia
1089 1552 1220 1585 scilicet
1247 1552 1451 1584 novenarius
1472 1551 1652 1594 componi-

259 1610 314 1640 tur
338 1617 380 1640 ex
403 1608 642 1649 quaternario,
673 1612 708 1641 et
742 1609 917 1655 quinario,
947 1620 1032 1652 quos
1057 1609 1107 1642 ait
1139 1608 1213 1652 ipse
1238 1607 1322 1641 duas
1343 1607 1536 1641 harmonias
1564 1618 1652 1649 esse,

259 1670 382 1706 nempe
401 1663 663 1706 Sesquitertiam
675 1689 684 1706 ‚
712 1669 750 1698 et
768 1665 1063 1708 Sesquialteram3
1098 1664 1368 1707 Sesquialteram
1385 1664 1523 1706 quidem
1542 1665 1652 1708 ipsum

260 1720 471 1764 quinarium,
503 1721 559 1762 qui
593 1721 721 1763 primus
750 1721 785 1755 in
806 1733 843 1755 se
865 1723 1018 1756 continet
1042 1722 1313 1764 sesquialteram
1333 1721 1537 1763 Rationem3
1568 1722 1653 1754 Ses-

260 1776 456 1819 quitertiam
476 1777 557 1809 vero
578 1776 687 1820 ipsum
710 1779 987 1820 quaternarium,
1017 1779 1073 1820 qui
1099 1775 1226 1822 (inquit
1241 1774 1335 1822 ipse)
1351 1781 1404 1810 est
1420 1778 1549 1820 primus
1568 1778 1653 1811 Ses-

260 1833 441 1876 quitertius
459 1843 619 1866 numerus
631 1858 640 1876 ‚
671 1834 749 1876 quia
767 1835 918 1868 continet
935 1835 1122 1868 ternarium
1135 1860 1144 1875 ‚
1175 1837 1211 1867 et
1228 1834 1364 1866 tertiam
1378 1838 1516 1876 :partem
1537 1839 1654 1868 terna-

260 1889 314 1923 rii.
373 1889 470 1922 Haec
492 1890 581 1923 enim
597 1891 722 1932 omnia,
753 1902 841 1933 quae
861 1891 911 1925 sic
935 1890 1132 1924 Acciaiolus
1150 1890 1253 1931 dicit,
1284 1900 1394 1931 neque
1413 1890 1458 1923 ad
1481 1889 1653 1925 Aristote-

261 1946 315 1987 lis,
348 1956 458 1988 neque
480 1946 523 1979 ad
548 1946 703 1980 Platonis
725 1949 935 1991 propositum
957 1952 1057 1988 sunt;
1088 1947 1155 1980 imo
1177 1947 1269 1980 nullo
1290 1946 1392 1979 modo
1414 1949 1653 1989 quaternarius

262 2003 490 2045 Sesquitertia
522 2002 699 2036 harmonia
717 2005 832 2037 vocari
861 2008 994 2047 potest,
1025 2004 1185 2047 quoniam
1216 2003 1367 2045 quamvis
1395 2003 1439 2036 ad
1466 2005 1654 2038 ternarium

262 2059 509 2102 Sesquitertius
527 2060 601 2103 ipse
620 2061 683 2101 sit,
714 2071 781 2094 non
799 2065 914 2094 tamen
937 2061 1198 2104 Sesquitertiam
1218 2059 1252 2093 in
1272 2070 1311 2093 se
1329 2059 1516 2094 Rationem
1543 2061 1655 2094 conti-

261 2119 322 2150 net
338 2116 427 2149 sicut
450 2116 522 2159 ipse
553 2117 726 2159 quinarius
757 2117 1048 2160 Sesquialteram3
1079 2117 1206 2159 primus
1225 2117 1313 2149 enim
1331 2127 1491 2150 numerus
1511 2116 1653 2160 Sesqui-

261 2173 399 2205 tertiam
418 2174 451 2205 in
470 2184 508 2207 se
527 2172 712 2206 Rationem
744 2174 922 2207 continens
944 2178 996 2208 est
1025 2174 1098 2216 ipse
1129 2173 1364 2216 septenarius,
1396 2180 1496 2215 quem
1524 2173 1589 2207 hac
1610 2173 1654 2208 de

264 2240 369 2262 causa
388 2230 492 2262 Plato
514 2230 774 2272 Sesquitertiam
796 2230 945 2264 radicem
962 2230 1154 2274 appellavit.
1197 2229 1321 2262 Tertio
1348 2235 1441 2262 errat
1459 2229 1654 2264 Acciaiolus

263 2296 340 2319 cum
358 2286 428 2327 ait,
459 2286 549 2329 quod
570 2286 740 2320 Platonici
767 2287 880 2320 dicant
902 2299 944 2321 ex
964 2287 1146 2321 novenario
1169 2297 1311 2319 numero
1335 2286 1415 2319 oriri
1432 2298 1561 2320 annum
1579 2296 1654 2320 ¹ma-

262 2352 367 2385 gnum
391 2342 565 2385 Platonis,
595 2344 691 2377 cuius
706 2344 788 2377 ‘anni
811 2344 962 2386 ambitu,
992 2348 1026 2377 et
1059 2344 1282 2377 conversione
1307 2344 1515 2381 mutationes
1539 2354 1652 2378 rerum

263 2400 476 2432 mutabilium
506 2399 578 2433 fieri
611 2401 739 2434 volunt.
799 2401 1085 2444 Quandoquidem
1113 2411 1221 2432 annus
1252 2409 1396 2441 magnus
1419 2400 1577 2434 Platonis
1601 2404 1654 2434 est

263 2454 321 2497 (ut
342 2457 487 2498 ipsemet
504 2456 606 2489 Plato
626 2457 739 2489 multis
765 2457 798 2490 in
821 2458 925 2498 locis,
958 2467 1144 2499 omnesque
1175 2456 1254 2489 boni
1280 2456 1451 2490 Platonici
1476 2458 1653 2500 exposito-

264 2523 320 2545 res
334 2512 529 2555 declarant)
555 2517 688 2556 tempus
717 2510 832 2546 49000
849 2525 1038 2556 annorum,
1071 2514 1103 2546 iu
1126 2523 1193 2555 quo
1223 2513 1409 2545 secundum
1430 2515 1553 2547 mobile
1573 2524 1653 2556 per-

265 2568 336 2601 ficit
354 2579 451 2601 suum
476 2574 604 2602 motum
624 2570 772 2603 omnium
804 2572 1001 2604 coelestium
1021 2575 1171 2604 motuum
1190 2569 1439 2611 tardissimum,
1469 2581 1536 2612 quo
1559 2581 1654 2604 com-

266 2626 357 2668 pleto
377 2626 462 2658 fiunt
481 2626 537 2658 illa
564 2626 714 2667 infinita,
745 2627 981 2670 alternataque
1004 2627 1148 2667 diluvia,
1179 2629 1281 2668 atque
1315 2623 1472 2660 incendia
1496 2637 1555 2662 res
1583 2632 1653 2660 ter-

266 2686 392 2715 restres
413 2683 664 2726 corrumpentia
679 2708 688 2724 ‚
720 2682 763 2717 de
783 2685 902 2726 quibus
918 2685 1041 2725 Plato,
1067 2683 1197 2724 valiique
1225 2683 1328 2725 prisci
1348 2687 1486 2717 autores
1502 2685 1653 2717 mentio-

264 2748 344 2771 nem
357 2738 528 2772 fecerunt.
588 2739 701 2772 Causa
721 2741 802 2773 vero
821 2741 911 2784 quod
931 2742 965 2774 i'n
991 2739 1080 2774 hunc
1098 2738 1292 2772 Acciaiolus
1313 2746 1464 2773 errorem
1484 2740 1655 2781 inciderit,

265 2800 318 2828 est
336 2796 415 2838 quia
435 2806 502 2830 non
522 2796 688 2829 intellexit
707 2797 818 2831 locum
839 2798 993 2833 Platonis
1010 2799 1045 2833 in
1066 2797 1166 2831 Nono
1195 2795 1239 2829 de
1258 2796 1347 2840 Rep.
1368 2800 1407 2830 ut
1420 2797 1468 2830 ibi
1489 2797 1653 2839 dicatum,
