<?xml version="1.0" encoding="UTF-8"?>
<!DOCTYPE html PUBLIC "-//W3C//DTD XHTML 1.0 Transitional//EN"
    "http://www.w3.org/TR/xhtml1/DTD/xhtml1-transitional.dtd">
<html xmlns="http://www.w3.org/1999/xhtml" xml:lang="en" lang="en">
 <head>
  <title>
</title>
<meta http-equiv="Content-Type" content="text/html;charset=utf-8" />
  <meta name='ocr-system' content='tesseract 3.04.00' />
  <meta name='ocr-capabilities' content='ocr_page ocr_carea ocr_par ocr_line ocrx_word'/>
</head>
<body>
  <div class='ocr_page' id='page_1' title='image "./operagraecerecen01platuoft_0219.png"; bbox 0 0 1764 3176; ppageno 0'>
   <div class='ocr_carea' id='block_1_1' title="bbox 407 155 1486 204">
    <p class='ocr_par' dir='ltr' id='par_1_1' title="bbox 407 155 1486 204">
     <span class='ocr_line' id='line_1_1' title="bbox 407 155 1486 204; baseline 0.005 -5"><span class='ocrx_word' id='word_1_1' title='bbox 407 155 728 202; x_wconf 70' lang='lat' dir='ltr'><strong>CIVITAS</strong></span> <span class='ocrx_word' id='word_1_2' title='bbox 784 157 914 203; x_wconf 87' lang='lat' dir='ltr'><strong>LIB.</strong></span> <span class='ocrx_word' id='word_1_3' title='bbox 953 159 1065 202; x_wconf 90' lang='lat' dir='ltr'><strong>VIII.</strong></span> <span class='ocrx_word' id='word_1_4' title='bbox 1105 164 1173 200; x_wconf 79' lang='grc'><strong><em>563</em></strong></span> <span class='ocrx_word' id='word_1_5' title='bbox 1429 163 1486 204; x_wconf 79' lang='grc'><strong><em>83</em></strong></span> 
     </span>
    </p>
   </div>
   <div class='ocr_carea' id='block_1_2' title="bbox 93 263 1543 1018">
    <p class='ocr_par' dir='ltr' id='par_1_2' title="bbox 93 263 1543 1018">
     <span class='ocr_line' id='line_1_2' title="bbox 103 263 1484 326; baseline 0.002 -15"><span class='ocrx_word' id='word_1_6' title='bbox 103 263 387 322; x_wconf 74' lang='grc' dir='ltr'><strong><em>θροισμένὼν</em></strong></span> <span class='ocrx_word' id='word_1_7' title='bbox 419 267 612 322; x_wconf 77' lang='grc' dir='ltr'><strong><em>ἐννοεῖς,</em></strong></span> <span class='ocrx_word' id='word_1_8' title='bbox 662 266 723 321; x_wconf 74' lang='grc' dir='ltr'><strong><em>ὥς</em></strong></span> <span class='ocrx_word' id='word_1_9' title='bbox 757 267 932 326; x_wconf 76' lang='grc' dir='ltr'><strong><em>ἁπαλήν</em></strong></span> <span class='ocrx_word' id='word_1_10' title='bbox 959 269 1041 326; x_wconf 77' lang='grc' dir='ltr'><strong><em>τήν</em></strong></span> <span class='ocrx_word' id='word_1_11' title='bbox 1067 268 1213 326; x_wconf 80' lang='grc' dir='ltr'><strong><em>ψυχὴν</em></strong></span> <span class='ocrx_word' id='word_1_12' title='bbox 1240 270 1330 313; x_wconf 77' lang='grc' dir='ltr'><strong><em>τῶν</em></strong></span> <span class='ocrx_word' id='word_1_13' title='bbox 1361 274 1484 314; x_wconf 78' lang='grc' dir='ltr'><strong><em>π-ολι-’</em></strong></span> 
     </span>
     <span class='ocr_line' id='line_1_3' title="bbox 101 335 1486 395; baseline 0.003 -17"><span class='ocrx_word' id='word_1_14' title='bbox 101 336 191 378; x_wconf 73' lang='grc' dir='ltr'><strong><em>τῶν</em></strong></span> <span class='ocrx_word' id='word_1_15' title='bbox 217 337 361 385; x_wconf 86' lang='grc' dir='ltr'><strong><em>ποιεῖ,</em></strong></span> <span class='ocrx_word' id='word_1_16' title='bbox 400 335 511 381; x_wconf 74' lang='grc' dir='ltr'><strong><em>ὥστε</em></strong></span> <span class='ocrx_word' id='word_1_17' title='bbox 538 338 626 383; x_wconf 76' lang='grc' dir='ltr'><strong><em>κᾶν</em></strong></span> <span class='ocrx_word' id='word_1_18' title='bbox 643 335 807 382; x_wconf 71' lang='grc' dir='ltr'><strong><em>ὁτιοῦν</em></strong></span> <span class='ocrx_word' id='word_1_19' title='bbox 836 339 1038 388; x_wconf 83' lang='grc' dir='ltr'><strong><em>δουλείας</em></strong></span> <span class='ocrx_word' id='word_1_20' title='bbox 1073 352 1138 388; x_wconf 90' lang='grc' dir='ltr'><strong><em>τις</em></strong></span> <span class='ocrx_word' id='word_1_21' title='bbox 1166 335 1486 395; x_wconf 83' lang='grc' dir='ltr'><strong><em>προσφέρηται,</em></strong></span> 
     </span>
     <span class='ocr_line' id='line_1_4' title="bbox 100 400 1482 462; baseline 0.003 -16"><span class='ocrx_word' id='word_1_22' title='bbox 100 400 365 458; x_wconf 67' lang='grc' dir='ltr'><strong><em>ἀγανακτεῖν</em></strong></span> <span class='ocrx_word' id='word_1_23' title='bbox 404 405 478 448; x_wconf 80' lang='grc' dir='ltr'><strong><em>καὶ</em></strong></span> <span class='ocrx_word' id='word_1_24' title='bbox 528 405 587 462; x_wconf 78' lang='grc' dir='ltr'><strong><em>μή</em></strong></span> <span class='ocrx_word' id='word_1_25' title='bbox 631 403 890 460; x_wconf 67' lang='grc' dir='ltr'><strong><em>ἀνέχεσθαι,</em></strong></span> <span class='ocrx_word' id='word_1_26' title='bbox 940 408 1223 457; x_wconf 75' lang='grc' dir='ltr'><strong><em>τελευτῶντες</em></strong></span> <span class='ocrx_word' id='word_1_27' title='bbox 1267 405 1352 462; x_wconf 77' lang='grc' dir='ltr'><strong><em>γάρ</em></strong></span> <span class='ocrx_word' id='word_1_28' title='bbox 1391 422 1482 450; x_wconf 86' lang='grc' dir='ltr'><strong><em>που</em></strong></span> 
     </span>
     <span class='ocr_line' id='line_1_5' title="bbox 99 467 1482 531; baseline 0.004 -17"><span class='ocrx_word' id='word_1_29' title='bbox 99 467 227 514; x_wconf 78' lang='grc' dir='ltr'><strong><em>οἷσθ’</em></strong></span> <span class='ocrx_word' id='word_1_30' title='bbox 264 469 334 515; x_wconf 81' lang='grc' dir='ltr'><strong><em>ὅτι</em></strong></span> <span class='ocrx_word' id='word_1_31' title='bbox 374 470 480 515; x_wconf 76' lang='grc' dir='ltr'><strong><em>οὐδὲ</em></strong></span> <span class='ocrx_word' id='word_1_32' title='bbox 530 475 620 516; x_wconf 79' lang='grc' dir='ltr'><strong><em>τῶν</em></strong></span> <span class='ocrx_word' id='word_1_33' title='bbox 656 471 808 528; x_wconf 87' lang='grc' dir='ltr'><strong><em>νόμων</em></strong></span> <span class='ocrx_word' id='word_1_34' title='bbox 848 474 1134 529; x_wconf 80' lang='grc' dir='ltr'><strong><em>φροντίζουσι</em></strong></span> <span class='ocrx_word' id='word_1_35' title='bbox 1170 474 1482 531; x_wconf 75' lang='grc' dir='ltr'><strong><em>γεγραμμένων</em></strong></span> 
     </span>
     <span class='ocr_line' id='line_1_6' title="bbox 96 537 1543 600; baseline 0.005 -19"><span class='ocrx_word' id='word_1_36' title='bbox 96 537 130 596; x_wconf 75' lang='grc' dir='ltr'><em>ἢ</em></span> <span class='ocrx_word' id='word_1_37' title='bbox 157 537 396 596; x_wconf 76' lang='grc' dir='ltr'><strong><em>ἀγράφων,</em></strong></span> <span class='ocrx_word' id='word_1_38' title='bbox 438 540 511 582; x_wconf 79' lang='grc' dir='ltr'><strong><em>ἵνα</em></strong></span> <span class='ocrx_word' id='word_1_39' title='bbox 541 539 595 596; x_wconf 81' lang='grc' dir='ltr'><strong><em>δὴ</em></strong></span> <span class='ocrx_word' id='word_1_40' title='bbox 624 542 805 598; x_wconf 79' lang='grc' dir='ltr'><strong><em>μηδαμῇ</em></strong></span> <span class='ocrx_word' id='word_1_41' title='bbox 829 541 980 598; x_wconf 83' lang='grc' dir='ltr'><strong><em>μηδεὶς</em></strong></span> <span class='ocrx_word' id='word_1_42' title='bbox 1017 540 1169 593; x_wconf 84' lang='grc' dir='ltr'><strong><em>αὐτοῖς</em></strong></span> <span class='ocrx_word' id='word_1_43' title='bbox 1197 537 1227 598; x_wconf 79' lang='grc' dir='ltr'><em>ᾗ</em></span> <span class='ocrx_word' id='word_1_44' title='bbox 1257 542 1480 600; x_wconf 84' lang='grc' dir='ltr'><strong><em>δεσπότης.</em></strong></span> <span class='ocrx_word' id='word_1_45' title='bbox 1509 539 1543 581; x_wconf 89' lang='grc' dir='ltr'>Ε</span> 
     </span>
     <span class='ocr_line' id='line_1_7' title="bbox 97 602 1484 667; baseline 0.004 -17"><span class='ocrx_word' id='word_1_46' title='bbox 97 606 189 650; x_wconf 85' lang='grc' dir='ltr'><strong><em>Καὶ</em></strong></span> <span class='ocrx_word' id='word_1_47' title='bbox 216 607 355 664; x_wconf 84' lang='grc' dir='ltr'><strong><em>μάλα,</em></strong></span> <span class='ocrx_word' id='word_1_48' title='bbox 386 606 493 664; x_wconf 77' lang='grc' dir='ltr'><strong><em>ἔφη,</em></strong></span> <span class='ocrx_word' id='word_1_49' title='bbox 525 606 637 652; x_wconf 80' lang='grc' dir='ltr'><strong>οἶδα.</strong></span> <span class='ocrx_word' id='word_1_50' title='bbox 697 608 823 666; x_wconf 82' lang='grc' dir='ltr'><strong><em>Αὕτη</em></strong></span> <span class='ocrx_word' id='word_1_51' title='bbox 852 609 933 667; x_wconf 76' lang='grc' dir='ltr'><strong><em>μὲν</em></strong></span> <span class='ocrx_word' id='word_1_52' title='bbox 961 611 1130 663; x_wconf 88' lang='grc' dir='ltr'><strong><em>τοίνυν,</em></strong></span> <span class='ocrx_word' id='word_1_53' title='bbox 1160 602 1215 665; x_wconf 86' lang='grc' dir='ltr'><strong><em>ἧν</em></strong></span> <span class='ocrx_word' id='word_1_54' title='bbox 1246 607 1291 653; x_wconf 85' lang='grc' dir='ltr'><strong><em>δ’</em></strong></span> <span class='ocrx_word' id='word_1_55' title='bbox 1318 611 1417 666; x_wconf 78' lang='grc' dir='ltr'><strong><em>ἐγώ,</em></strong></span> <span class='ocrx_word' id='word_1_56' title='bbox 1447 605 1484 655; x_wconf 71' lang='grc' dir='ltr'><em>ὦ</em></span> 
     </span>
     <span class='ocr_line' id='line_1_8' title="bbox 96 674 1483 735; baseline 0.002 -16"><span class='ocrx_word' id='word_1_57' title='bbox 96 675 222 731; x_wconf 83' lang='grc' dir='ltr'><strong><em>φίλε,</em></strong></span> <span class='ocrx_word' id='word_1_58' title='bbox 259 674 287 731; x_wconf 85' lang='grc' dir='ltr'><strong><em>ἡ</em></strong></span> <span class='ocrx_word' id='word_1_59' title='bbox 316 674 426 732; x_wconf 78' lang='grc' dir='ltr'><strong><em>ἄρχὴ</em></strong></span> <span class='ocrx_word' id='word_1_60' title='bbox 456 675 618 720; x_wconf 82' lang='grc' dir='ltr'><strong><em>οὑτωσὶ</em></strong></span> <span class='ocrx_word' id='word_1_61' title='bbox 646 678 758 735; x_wconf 75' lang='grc' dir='ltr'><strong><em>καλή</em></strong></span> <span class='ocrx_word' id='word_1_62' title='bbox 789 679 862 722; x_wconf 83' lang='grc' dir='ltr'><strong><em>καὶ</em></strong></span> <span class='ocrx_word' id='word_1_63' title='bbox 891 675 1094 734; x_wconf 82' lang='grc' dir='ltr'><strong><em>νεανικὴ,</em></strong></span> <span class='ocrx_word' id='word_1_64' title='bbox 1137 676 1244 720; x_wconf 83' lang='grc' dir='ltr'><strong><em>ὅθεν</em></strong></span> <span class='ocrx_word' id='word_1_65' title='bbox 1272 679 1483 731; x_wconf 84' lang='grc' dir='ltr'><strong><em>τυραννὶς</em></strong></span> 
     </span>
     <span class='ocr_line' id='line_1_9' title="bbox 96 741 1483 802; baseline 0.002 -15"><span class='ocrx_word' id='word_1_66' title='bbox 96 741 283 799; x_wconf 75' lang='grc' dir='ltr'><strong><em>φύεται,</em></strong></span> <span class='ocrx_word' id='word_1_67' title='bbox 324 743 384 795; x_wconf 80' lang='grc' dir='ltr'><strong><em>ὠς</em></strong></span> <span class='ocrx_word' id='word_1_68' title='bbox 413 743 510 800; x_wconf 82' lang='grc' dir='ltr'><strong><em>ἐμοὶ</em></strong></span> <span class='ocrx_word' id='word_1_69' title='bbox 539 747 669 790; x_wconf 84' lang='grc' dir='ltr'><strong><em>δοκεῖ.</em></strong></span> <span class='ocrx_word' id='word_1_70' title='bbox 728 746 926 802; x_wconf 85' lang='grc' dir='ltr'><strong><em>Νεανικὴ</em></strong></span> <span class='ocrx_word' id='word_1_71' title='bbox 965 747 1095 802; x_wconf 76' lang='grc' dir='ltr'><strong><em>δῆτα,</em></strong></span> <span class='ocrx_word' id='word_1_72' title='bbox 1143 744 1250 802; x_wconf 74' lang='grc' dir='ltr'><strong><em>ἔφη·</em></strong></span> <span class='ocrx_word' id='word_1_73' title='bbox 1289 744 1399 790; x_wconf 75' lang='grc' dir='ltr'><strong><em>α’λλόε</em></strong></span> <span class='ocrx_word' id='word_1_74' title='bbox 1439 748 1483 790; x_wconf 84' lang='grc' dir='ltr'><strong><em>τί</em></strong></span> 
     </span>
     <span class='ocr_line' id='line_1_10' title="bbox 93 809 1480 871; baseline 0.003 -17"><span class='ocrx_word' id='word_1_75' title='bbox 93 809 145 854; x_wconf 85' lang='grc' dir='ltr'><strong><em>τὸ</em></strong></span> <span class='ocrx_word' id='word_1_76' title='bbox 176 809 282 868; x_wconf 78' lang='grc' dir='ltr'><strong><em>μετοὶ</em></strong></span> <span class='ocrx_word' id='word_1_77' title='bbox 310 816 469 865; x_wconf 83' lang='grc' dir='ltr'><strong><em>τοῦτο;</em></strong></span> <span class='ocrx_word' id='word_1_78' title='bbox 513 812 709 866; x_wconf 82' lang='grc' dir='ltr'><strong><em>Ταύτὸν,</em></strong></span> <span class='ocrx_word' id='word_1_79' title='bbox 745 810 802 871; x_wconf 79' lang='grc' dir='ltr'><strong><em>ἦν</em></strong></span> <span class='ocrx_word' id='word_1_80' title='bbox 832 812 876 858; x_wconf 86' lang='grc' dir='ltr'><strong><em>δ’</em></strong></span> <span class='ocrx_word' id='word_1_81' title='bbox 908 813 1016 868; x_wconf 76' lang='grc' dir='ltr'><strong><em>ἐγώ,</em></strong></span> <span class='ocrx_word' id='word_1_82' title='bbox 1058 813 1164 869; x_wconf 83' lang='grc' dir='ltr'><strong><em>ὅπερ</em></strong></span> <span class='ocrx_word' id='word_1_83' title='bbox 1203 813 1252 856; x_wconf 78' lang='grc' dir='ltr'><strong><em>ἐν</em></strong></span> <span class='ocrx_word' id='word_1_84' title='bbox 1290 817 1344 871; x_wconf 86' lang='grc' dir='ltr'><strong><em>τῇ</em></strong></span> <span class='ocrx_word' id='word_1_85' title='bbox 1386 811 1480 858; x_wconf 82' lang='grc' dir='ltr'><strong><em>ὀλι-</em></strong></span> 
     </span>
     <span class='ocr_line' id='line_1_11' title="bbox 93 879 1482 939; baseline 0.001 -15"><span class='ocrx_word' id='word_1_86' title='bbox 93 882 253 939; x_wconf 78' lang='grc' dir='ltr'><strong><em>γαρχίᾳ</em></strong></span> <span class='ocrx_word' id='word_1_87' title='bbox 282 879 455 937; x_wconf 85' lang='grc' dir='ltr'><strong><em>νόσημα</em></strong></span> <span class='ocrx_word' id='word_1_88' title='bbox 482 881 768 939; x_wconf 79' lang='grc' dir='ltr'><strong><em>ἐγγενόμενον</em></strong></span> <span class='ocrx_word' id='word_1_89' title='bbox 801 880 1024 926; x_wconf 73' lang='grc' dir='ltr'><strong><em>ἀπώλεσεν</em></strong></span> <span class='ocrx_word' id='word_1_90' title='bbox 1051 881 1210 939; x_wconf 70' lang='grc' dir='ltr'><strong><em>αὐτὴν,</em></strong></span> <span class='ocrx_word' id='word_1_91' title='bbox 1245 885 1377 925; x_wconf 84' lang='grc' dir='ltr'><strong><em>τοῦτο</em></strong></span> <span class='ocrx_word' id='word_1_92' title='bbox 1406 882 1482 926; x_wconf 84' lang='grc' dir='ltr'><strong><em>καὶ</em></strong></span> 
     </span>
     <span class='ocr_line' id='line_1_12' title="bbox 93 949 1479 1018; baseline 0 -22"><span class='ocrx_word' id='word_1_93' title='bbox 93 950 144 996; x_wconf 76' lang='grc' dir='ltr'><strong><em>ἐν</em></strong></span> <span class='ocrx_word' id='word_1_94' title='bbox 173 951 311 1009; x_wconf 82' lang='grc' dir='ltr'><strong><em>ταύτῃ</em></strong></span> <span class='ocrx_word' id='word_1_95' title='bbox 339 950 473 997; x_wconf 81' lang='grc' dir='ltr'><strong><em>πλέον</em></strong></span> <span class='ocrx_word' id='word_1_96' title='bbox 512 966 557 994; x_wconf 87' lang='grc' dir='ltr'><strong><em>τε</em></strong></span> <span class='ocrx_word' id='word_1_97' title='bbox 586 951 660 999; x_wconf 82' lang='grc' dir='ltr'><strong><em>καὶ</em></strong></span> <span class='ocrx_word' id='word_1_98' title='bbox 688 949 973 1018; x_wconf 80' lang='grc' dir='ltr'><strong><em>ἰσχυρότερον</em></strong></span> <span class='ocrx_word' id='word_1_99' title='bbox 1000 950 1048 994; x_wconf 76' lang='grc' dir='ltr'><strong><em>ἐκ</em></strong></span> <span class='ocrx_word' id='word_1_100' title='bbox 1081 954 1158 1007; x_wconf 82' lang='grc' dir='ltr'><strong><em>τῆς</em></strong></span> <span class='ocrx_word' id='word_1_101' title='bbox 1186 949 1386 1004; x_wconf 79' lang='grc' dir='ltr'><strong><em>ἐξουσίας</em></strong></span> <span class='ocrx_word' id='word_1_102' title='bbox 1415 952 1479 1008; x_wconf 79' lang='grc' dir='ltr'><strong><em>ἐγ-</em></strong></span> 
     </span>
    </p>
   </div>
   <div class='ocr_carea' id='block_1_3' title="bbox 48 1077 759 1895">
    <p class='ocr_par' dir='ltr' id='par_1_3' title="bbox 48 1077 759 1895">
     <span class='ocr_line' id='line_1_13' title="bbox 94 1077 759 1124; baseline 0 -13"><span class='ocrx_word' id='word_1_103' title='bbox 94 1082 129 1112; x_wconf 87' lang='lat' dir='ltr'><strong><em>et</em></strong></span> <span class='ocrx_word' id='word_1_104' title='bbox 178 1079 365 1124; x_wconf 76' lang='lat' dir='ltr'><strong><em>magmflce</em></strong></span> <span class='ocrx_word' id='word_1_105' title='bbox 412 1077 571 1111; x_wconf 79' lang='lat' dir='ltr'><strong><em>incedere</em></strong></span> <span class='ocrx_word' id='word_1_106' title='bbox 606 1078 759 1112; x_wconf 78' lang='lat' dir='ltr'><em>consueti</em></span> 
     </span>
     <span class='ocr_line' id='line_1_14' title="bbox 93 1125 756 1168; baseline 0 -11"><span class='ocrx_word' id='word_1_107' title='bbox 93 1126 159 1158; x_wconf 80' lang='lat' dir='ltr'><strong>etc.</strong></span> <span class='ocrx_word' id='word_1_108' title='bbox 181 1125 257 1165; x_wconf 81' lang='lat' dir='ltr'><strong>vel,</strong></span> <span class='ocrx_word' id='word_1_109' title='bbox 289 1128 328 1158; x_wconf 86' lang='lat' dir='ltr'><strong><em>ut</em></strong></span> <span class='ocrx_word' id='word_1_110' title='bbox 353 1127 555 1168; x_wconf 84' lang='lat' dir='ltr'>Grynaeus‚</span> <span class='ocrx_word' id='word_1_111' title='bbox 579 1135 678 1168; x_wconf 89' lang='lat' dir='ltr'><strong>quem</strong></span> <span class='ocrx_word' id='word_1_112' title='bbox 698 1136 756 1157; x_wconf 86' lang='lat' dir='ltr'><strong><em>ve-</em></strong></span> 
     </span>
     <span class='ocr_line' id='line_1_15' title="bbox 94 1170 755 1214; baseline 0 -11"><span class='ocrx_word' id='word_1_113' title='bbox 94 1181 135 1203; x_wconf 61' lang='lat' dir='ltr'><strong><em>ta</em></strong></span> <span class='ocrx_word' id='word_1_114' title='bbox 162 1170 260 1203; x_wconf 85' lang='lat' dir='ltr'><strong>huius</strong></span> <span class='ocrx_word' id='word_1_115' title='bbox 286 1171 394 1214; x_wconf 79' lang='lat' dir='ltr'><strong>partis</strong></span> <span class='ocrx_word' id='word_1_116' title='bbox 425 1170 653 1214; x_wconf 80' lang='lat' dir='ltr'>interpunctio</span> <span class='ocrx_word' id='word_1_117' title='bbox 689 1181 755 1203; x_wconf 89' lang='lat' dir='ltr'><strong><em>non</em></strong></span> 
     </span>
     <span class='ocr_line' id='line_1_16' title="bbox 92 1215 756 1259; baseline 0 -11"><span class='ocrx_word' id='word_1_118' title='bbox 92 1216 200 1259; x_wconf 54' lang='lat' dir='ltr'><strong>sugit,</strong></span> <span class='ocrx_word' id='word_1_119' title='bbox 225 1215 378 1250; x_wconf 86' lang='lat' dir='ltr'><strong><em>Ficinum</em></strong></span> <span class='ocrx_word' id='word_1_120' title='bbox 397 1216 571 1258; x_wconf 82' lang='lat' dir='ltr'><strong><em>corrigens</em></strong></span> <span class='ocrx_word' id='word_1_121' title='bbox 587 1216 756 1259; x_wconf 70' lang='lat' dir='ltr'><strong>interpre-</strong></span> 
     </span>
     <span class='ocr_line' id='line_1_17' title="bbox 91 1263 754 1303; baseline 0.002 -9"><span class='ocrx_word' id='word_1_122' title='bbox 91 1264 207 1295; x_wconf 80' lang='lat' dir='ltr'>tatur:</span> <span class='ocrx_word' id='word_1_123' title='bbox 231 1273 314 1295; x_wconf 82' lang='lat' dir='ltr'><strong><em>nam</em></strong></span> <span class='ocrx_word' id='word_1_124' title='bbox 344 1268 378 1296; x_wconf 86' lang='lat' dir='ltr'><strong><em>et</em></strong></span> <span class='ocrx_word' id='word_1_125' title='bbox 404 1263 572 1303; x_wconf 60' lang='lat' dir='ltr'><em>catellae,</em></span> <span class='ocrx_word' id='word_1_126' title='bbox 618 1267 655 1295; x_wconf 83' lang='lat' dir='ltr'><strong><em>ut</em></strong></span> <span class='ocrx_word' id='word_1_127' title='bbox 688 1263 754 1295; x_wconf 84' lang='lat' dir='ltr'><strong><em>ha-</em></strong></span> 
     </span>
     <span class='ocr_line' id='line_1_18' title="bbox 91 1308 752 1353; baseline -0.002 -12"><span class='ocrx_word' id='word_1_128' title='bbox 91 1308 148 1342; x_wconf 81' lang='lat' dir='ltr'><strong><em>bet</em></strong></span> <span class='ocrx_word' id='word_1_129' title='bbox 186 1309 425 1353; x_wconf 79' lang='lat' dir='ltr'><strong><em>proverbium,</em></strong></span> <span class='ocrx_word' id='word_1_130' title='bbox 470 1310 582 1348; x_wconf 78' lang='lat' dir='ltr'><strong><em>tales,</em></strong></span> <span class='ocrx_word' id='word_1_131' title='bbox 633 1309 752 1351; x_wconf 79' lang='lat' dir='ltr'><em>quales</em></span> 
     </span>
     <span class='ocr_line' id='line_1_19' title="bbox 90 1354 754 1398; baseline 0.002 -11"><span class='ocrx_word' id='word_1_132' title='bbox 90 1354 221 1395; x_wconf 83' lang='lat' dir='ltr'><strong><em>herae,</em></strong></span> <span class='ocrx_word' id='word_1_133' title='bbox 263 1360 363 1388; x_wconf 83' lang='lat' dir='ltr'><strong><em>sunt.-</em></strong></span> <span class='ocrx_word' id='word_1_134' title='bbox 404 1358 439 1387; x_wconf 76' lang='lat' dir='ltr'><strong><em>et</em></strong></span> <span class='ocrx_word' id='word_1_135' title='bbox 468 1356 568 1398; x_wconf 81' lang='lat' dir='ltr'><strong>equi,</strong></span> <span class='ocrx_word' id='word_1_136' title='bbox 603 1359 635 1387; x_wconf 81' lang='lat' dir='ltr'><strong><em>et</em></strong></span> <span class='ocrx_word' id='word_1_137' title='bbox 662 1355 754 1388; x_wconf 77' lang='lat' dir='ltr'><strong><em>asini</em></strong></span> 
     </span>
     <span class='ocr_line' id='line_1_20' title="bbox 89 1401 753 1444; baseline 0.002 -11"><span class='ocrx_word' id='word_1_138' title='bbox 89 1401 179 1434; x_wconf 81' lang='lat' dir='ltr'><strong>tales</strong></span> <span class='ocrx_word' id='word_1_139' title='bbox 208 1401 420 1441; x_wconf 78' lang='lat' dir='ltr'><strong><em>redduntur,</em></strong></span> <span class='ocrx_word' id='word_1_140' title='bbox 463 1401 523 1444; x_wconf 78' lang='lat' dir='ltr'><strong><em>qui</em></strong></span> <span class='ocrx_word' id='word_1_141' title='bbox 562 1402 753 1443; x_wconf 66' lang='lat' dir='ltr'><strong><em>cssuofacti</em></strong></span> 
     </span>
     <span class='ocr_line' id='line_1_21' title="bbox 79 1447 752 1490; baseline 0.001 -11"><span class='ocrx_word' id='word_1_142' title='bbox 79 1447 216 1490; x_wconf 81' lang='lat' dir='ltr'><strong><em>fuerint</em></strong></span> <span class='ocrx_word' id='word_1_143' title='bbox 251 1448 436 1480; x_wconf 83' lang='lat' dir='ltr'><em>admodum</em></span> <span class='ocrx_word' id='word_1_144' title='bbox 472 1447 575 1480; x_wconf 74' lang='lat' dir='ltr'><strong><em>tibere</em></strong></span> <span class='ocrx_word' id='word_1_145' title='bbox 610 1449 752 1490; x_wconf 78' lang='lat' dir='ltr'><strong><em>fastuo-</em></strong></span> 
     </span>
     <span class='ocr_line' id='line_1_22' title="bbox 87 1493 751 1537; baseline -0.002 -11"><span class='ocrx_word' id='word_1_146' title='bbox 87 1504 190 1536; x_wconf 73' lang='lat' dir='ltr'><em>soque</em></span> <span class='ocrx_word' id='word_1_147' title='bbox 216 1504 280 1537; x_wconf 82' lang='lat' dir='ltr'><strong><em>per</em></strong></span> <span class='ocrx_word' id='word_1_148' title='bbox 302 1494 379 1527; x_wconf 86' lang='lat' dir='ltr'><strong><em>vias</em></strong></span> <span class='ocrx_word' id='word_1_149' title='bbox 396 1493 556 1536; x_wconf 71' lang='lat' dir='ltr'><strong><em>ingredi,</em></strong></span> <span class='ocrx_word' id='word_1_150' title='bbox 581 1498 619 1526; x_wconf 80' lang='lat' dir='ltr'><strong><em>ut</em></strong></span> <span class='ocrx_word' id='word_1_151' title='bbox 637 1494 673 1525; x_wconf 80' lang='lat' dir='ltr'><strong><em>in</em></strong></span> <span class='ocrx_word' id='word_1_152' title='bbox 691 1494 751 1526; x_wconf 86' lang='lat' dir='ltr'><strong><em>ob-</em></strong></span> 
     </span>
     <span class='ocr_line' id='line_1_23' title="bbox 48 1539 750 1584; baseline 0.001 -13"><span class='ocrx_word' id='word_1_153' title='bbox 48 1544 51 1547; x_wconf 77' lang='grc'><em>’</em></span> <span class='ocrx_word' id='word_1_154' title='bbox 85 1539 180 1573; x_wconf 78' lang='lat' dir='ltr'><strong><em>vium</em></strong></span> <span class='ocrx_word' id='word_1_155' title='bbox 209 1551 374 1584; x_wconf 79' lang='lat' dir='ltr'><strong><em>quemque</em></strong></span> <span class='ocrx_word' id='word_1_156' title='bbox 411 1541 575 1583; x_wconf 81' lang='lat' dir='ltr'><strong>impetum</strong></span> <span class='ocrx_word' id='word_1_157' title='bbox 597 1540 750 1581; x_wconf 75' lang='lat' dir='ltr'><strong><em>faciant,</em></strong></span> 
     </span>
     <span class='ocr_line' id='line_1_24' title="bbox 85 1585 750 1619; baseline 0.002 -2"><span class='ocrx_word' id='word_1_158' title='bbox 85 1585 154 1618; x_wconf 79' lang='lat' dir='ltr'><strong><em>nisi</em></strong></span> <span class='ocrx_word' id='word_1_159' title='bbox 171 1587 321 1619; x_wconf 78' lang='lat' dir='ltr'><strong>cesserit.</strong></span> <span class='ocrx_word' id='word_1_160' title='bbox 367 1585 511 1619; x_wconf 85' lang='lat' dir='ltr'><strong>Ficinus</strong></span> <span class='ocrx_word' id='word_1_161' title='bbox 536 1590 648 1618; x_wconf 84' lang='lat' dir='ltr'><strong>autem</strong></span> <span class='ocrx_word' id='word_1_162' title='bbox 666 1585 750 1618; x_wconf 87' lang='lat' dir='ltr'>haec</span> 
     </span>
     <span class='ocr_line' id='line_1_25' title="bbox 85 1632 750 1676; baseline 0 -12"><span class='ocrx_word' id='word_1_163' title='bbox 85 1634 268 1675; x_wconf 82' lang='lat' dir='ltr'><strong>posuerat:</strong></span> <span class='ocrx_word' id='word_1_164' title='bbox 294 1651 335 1656; x_wconf 95' lang='lat'><strong>—</strong></span> <span class='ocrx_word' id='word_1_165' title='bbox 352 1632 584 1676; x_wconf 82' lang='lat' dir='ltr'><em>proverbium,</em></span> <span class='ocrx_word' id='word_1_166' title='bbox 606 1632 750 1674; x_wconf 79' lang='lat' dir='ltr'><strong><em>perinde</em></strong></span> 
     </span>
     <span class='ocr_line' id='line_1_26' title="bbox 85 1677 750 1722; baseline 0 -12"><span class='ocrx_word' id='word_1_167' title='bbox 85 1688 128 1710; x_wconf 80' lang='lat' dir='ltr'><strong><em>ac</em></strong></span> <span class='ocrx_word' id='word_1_168' title='bbox 145 1677 305 1711; x_wconf 81' lang='lat' dir='ltr'><strong><em>dominae</em></strong></span> <span class='ocrx_word' id='word_1_169' title='bbox 326 1683 425 1712; x_wconf 79' lang='lat' dir='ltr'><strong>sunt:</strong></span> <span class='ocrx_word' id='word_1_170' title='bbox 449 1683 483 1710; x_wconf 79' lang='lat' dir='ltr'><strong><em>et</em></strong></span> <span class='ocrx_word' id='word_1_171' title='bbox 508 1678 585 1722; x_wconf 80' lang='lat' dir='ltr'><strong><em>eqni</em></strong></span> <span class='ocrx_word' id='word_1_172' title='bbox 607 1683 640 1710; x_wconf 84' lang='lat' dir='ltr'><strong><em>et</em></strong></span> <span class='ocrx_word' id='word_1_173' title='bbox 660 1678 750 1710; x_wconf 83' lang='lat' dir='ltr'><em>asim·</em></span> 
     </span>
     <span class='ocr_line' id='line_1_27' title="bbox 85 1724 750 1767; baseline 0 -11"><span class='ocrx_word' id='word_1_174' title='bbox 85 1727 188 1757; x_wconf 78' lang='lat' dir='ltr'><strong><em>tanta</em></strong></span> <span class='ocrx_word' id='word_1_175' title='bbox 208 1734 271 1767; x_wconf 84' lang='lat' dir='ltr'><strong><em>per</em></strong></span> <span class='ocrx_word' id='word_1_176' title='bbox 291 1724 368 1757; x_wconf 82' lang='lat' dir='ltr'><em>vias</em></span> <span class='ocrx_word' id='word_1_177' title='bbox 395 1725 556 1757; x_wconf 79' lang='lat' dir='ltr'><strong>libertate</strong></span> <span class='ocrx_word' id='word_1_178' title='bbox 580 1724 750 1767; x_wconf 81' lang='lat' dir='ltr'><em>progredi</em></span> 
     </span>
     <span class='ocr_line' id='line_1_28' title="bbox 84 1770 749 1811; baseline 0.003 -9"><span class='ocrx_word' id='word_1_179' title='bbox 84 1775 326 1811; x_wconf 76' lang='lat' dir='ltr'><strong><em>consuescunt,</em></strong></span> <span class='ocrx_word' id='word_1_180' title='bbox 360 1775 400 1804; x_wconf 85' lang='lat' dir='ltr'><strong><em>ut</em></strong></span> <span class='ocrx_word' id='word_1_181' title='bbox 441 1771 477 1803; x_wconf 87' lang='lat' dir='ltr'><strong><em>in</em></strong></span> <span class='ocrx_word' id='word_1_182' title='bbox 508 1770 645 1802; x_wconf 82' lang='lat' dir='ltr'><em>obvium</em></span> <span class='ocrx_word' id='word_1_183' title='bbox 681 1789 749 1804; x_wconf 85' lang='lat'><strong><em>—.</em></strong></span> 
     </span>
     <span class='ocr_line' id='line_1_29' title="bbox 84 1814 747 1860; baseline 0.003 -13"><span class='ocrx_word' id='word_1_184' title='bbox 84 1814 265 1848; x_wconf 80' lang='lat' dir='ltr'>Bekkerus</span> <span class='ocrx_word' id='word_1_185' title='bbox 305 1815 460 1849; x_wconf 85' lang='lat' dir='ltr'><strong>vitiosam</strong></span> <span class='ocrx_word' id='word_1_186' title='bbox 494 1814 660 1860; x_wconf 86' lang='lat' dir='ltr'>Stephani</span> <span class='ocrx_word' id='word_1_187' title='bbox 694 1814 747 1849; x_wconf 87' lang='lat' dir='ltr'><strong><em>di-</em></strong></span> 
     </span>
     <span class='ocr_line' id='line_1_30' title="bbox 82 1860 542 1895; baseline -0.002 -1"><span class='ocrx_word' id='word_1_188' title='bbox 82 1860 297 1895; x_wconf 79' lang='lat' dir='ltr'><strong><em>stinctionem</em></strong></span> <span class='ocrx_word' id='word_1_189' title='bbox 319 1864 457 1894; x_wconf 83' lang='lat' dir='ltr'><strong>secutus</strong></span> <span class='ocrx_word' id='word_1_190' title='bbox 480 1865 542 1894; x_wconf 85' lang='lat' dir='ltr'><strong>est.</strong></span> 
     </span>
    </p>
   </div>
   <div class='ocr_carea' id='block_1_4' title="bbox 83 1925 747 2010">
    <p class='ocr_par' dir='ltr' id='par_1_4' title="bbox 83 1925 747 2010">
     <span class='ocr_line' id='line_1_31' title="bbox 129 1925 747 1975; baseline 0.003 -13"><span class='ocrx_word' id='word_1_191' title='bbox 129 1925 381 1974; x_wconf 78' lang='grc' dir='ltr'><strong><em>πορεύεσθαι]</em></strong></span> <span class='ocrx_word' id='word_1_192' title='bbox 427 1929 526 1964; x_wconf 90' lang='lat' dir='ltr'>Vind.</span> <span class='ocrx_word' id='word_1_193' title='bbox 562 1929 607 1964; x_wconf 85' lang='lat' dir='ltr'><strong><em>F.</em></strong></span> <span class='ocrx_word' id='word_1_194' title='bbox 644 1940 747 1975; x_wconf 84' lang='lat' dir='ltr'><strong>super</strong></span> 
     </span>
     <span class='ocr_line' id='line_1_32' title="bbox 83 1973 393 2010; baseline 0.006 -2"><span class='ocrx_word' id='word_1_195' title='bbox 83 1973 202 2009; x_wconf 80' lang='lat' dir='ltr'><strong>ultima</strong></span> <span class='ocrx_word' id='word_1_196' title='bbox 230 1986 247 2009; x_wconf 89' lang='grc' dir='ltr'><strong><em>ε</em></strong></span> <span class='ocrx_word' id='word_1_197' title='bbox 278 1976 393 2010; x_wconf 84' lang='lat' dir='ltr'><strong>habet.</strong></span> 
     </span>
    </p>
   </div>
   <div class='ocr_carea' id='block_1_5' title="bbox 125 2040 743 2089">
    <p class='ocr_par' dir='ltr' id='par_1_5' title="bbox 125 2040 743 2089">
     <span class='ocr_line' id='line_1_33' title="bbox 125 2040 743 2089; baseline 0 -12"><span class='ocrx_word' id='word_1_198' title='bbox 125 2040 218 2089; x_wconf 84' lang='grc' dir='ltr'><strong><em>τὰς]</em></strong></span> <span class='ocrx_word' id='word_1_199' title='bbox 251 2040 342 2084; x_wconf 74' lang='grc' dir='ltr'><strong><em>τούς</em></strong></span> <span class='ocrx_word' id='word_1_200' title='bbox 375 2043 474 2079; x_wconf 87' lang='lat' dir='ltr'><strong>Vind.</strong></span> <span class='ocrx_word' id='word_1_201' title='bbox 493 2044 567 2078; x_wconf 77' lang='lat' dir='ltr'><strong><em>BF.</em></strong></span> <span class='ocrx_word' id='word_1_202' title='bbox 589 2044 677 2089; x_wconf 89' lang='lat' dir='ltr'>Ang.</span> <span class='ocrx_word' id='word_1_203' title='bbox 702 2044 743 2077; x_wconf 93' lang='lat' dir='ltr'><strong><em>B.</em></strong></span> 
     </span>
    </p>
   </div>
   <div class='ocr_carea' id='block_1_6' title="bbox 81 2109 405 2196">
    <p class='ocr_par' dir='ltr' id='par_1_6' title="bbox 81 2109 405 2196">
     <span class='ocr_line' id='line_1_34' title="bbox 127 2109 405 2158; baseline 0.004 -11"><span class='ocrx_word' id='word_1_204' title='bbox 127 2109 371 2158; x_wconf 74' lang='grc' dir='ltr'><strong><em>ἐμβάλλοντες</em></strong></span> <span class='ocrx_word' id='word_1_205' title='bbox 391 2113 405 2158; x_wconf 85' lang='grc'>]</span> 
     </span>
     <span class='ocr_line' id='line_1_35' title="bbox 81 2158 251 2196; baseline -0.024 0"><span class='ocrx_word' id='word_1_206' title='bbox 81 2159 182 2196; x_wconf 76' lang='lat' dir='ltr'>vind.</span> <span class='ocrx_word' id='word_1_207' title='bbox 208 2158 251 2192; x_wconf 76' lang='lat' dir='ltr'><strong><em>E.</em></strong></span> 
     </span>
    </p>
   </div>
   <div class='ocr_carea' id='block_1_7' title="bbox 127 2212 592 2259">
    <p class='ocr_par' dir='ltr' id='par_1_7' title="bbox 127 2212 592 2259">
     <span class='ocr_line' id='line_1_36' title="bbox 127 2212 592 2259; baseline -0.002 -9"><span class='ocrx_word' id='word_1_208' title='bbox 127 2212 222 2259; x_wconf 79' lang='grc' dir='ltr'><strong><em>ἐὰν]</em></strong></span> <span class='ocrx_word' id='word_1_209' title='bbox 251 2214 286 2249; x_wconf 82' lang='grc' dir='ltr'><strong><em>εἰ</em></strong></span> <span class='ocrx_word' id='word_1_210' title='bbox 308 2215 394 2250; x_wconf 84' lang='lat' dir='ltr'><strong><em>Lob.</em></strong></span> <span class='ocrx_word' id='word_1_211' title='bbox 414 2215 491 2250; x_wconf 88' lang='lat' dir='ltr'><strong>Vat.</strong></span> <span class='ocrx_word' id='word_1_212' title='bbox 514 2215 592 2250; x_wconf 88' lang='lat' dir='ltr'><strong><em>BM.</em></strong></span> 
     </span>
    </p>
   </div>
   <div class='ocr_carea' id='block_1_8' title="bbox 80 2276 743 2410">
    <p class='ocr_par' dir='ltr' id='par_1_8' title="bbox 80 2276 743 2410">
     <span class='ocr_line' id='line_1_37' title="bbox 127 2276 743 2328; baseline 0 -11"><span class='ocrx_word' id='word_1_213' title='bbox 127 2276 266 2328; x_wconf 80' lang='grc' dir='ltr'><strong><em>τᾶλλα]</em></strong></span> <span class='ocrx_word' id='word_1_214' title='bbox 293 2280 333 2318; x_wconf 86' lang='grc' dir='ltr'><strong><em>τ’</em></strong></span> <span class='ocrx_word' id='word_1_215' title='bbox 360 2279 453 2318; x_wconf 68' lang='grc' dir='ltr'><strong><em>ἄλλοι</em></strong></span> <span class='ocrx_word' id='word_1_216' title='bbox 472 2285 570 2319; x_wconf 88' lang='lat' dir='ltr'>Vind.</span> <span class='ocrx_word' id='word_1_217' title='bbox 591 2284 633 2319; x_wconf 82' lang='grc' dir='ltr'><strong>Ε.</strong></span> <span class='ocrx_word' id='word_1_218' title='bbox 657 2279 743 2317; x_wconf 71' lang='grc' dir='ltr'><strong><em>τᾶλ-</em></strong></span> 
     </span>
     <span class='ocr_line' id='line_1_38' title="bbox 80 2330 741 2410; baseline -0.002 -45"><span class='ocrx_word' id='word_1_219' title='bbox 80 2330 265 2410; x_wconf 44' lang='grc' dir='ltr'><strong><em>ὶοὲε.νίηά.</em></strong></span> <span class='ocrx_word' id='word_1_220' title='bbox 309 2330 385 2365; x_wconf 87' lang='lat' dir='ltr'><strong><em>BF.</em></strong></span> <span class='ocrx_word' id='word_1_221' title='bbox 425 2331 518 2366; x_wconf 87' lang='lat' dir='ltr'><strong><em>Mon.</em></strong></span> <span class='ocrx_word' id='word_1_222' title='bbox 545 2331 587 2365; x_wconf 92' lang='lat' dir='ltr'><strong><em>B.</em></strong></span> <span class='ocrx_word' id='word_1_223' title='bbox 620 2331 741 2376; x_wconf 86' lang='lat' dir='ltr'><strong>Steph.</strong></span> 
     </span>
    </p>
   </div>
   <div class='ocr_carea' id='block_1_9' title="bbox 77 2428 743 2515">
    <p class='ocr_par' dir='ltr' id='par_1_9' title="bbox 77 2428 743 2515">
     <span class='ocr_line' id='line_1_39' title="bbox 128 2428 743 2478; baseline 0 -11"><span class='ocrx_word' id='word_1_224' title='bbox 128 2428 250 2478; x_wconf 71' lang='grc' dir='ltr'><strong><em>οὕτω]</em></strong></span> <span class='ocrx_word' id='word_1_225' title='bbox 275 2429 395 2475; x_wconf 76' lang='grc' dir='ltr'><strong><em>οὕτως</em></strong></span> <span class='ocrx_word' id='word_1_226' title='bbox 419 2434 518 2469; x_wconf 86' lang='lat' dir='ltr'>Vind.</span> <span class='ocrx_word' id='word_1_227' title='bbox 543 2434 620 2468; x_wconf 82' lang='lat' dir='ltr'><strong><em>EF.</em></strong></span> <span class='ocrx_word' id='word_1_228' title='bbox 645 2434 743 2469; x_wconf 87' lang='lat' dir='ltr'><strong>Flor.</strong></span> 
     </span>
     <span class='ocr_line' id='line_1_40' title="bbox 77 2479 216 2515; baseline 0 -1"><span class='ocrx_word' id='word_1_229' title='bbox 77 2479 216 2515; x_wconf 84' lang='lat' dir='ltr'>ACRV.</span> 
     </span>
    </p>
   </div>
   <div class='ocr_carea' id='block_1_10' title="bbox 81 2535 740 2674">
    <p class='ocr_par' dir='ltr' id='par_1_10' title="bbox 81 2535 740 2674">
     <span class='ocr_line' id='line_1_41' title="bbox 128 2535 740 2581; baseline 0.002 -11"><span class='ocrx_word' id='word_1_230' title='bbox 128 2535 264 2581; x_wconf 80' lang='grc' dir='ltr'><strong><em>μεστὰ]</em></strong></span> <span class='ocrx_word' id='word_1_231' title='bbox 297 2535 392 2580; x_wconf 81' lang='grc' dir='ltr'><strong><em>μετὰ</em></strong></span> <span class='ocrx_word' id='word_1_232' title='bbox 433 2537 520 2574; x_wconf 85' lang='lat' dir='ltr'><em>Lob.</em></span> <span class='ocrx_word' id='word_1_233' title='bbox 549 2538 630 2571; x_wconf 82' lang='lat' dir='ltr'><strong>Vat.</strong></span> <span class='ocrx_word' id='word_1_234' title='bbox 660 2537 740 2571; x_wconf 86' lang='lat' dir='ltr'><strong><em>BM.</em></strong></span> 
     </span>
     <span class='ocr_line' id='line_1_42' title="bbox 82 2583 740 2624; baseline 0.002 -8"><span class='ocrx_word' id='word_1_235' title='bbox 82 2585 141 2624; x_wconf 79' lang='lat' dir='ltr'><strong><em>et,</em></strong></span> <span class='ocrx_word' id='word_1_236' title='bbox 172 2588 211 2617; x_wconf 90' lang='lat' dir='ltr'><strong><em>ut</em></strong></span> <span class='ocrx_word' id='word_1_237' title='bbox 232 2583 386 2624; x_wconf 76' lang='lat' dir='ltr'><strong>videtur,</strong></span> <span class='ocrx_word' id='word_1_238' title='bbox 418 2584 574 2618; x_wconf 80' lang='lat' dir='ltr'><strong><em>Ficinus:</em></strong></span> <span class='ocrx_word' id='word_1_239' title='bbox 607 2595 740 2618; x_wconf 84' lang='lat' dir='ltr'><strong><em>summa</em></strong></span> 
     </span>
     <span class='ocr_line' id='line_1_43' title="bbox 81 2630 413 2674; baseline 0.003 -12"><span class='ocrx_word' id='word_1_240' title='bbox 81 2634 237 2674; x_wconf 75' lang='lat' dir='ltr'><strong><em>aguntur</em></strong></span> <span class='ocrx_word' id='word_1_241' title='bbox 262 2630 413 2668; x_wconf 72' lang='lat' dir='ltr'><strong><em>licentia.</em></strong></span> 
     </span>
    </p>
   </div>
   <div class='ocr_carea' id='block_1_11' title="bbox 500 2109 744 2158">
    <p class='ocr_par' dir='ltr' id='par_1_11' title="bbox 500 2109 744 2158">
     <span class='ocr_line' id='line_1_44' title="bbox 500 2109 744 2158; baseline 0 -12"><span class='ocrx_word' id='word_1_242' title='bbox 500 2109 744 2158; x_wconf 77' lang='grc' dir='ltr'><strong><em>ἐμβάλλοντεν</em></strong></span> 
     </span>
    </p>
   </div>
   <div class='ocr_carea' id='block_1_12' title="bbox 35 2693 741 2882">
    <p class='ocr_par' dir='ltr' id='par_1_12' title="bbox 35 2693 741 2882">
     <span class='ocr_line' id='line_1_45' title="bbox 35 2693 741 2786; baseline -0.004 -53"><span class='ocrx_word' id='word_1_243' title='bbox 35 2727 55 2748; x_wconf 46' lang='lat'><em>3</em></span> <span class='ocrx_word' id='word_1_244' title='bbox 79 2693 190 2777; x_wconf 48' lang='lat' dir='ltr'>edizi’]</span> <span class='ocrx_word' id='word_1_245' title='bbox 216 2709 291 2777; x_wconf 58' lang='lat' dir='ltr'><strong>‘mii&#39;</strong></span> <span class='ocrx_word' id='word_1_246' title='bbox 306 2697 397 2776; x_wconf 56' lang='grc' dir='ltr'><strong>Μοιέ.</strong></span> <span class='ocrx_word' id='word_1_247' title='bbox 422 2698 462 2732; x_wconf 93' lang='grc' dir='ltr'><strong><em>Β.</em></strong></span> <span class='ocrx_word' id='word_1_248' title='bbox 483 2696 741 2786; x_wconf 54' lang='lat' dir='ltr'><strong><em>non)Sitnepl;1alni</em></strong></span> 
     </span>
     <span class='ocr_line' id='line_1_46' title="bbox 80 2745 739 2834; baseline 0.002 -12"><span class='ocrx_word' id='word_1_249' title='bbox 80 2788 157 2822; x_wconf 72' lang='lat' dir='ltr'><strong>keri</strong></span> <span class='ocrx_word' id='word_1_250' title='bbox 165 2745 610 2834; x_wconf 47' lang='lat' dir='ltr'><strong><em>ogotxniilspzrgg&#39;glrgxlmsspro</em></strong></span> <span class='ocrx_word' id='word_1_251' title='bbox 645 2756 739 2823; x_wconf 47' lang='lat' dir='ltr'><strong><em>Min.</em></strong></span> 
     </span>
     <span class='ocr_line' id='line_1_47' title="bbox 80 2834 739 2882; baseline 0 -14"><span class='ocrx_word' id='word_1_252' title='bbox 80 2834 123 2868; x_wconf 87' lang='grc' dir='ltr'><strong>Β.</strong></span> <span class='ocrx_word' id='word_1_253' title='bbox 146 2835 204 2881; x_wconf 86' lang='lat' dir='ltr'><strong><em>(q)</em></strong></span> <span class='ocrx_word' id='word_1_254' title='bbox 226 2836 370 2882; x_wconf 80' lang='lat' dir='ltr'><strong>positum</strong></span> <span class='ocrx_word' id='word_1_255' title='bbox 389 2835 612 2870; x_wconf 82' lang='lat' dir='ltr'><strong>Stallbaumio</strong></span> <span class='ocrx_word' id='word_1_256' title='bbox 627 2835 739 2868; x_wconf 83' lang='lat' dir='ltr'><strong>fraudi</strong></span> 
     </span>
    </p>
   </div>
   <div class='ocr_carea' id='block_1_13' title="bbox 810 1076 1477 1168">
    <p class='ocr_par' dir='ltr' id='par_1_13' title="bbox 810 1076 1477 1168">
     <span class='ocr_line' id='line_1_48' title="bbox 813 1076 1477 1120; baseline 0.003 -10"><span class='ocrx_word' id='word_1_257' title='bbox 813 1076 900 1119; x_wconf 79' lang='lat' dir='ltr'><strong>fuit,</strong></span> <span class='ocrx_word' id='word_1_258' title='bbox 932 1080 970 1110; x_wconf 86' lang='lat' dir='ltr'><strong><em>ut</em></strong></span> <span class='ocrx_word' id='word_1_259' title='bbox 998 1076 1031 1110; x_wconf 90' lang='lat' dir='ltr'><strong><em>in</em></strong></span> <span class='ocrx_word' id='word_1_260' title='bbox 1063 1087 1133 1110; x_wconf 87' lang='lat' dir='ltr'><strong>sec.</strong></span> <span class='ocrx_word' id='word_1_261' title='bbox 1156 1076 1368 1120; x_wconf 80' lang='lat' dir='ltr'>Stephanum</span> <span class='ocrx_word' id='word_1_262' title='bbox 1392 1078 1477 1112; x_wconf 85' lang='lat' dir='ltr'><strong><em>omi-</em></strong></span> 
     </span>
     <span class='ocr_line' id='line_1_49' title="bbox 810 1122 1341 1168; baseline 0.002 -12"><span class='ocrx_word' id='word_1_263' title='bbox 810 1123 897 1157; x_wconf 85' lang='lat' dir='ltr'><strong>sisse</strong></span> <span class='ocrx_word' id='word_1_264' title='bbox 920 1122 1120 1168; x_wconf 82' lang='lat' dir='ltr'><strong>particulam</strong></span> <span class='ocrx_word' id='word_1_265' title='bbox 1150 1123 1341 1158; x_wconf 77' lang='lat' dir='ltr'><strong>tradiderit.</strong></span> 
     </span>
    </p>
   </div>
   <div class='ocr_carea' id='block_1_14' title="bbox 811 1188 1473 1338">
    <p class='ocr_par' dir='ltr' id='par_1_14' title="bbox 811 1188 1473 1338">
     <span class='ocr_line' id='line_1_50' title="bbox 836 1188 1473 1271; baseline -0.002 0"><span class='ocrx_word' id='word_1_266' title='bbox 836 1188 1165 1271; x_wconf 50' lang='grc' dir='ltr'><strong><em>υξῖᾏέίεῐῐιῐιιηινὲἓῗ·</em></strong></span> <span class='ocrx_word' id='word_1_267' title='bbox 1189 1191 1233 1225; x_wconf 51' lang='grc' dir='ltr'><strong><em>Ε.</em></strong></span> <span class='ocrx_word' id='word_1_268' title='bbox 1266 1195 1345 1236; x_wconf 65' lang='lat' dir='ltr'><strong>POSt</strong></span> <span class='ocrx_word' id='word_1_269' title='bbox 1367 1204 1390 1236; x_wconf 73' lang='grc' dir='ltr'><em>η</em></span> <span class='ocrx_word' id='word_1_270' title='bbox 1415 1192 1473 1228; x_wconf 53' lang='grc' dir='ltr'><strong><em>3ιί-</em></strong></span> 
     </span>
     <span class='ocr_line' id='line_1_51' title="bbox 811 1248 1328 1338; baseline 0.002 -11"><span class='ocrx_word' id='word_1_271' title='bbox 811 1248 833 1282; x_wconf 77' lang='lat' dir='ltr'><strong>q</strong></span> <span class='ocrx_word' id='word_1_272' title='bbox 855 1292 986 1338; x_wconf 78' lang='grc' dir='ltr'><strong><em>θαμὰ]</em></strong></span> <span class='ocrx_word' id='word_1_273' title='bbox 1011 1293 1147 1336; x_wconf 77' lang='grc' dir='ltr'><strong><em>θαῦμα</em></strong></span> <span class='ocrx_word' id='word_1_274' title='bbox 1164 1293 1267 1329; x_wconf 89' lang='lat' dir='ltr'>Vind.</span> <span class='ocrx_word' id='word_1_275' title='bbox 1289 1294 1328 1328; x_wconf 80' lang='lat' dir='ltr'><strong><em>F.</em></strong></span> 
     </span>
    </p>
   </div>
   <div class='ocr_carea' id='block_1_15' title="bbox 800 1348 1474 2061">
    <p class='ocr_par' dir='ltr' id='par_1_15' title="bbox 809 1348 1474 1441">
     <span class='ocr_line' id='line_1_52' title="bbox 856 1348 1474 1395; baseline 0.006 -11"><span class='ocrx_word' id='word_1_276' title='bbox 856 1348 980 1395; x_wconf 71' lang='grc' dir='ltr'><strong><em>αὐτὸ]</em></strong></span> <span class='ocrx_word' id='word_1_277' title='bbox 1023 1351 1139 1385; x_wconf 83' lang='grc' dir='ltr'><strong><em>τοῦτο</em></strong></span> <span class='ocrx_word' id='word_1_278' title='bbox 1184 1351 1271 1385; x_wconf 91' lang='lat' dir='ltr'><em>Lob.</em></span> <span class='ocrx_word' id='word_1_279' title='bbox 1315 1353 1395 1388; x_wconf 86' lang='lat' dir='ltr'><strong>Vat.</strong></span> <span class='ocrx_word' id='word_1_280' title='bbox 1423 1353 1474 1388; x_wconf 89' lang='lat' dir='ltr'><strong><em>M.</em></strong></span> 
     </span>
     <span class='ocr_line' id='line_1_53' title="bbox 809 1394 1310 1441; baseline 0.006 -11"><span class='ocrx_word' id='word_1_281' title='bbox 809 1394 905 1441; x_wconf 76' lang='grc' dir='ltr'><strong><em>αὐτή</em></strong></span> <span class='ocrx_word' id='word_1_282' title='bbox 933 1398 987 1431; x_wconf 80' lang='lat' dir='ltr'><strong><em>vel</em></strong></span> <span class='ocrx_word' id='word_1_283' title='bbox 1014 1395 1116 1431; x_wconf 73' lang='grc' dir='ltr'><strong><em>αὐτώ</em></strong></span> <span class='ocrx_word' id='word_1_284' title='bbox 1145 1398 1245 1433; x_wconf 86' lang='lat' dir='ltr'>Vind.</span> <span class='ocrx_word' id='word_1_285' title='bbox 1269 1398 1310 1433; x_wconf 88' lang='lat' dir='ltr'><strong><em>F.</em></strong></span> 
     </span>
    </p>

    <p class='ocr_par' dir='ltr' id='par_1_16' title="bbox 858 1451 1425 1498">
     <span class='ocr_line' id='line_1_54' title="bbox 858 1451 1425 1498; baseline 0.005 -11"><span class='ocrx_word' id='word_1_286' title='bbox 858 1451 911 1489; x_wconf 70' lang='lat' dir='ltr'><strong><em>To*</em></strong></span> <span class='ocrx_word' id='word_1_287' title='bbox 940 1451 1005 1498; x_wconf 75' lang='grc' dir='ltr'><strong><em>δὲ]</em></strong></span> <span class='ocrx_word' id='word_1_288' title='bbox 1034 1452 1131 1488; x_wconf 79' lang='grc' dir='ltr'><strong><em>Τόδε</em></strong></span> <span class='ocrx_word' id='word_1_289' title='bbox 1155 1455 1232 1488; x_wconf 78' lang='lat' dir='ltr'><strong>Ald.</strong></span> <span class='ocrx_word' id='word_1_290' title='bbox 1261 1456 1342 1488; x_wconf 84' lang='lat' dir='ltr'>Bas.</span> <span class='ocrx_word' id='word_1_291' title='bbox 1370 1457 1425 1490; x_wconf 83' lang='lat' dir='ltr'><strong><em>ab.</em></strong></span> 
     </span>
    </p>

    <p class='ocr_par' dir='ltr' id='par_1_17' title="bbox 804 1498 1472 1810">
     <span class='ocr_line' id='line_1_55' title="bbox 854 1498 1471 1545; baseline 0.003 -11"><span class='ocrx_word' id='word_1_292' title='bbox 854 1498 1203 1545; x_wconf 80' lang='grc' dir='ltr'><strong><em>ξυνηθροισμένων]</em></strong></span> <span class='ocrx_word' id='word_1_293' title='bbox 1252 1511 1329 1534; x_wconf 89' lang='grc' dir='ltr'><strong><em>συν.</em></strong></span> <span class='ocrx_word' id='word_1_294' title='bbox 1378 1502 1471 1536; x_wconf 90' lang='lat' dir='ltr'><strong><em>Mon.</em></strong></span> 
     </span>
     <span class='ocr_line' id='line_1_56' title="bbox 808 1545 1470 1591; baseline 0.003 -12"><span class='ocrx_word' id='word_1_295' title='bbox 808 1547 848 1580; x_wconf 82' lang='grc' dir='ltr'><strong>Β.</strong></span> <span class='ocrx_word' id='word_1_296' title='bbox 884 1547 975 1581; x_wconf 84' lang='lat' dir='ltr'><em>Flor.</em></span> <span class='ocrx_word' id='word_1_297' title='bbox 1002 1547 1046 1580; x_wconf 88' lang='lat' dir='ltr'><strong><em>U.</em></strong></span> <span class='ocrx_word' id='word_1_298' title='bbox 1073 1545 1350 1591; x_wconf 80' lang='grc' dir='ltr'><strong><em>ξηθροισμένων</em></strong></span> <span class='ocrx_word' id='word_1_299' title='bbox 1369 1548 1470 1581; x_wconf 87' lang='lat' dir='ltr'>Vind.</span> 
     </span>
     <span class='ocr_line' id='line_1_57' title="bbox 807 1590 1471 1638; baseline 0.002 -12"><span class='ocrx_word' id='word_1_300' title='bbox 807 1593 850 1626; x_wconf 88' lang='grc' dir='ltr'><strong>Ε.</strong></span> <span class='ocrx_word' id='word_1_301' title='bbox 871 1590 1192 1636; x_wconf 78' lang='grc' dir='ltr'><strong><em>ξυνηθροισμένον</em></strong></span> <span class='ocrx_word' id='word_1_302' title='bbox 1212 1593 1312 1628; x_wconf 85' lang='lat' dir='ltr'>Vind.</span> <span class='ocrx_word' id='word_1_303' title='bbox 1326 1593 1364 1626; x_wconf 77' lang='lat' dir='ltr'><strong><em>F.</em></strong></span> <span class='ocrx_word' id='word_1_304' title='bbox 1383 1595 1471 1638; x_wconf 84' lang='lat' dir='ltr'>Ang.</span> 
     </span>
     <span class='ocr_line' id='line_1_58' title="bbox 807 1639 1472 1673; baseline 0.002 -1"><span class='ocrx_word' id='word_1_305' title='bbox 807 1639 846 1672; x_wconf 87' lang='lat' dir='ltr'><strong><em>B.</em></strong></span> <span class='ocrx_word' id='word_1_306' title='bbox 866 1639 905 1672; x_wconf 88' lang='lat' dir='ltr'><strong><em>In</em></strong></span> <span class='ocrx_word' id='word_1_307' title='bbox 931 1639 1080 1673; x_wconf 85' lang='lat' dir='ltr'><strong><em>Vind.B.</em></strong></span> <span class='ocrx_word' id='word_1_308' title='bbox 1106 1643 1140 1672; x_wconf 84' lang='lat' dir='ltr'><strong><em>et</em></strong></span> <span class='ocrx_word' id='word_1_309' title='bbox 1158 1639 1232 1672; x_wconf 85' lang='lat' dir='ltr'>Ald.</span> <span class='ocrx_word' id='word_1_310' title='bbox 1259 1651 1387 1673; x_wconf 85' lang='lat' dir='ltr'><em>comma</em></span> <span class='ocrx_word' id='word_1_311' title='bbox 1410 1640 1472 1673; x_wconf 86' lang='lat' dir='ltr'><strong><em>ad—</em></strong></span> 
     </span>
     <span class='ocr_line' id='line_1_59' title="bbox 805 1684 1470 1729; baseline 0.005 -12"><span class='ocrx_word' id='word_1_312' title='bbox 805 1684 930 1718; x_wconf 86' lang='lat' dir='ltr'><strong>iectum</strong></span> <span class='ocrx_word' id='word_1_313' title='bbox 956 1691 1028 1725; x_wconf 87' lang='lat' dir='ltr'><strong>est,</strong></span> <span class='ocrx_word' id='word_1_314' title='bbox 1065 1685 1154 1729; x_wconf 87' lang='lat' dir='ltr'><em>quod</em></span> <span class='ocrx_word' id='word_1_315' title='bbox 1179 1685 1293 1718; x_wconf 85' lang='lat' dir='ltr'>sensui</span> <span class='ocrx_word' id='word_1_316' title='bbox 1319 1697 1384 1719; x_wconf 90' lang='lat' dir='ltr'><strong><em>non</em></strong></span> <span class='ocrx_word' id='word_1_317' title='bbox 1409 1686 1470 1720; x_wconf 86' lang='lat' dir='ltr'><strong><em>ad-</em></strong></span> 
     </span>
     <span class='ocr_line' id='line_1_60' title="bbox 804 1730 1471 1777; baseline 0.004 -14"><span class='ocrx_word' id='word_1_318' title='bbox 804 1733 972 1764; x_wconf 81' lang='lat' dir='ltr'><strong>versatur.</strong></span> <span class='ocrx_word' id='word_1_319' title='bbox 1019 1730 1234 1764; x_wconf 69' lang='lat' dir='ltr'><strong><em>Basiteenses</em></strong></span> <span class='ocrx_word' id='word_1_320' title='bbox 1267 1742 1350 1765; x_wconf 88' lang='lat' dir='ltr'><strong><em>vero</em></strong></span> <span class='ocrx_word' id='word_1_321' title='bbox 1382 1743 1471 1777; x_wconf 89' lang='lat' dir='ltr'>pun-</span> 
     </span>
     <span class='ocr_line' id='line_1_61' title="bbox 805 1777 1093 1810; baseline 0.003 -1"><span class='ocrx_word' id='word_1_322' title='bbox 805 1782 895 1810; x_wconf 90' lang='lat' dir='ltr'><strong>ctum</strong></span> <span class='ocrx_word' id='word_1_323' title='bbox 928 1777 1093 1810; x_wconf 82' lang='lat' dir='ltr'>fecerunt.</span> 
     </span>
    </p>

    <p class='ocr_par' dir='ltr' id='par_1_18' title="bbox 851 1819 1377 1868">
     <span class='ocr_line' id='line_1_62' title="bbox 851 1819 1377 1868; baseline 0.004 -13"><span class='ocrx_word' id='word_1_324' title='bbox 851 1819 991 1861; x_wconf 82' lang='grc' dir='ltr'><strong><em>ἐννοεῖς</em></strong></span> <span class='ocrx_word' id='word_1_325' title='bbox 1004 1822 1037 1866; x_wconf 84' lang='grc'><strong><em>,]</em></strong></span> <span class='ocrx_word' id='word_1_326' title='bbox 1063 1819 1203 1861; x_wconf 75' lang='grc' dir='ltr'><strong><em>ἐννοεῖς</em></strong></span> <span class='ocrx_word' id='word_1_327' title='bbox 1217 1833 1227 1861; x_wconf 89' lang='grc'>;</span> <span class='ocrx_word' id='word_1_328' title='bbox 1253 1822 1377 1868; x_wconf 80' lang='lat' dir='ltr'><strong>Steph.</strong></span> 
     </span>
    </p>

    <p class='ocr_par' dir='ltr' id='par_1_19' title="bbox 851 1864 1376 1912">
     <span class='ocr_line' id='line_1_63' title="bbox 851 1864 1376 1912; baseline 0.008 -11"><span class='ocrx_word' id='word_1_329' title='bbox 851 1865 1024 1912; x_wconf 73' lang='grc' dir='ltr'><strong><em>ἁπαλὴν]</em></strong></span> <span class='ocrx_word' id='word_1_330' title='bbox 1061 1864 1184 1912; x_wconf 72' lang='grc' dir='ltr'><strong><em>ἁπλῆν</em></strong></span> <span class='ocrx_word' id='word_1_331' title='bbox 1212 1868 1311 1903; x_wconf 82' lang='lat' dir='ltr'>Vind.</span> <span class='ocrx_word' id='word_1_332' title='bbox 1332 1869 1376 1905; x_wconf 81' lang='grc' dir='ltr'><strong>Ε.</strong></span> 
     </span>
    </p>

    <p class='ocr_par' dir='ltr' id='par_1_20' title="bbox 848 1910 1185 1960">
     <span class='ocr_line' id='line_1_64' title="bbox 848 1910 1185 1960; baseline 0.003 -13"><span class='ocrx_word' id='word_1_333' title='bbox 848 1910 942 1958; x_wconf 72' lang='grc' dir='ltr'><strong><em>κᾶν]</em></strong></span> <span class='ocrx_word' id='word_1_334' title='bbox 967 1911 1040 1960; x_wconf 66' lang='grc' dir='ltr'><strong><em>κᾷν</em></strong></span> <span class='ocrx_word' id='word_1_335' title='bbox 1063 1915 1185 1959; x_wconf 78' lang='lat' dir='ltr'><strong>steph.</strong></span> 
     </span>
    </p>

    <p class='ocr_par' dir='ltr' id='par_1_21' title="bbox 800 1967 1468 2061">
     <span class='ocr_line' id='line_1_65' title="bbox 849 1967 1468 2015; baseline 0.005 -10"><span class='ocrx_word' id='word_1_336' title='bbox 849 1967 1094 2015; x_wconf 74' lang='grc' dir='ltr'><strong><em>ἅνέχεσθαις]</em></strong></span> <span class='ocrx_word' id='word_1_337' title='bbox 1130 1967 1343 2014; x_wconf 69' lang='grc' dir='ltr'><strong><em>ἀνέχεσθαι.</em></strong></span> <span class='ocrx_word' id='word_1_338' title='bbox 1389 1973 1468 2008; x_wconf 86' lang='lat' dir='ltr'><strong>Ald.</strong></span> 
     </span>
     <span class='ocr_line' id='line_1_66' title="bbox 800 2014 1408 2061; baseline -0.002 -6"><span class='ocrx_word' id='word_1_339' title='bbox 800 2018 883 2055; x_wconf 86' lang='lat' dir='ltr'>Bas.</span> <span class='ocrx_word' id='word_1_340' title='bbox 908 2019 963 2052; x_wconf 86' lang='lat' dir='ltr'><strong><em>ab.</em></strong></span> <span class='ocrx_word' id='word_1_341' title='bbox 989 2014 1213 2061; x_wconf 75' lang='grc' dir='ltr'><strong><em>οἶνέχεσθαι’</em></strong></span> <span class='ocrx_word' id='word_1_342' title='bbox 1239 2022 1313 2052; x_wconf 85' lang='lat' dir='ltr'><strong>Ast.</strong></span> <span class='ocrx_word' id='word_1_343' title='bbox 1339 2031 1408 2054; x_wconf 83' lang='lat' dir='ltr'><strong>sec.</strong></span> 
     </span>
    </p>
   </div>
   <div class='ocr_carea' id='block_1_16' title="bbox 801 2085 1468 2167">
    <p class='ocr_par' dir='ltr' id='par_1_22' title="bbox 801 2085 1468 2167">
     <span class='ocr_line' id='line_1_67' title="bbox 846 2085 1468 2131; baseline 0.003 -10"><span class='ocrx_word' id='word_1_344' title='bbox 846 2086 1108 2131; x_wconf 80' lang='grc' dir='ltr'><strong><em>φροντίζουσι]</em></strong></span> <span class='ocrx_word' id='word_1_345' title='bbox 1149 2085 1242 2121; x_wconf 83' lang='lat' dir='ltr'><strong><em>Mon.</em></strong></span> <span class='ocrx_word' id='word_1_346' title='bbox 1275 2087 1316 2120; x_wconf 94' lang='grc' dir='ltr'><strong>Β.</strong></span> <span class='ocrx_word' id='word_1_347' title='bbox 1351 2099 1374 2121; x_wconf 90' lang='grc' dir='ltr'><strong><em>ν</em></strong></span> <span class='ocrx_word' id='word_1_348' title='bbox 1402 2087 1468 2123; x_wconf 85' lang='lat' dir='ltr'><strong><em>int.</em></strong></span> 
     </span>
     <span class='ocr_line' id='line_1_68' title="bbox 801 2133 1197 2167; baseline 0.003 -2"><span class='ocrx_word' id='word_1_349' title='bbox 801 2144 892 2167; x_wconf 89' lang='lat' dir='ltr'>vers.</span> <span class='ocrx_word' id='word_1_350' title='bbox 918 2145 939 2167; x_wconf 89' lang='lat' dir='ltr'><strong>a</strong></span> <span class='ocrx_word' id='word_1_351' title='bbox 962 2144 1004 2166; x_wconf 89' lang='lat' dir='ltr'><strong><em>m.</em></strong></span> <span class='ocrx_word' id='word_1_352' title='bbox 1030 2144 1057 2166; x_wconf 91' lang='lat' dir='ltr'><strong><em>s.</em></strong></span> <span class='ocrx_word' id='word_1_353' title='bbox 1083 2133 1197 2166; x_wconf 85' lang='lat' dir='ltr'><strong>habet.</strong></span> 
     </span>
    </p>
   </div>
   <div class='ocr_carea' id='block_1_17' title="bbox 797 2198 1463 2538">
    <p class='ocr_par' dir='ltr' id='par_1_23' title="bbox 797 2198 1463 2341">
     <span class='ocr_line' id='line_1_69' title="bbox 845 2198 1463 2248; baseline 0 -12"><span class='ocrx_word' id='word_1_354' title='bbox 845 2201 1022 2248; x_wconf 83' lang='grc' dir='ltr'><strong><em>μηδαμῇ]</em></strong></span> <span class='ocrx_word' id='word_1_355' title='bbox 1047 2198 1097 2245; x_wconf 81' lang='grc' dir='ltr'><strong><em>μή</em></strong></span> <span class='ocrx_word' id='word_1_356' title='bbox 1121 2202 1206 2236; x_wconf 87' lang='lat' dir='ltr'>Ven.</span> <span class='ocrx_word' id='word_1_357' title='bbox 1233 2201 1274 2234; x_wconf 91' lang='grc' dir='ltr'><strong>Β.</strong></span> <span class='ocrx_word' id='word_1_358' title='bbox 1299 2211 1319 2233; x_wconf 87' lang='lat' dir='ltr'>a</span> <span class='ocrx_word' id='word_1_359' title='bbox 1343 2213 1386 2236; x_wconf 88' lang='lat' dir='ltr'><strong><em>m.</em></strong></span> <span class='ocrx_word' id='word_1_360' title='bbox 1411 2213 1463 2248; x_wconf 85' lang='lat' dir='ltr'><strong><em>pr.</em></strong></span> 
     </span>
     <span class='ocr_line' id='line_1_70' title="bbox 797 2245 1462 2294; baseline 0.006 -13"><span class='ocrx_word' id='word_1_361' title='bbox 797 2245 950 2292; x_wconf 78' lang='grc' dir='ltr'><strong><em>μηδαμῆ</em></strong></span> <span class='ocrx_word' id='word_1_362' title='bbox 978 2247 1077 2283; x_wconf 91' lang='lat' dir='ltr'>Vind.</span> <span class='ocrx_word' id='word_1_363' title='bbox 1099 2247 1141 2281; x_wconf 78' lang='lat' dir='ltr'><strong><em>F.</em></strong></span> <span class='ocrx_word' id='word_1_364' title='bbox 1163 2246 1316 2291; x_wconf 84' lang='grc' dir='ltr'><strong><em>μηδαμῆ</em></strong></span> <span class='ocrx_word' id='word_1_365' title='bbox 1340 2248 1462 2294; x_wconf 73' lang='lat' dir='ltr'><strong>Steph,</strong></span> 
     </span>
     <span class='ocr_line' id='line_1_71' title="bbox 797 2295 1049 2341; baseline -0.008 -13"><span class='ocrx_word' id='word_1_366' title='bbox 797 2295 872 2330; x_wconf 84' lang='lat' dir='ltr'><strong>Ast.</strong></span> <span class='ocrx_word' id='word_1_367' title='bbox 901 2306 953 2341; x_wconf 85' lang='lat' dir='ltr'><strong><em>pr.</em></strong></span> <span class='ocrx_word' id='word_1_368' title='bbox 981 2305 1049 2328; x_wconf 85' lang='lat' dir='ltr'><strong>sec.</strong></span> 
     </span>
    </p>

    <p class='ocr_par' dir='ltr' id='par_1_24' title="bbox 843 2344 1320 2397">
     <span class='ocr_line' id='line_1_72' title="bbox 843 2344 1320 2397; baseline 0.002 -13"><span class='ocrx_word' id='word_1_369' title='bbox 843 2344 896 2397; x_wconf 73' lang='grc' dir='ltr'><strong><em>ᾖ]</em></strong></span> <span class='ocrx_word' id='word_1_370' title='bbox 931 2345 979 2395; x_wconf 81' lang='grc' dir='ltr'><strong><em>ἢ,</em></strong></span> <span class='ocrx_word' id='word_1_371' title='bbox 1007 2362 1081 2396; x_wconf 85' lang='lat' dir='ltr'><strong>sup.</strong></span> <span class='ocrx_word' id='word_1_372' title='bbox 1098 2350 1128 2394; x_wconf 68' lang='lat'><strong><em>⁰,</em></strong></span> <span class='ocrx_word' id='word_1_373' title='bbox 1153 2349 1254 2385; x_wconf 81' lang='lat' dir='ltr'>vind.</span> <span class='ocrx_word' id='word_1_374' title='bbox 1279 2350 1320 2385; x_wconf 91' lang='grc' dir='ltr'><strong>Β.</strong></span> 
     </span>
    </p>

    <p class='ocr_par' dir='ltr' id='par_1_25' title="bbox 797 2405 1460 2538">
     <span class='ocr_line' id='line_1_73' title="bbox 843 2405 1460 2452; baseline 0.002 -10"><span class='ocrx_word' id='word_1_375' title='bbox 843 2405 964 2452; x_wconf 79' lang='grc' dir='ltr'><strong><em>μάλα]</em></strong></span> <span class='ocrx_word' id='word_1_376' title='bbox 990 2405 1082 2450; x_wconf 82' lang='grc' dir='ltr'><strong><em>μάλ’</em></strong></span> <span class='ocrx_word' id='word_1_377' title='bbox 1116 2407 1202 2442; x_wconf 85' lang='lat' dir='ltr'><em>Lob.</em></span> <span class='ocrx_word' id='word_1_378' title='bbox 1234 2407 1332 2443; x_wconf 86' lang='lat' dir='ltr'>Vind.</span> <span class='ocrx_word' id='word_1_379' title='bbox 1352 2408 1460 2443; x_wconf 77' lang='lat' dir='ltr'><strong>BEF.</strong></span> 
     </span>
     <span class='ocr_line' id='line_1_74' title="bbox 798 2454 1460 2499; baseline 0.003 -11"><span class='ocrx_word' id='word_1_380' title='bbox 798 2455 882 2499; x_wconf 79' lang='lat' dir='ltr'><strong>Aug.</strong></span> <span class='ocrx_word' id='word_1_381' title='bbox 891 2455 932 2488; x_wconf 87' lang='lat' dir='ltr'><strong><em>B.</em></strong></span> <span class='ocrx_word' id='word_1_382' title='bbox 960 2455 1035 2488; x_wconf 78' lang='lat' dir='ltr'><strong>Vat.</strong></span> <span class='ocrx_word' id='word_1_383' title='bbox 1048 2454 1130 2489; x_wconf 88' lang='lat' dir='ltr'><strong><em>HM.</em></strong></span> <span class='ocrx_word' id='word_1_384' title='bbox 1142 2454 1234 2488; x_wconf 80' lang='lat' dir='ltr'><strong>Flor.</strong></span> <span class='ocrx_word' id='word_1_385' title='bbox 1251 2454 1460 2490; x_wconf 84' lang='lat' dir='ltr'>ACRTUV.</span> 
     </span>
     <span class='ocr_line' id='line_1_75' title="bbox 797 2501 922 2538; baseline 0.024 -3"><span class='ocrx_word' id='word_1_386' title='bbox 797 2501 922 2538; x_wconf 80' lang='lat' dir='ltr'><strong><em>stanb.</em></strong></span> 
     </span>
    </p>
   </div>
   <div class='ocr_carea' id='block_1_18' title="bbox 795 2565 1459 2696">
    <p class='ocr_par' dir='ltr' id='par_1_26' title="bbox 795 2565 1459 2696">
     <span class='ocr_line' id='line_1_76' title="bbox 845 2565 1457 2613; baseline -0.002 -9"><span class='ocrx_word' id='word_1_387' title='bbox 845 2565 939 2604; x_wconf 76' lang='grc' dir='ltr'><strong><em>ὅθεν</em></strong></span> <span class='ocrx_word' id='word_1_388' title='bbox 967 2588 1014 2594; x_wconf 91' lang='grc'><strong>-</strong></span> <span class='ocrx_word' id='word_1_389' title='bbox 1049 2565 1238 2613; x_wconf 80' lang='grc' dir='ltr'><strong><em>Νεανικὴ]</em></strong></span> <span class='ocrx_word' id='word_1_390' title='bbox 1274 2580 1339 2602; x_wconf 87' lang='lat' dir='ltr'><strong><em>om.</em></strong></span> <span class='ocrx_word' id='word_1_391' title='bbox 1370 2568 1457 2603; x_wconf 90' lang='lat' dir='ltr'><strong><em>Lob.</em></strong></span> 
     </span>
     <span class='ocr_line' id='line_1_77' title="bbox 797 2614 1459 2651; baseline 0.002 -2"><span class='ocrx_word' id='word_1_392' title='bbox 797 2615 890 2650; x_wconf 86' lang='lat' dir='ltr'><strong><em>Mon.</em></strong></span> <span class='ocrx_word' id='word_1_393' title='bbox 909 2616 949 2648; x_wconf 93' lang='lat' dir='ltr'><strong><em>B.</em></strong></span> <span class='ocrx_word' id='word_1_394' title='bbox 983 2616 1064 2650; x_wconf 83' lang='lat' dir='ltr'><strong>Vat.</strong></span> <span class='ocrx_word' id='word_1_395' title='bbox 1083 2614 1162 2649; x_wconf 86' lang='lat' dir='ltr'><strong><em>BM.</em></strong></span> <span class='ocrx_word' id='word_1_396' title='bbox 1189 2616 1275 2651; x_wconf 88' lang='lat' dir='ltr'>Ven.</span> <span class='ocrx_word' id='word_1_397' title='bbox 1303 2615 1344 2648; x_wconf 87' lang='lat' dir='ltr'><strong><em>C.</em></strong></span> <span class='ocrx_word' id='word_1_398' title='bbox 1380 2615 1459 2650; x_wconf 82' lang='lat' dir='ltr'><strong>Par.</strong></span> 
     </span>
     <span class='ocr_line' id='line_1_78' title="bbox 795 2661 1079 2696; baseline 0 -1"><span class='ocrx_word' id='word_1_399' title='bbox 795 2661 873 2696; x_wconf 91' lang='lat' dir='ltr'><strong><em>DK.</em></strong></span> <span class='ocrx_word' id='word_1_400' title='bbox 909 2661 1001 2695; x_wconf 75' lang='lat' dir='ltr'><strong>Fior.</strong></span> <span class='ocrx_word' id='word_1_401' title='bbox 1033 2661 1079 2695; x_wconf 86' lang='lat' dir='ltr'><strong><em>U.</em></strong></span> 
     </span>
    </p>
   </div>
   <div class='ocr_carea' id='block_1_19' title="bbox 796 2725 1457 2811">
    <p class='ocr_par' dir='ltr' id='par_1_27' title="bbox 796 2725 1457 2811">
     <span class='ocr_line' id='line_1_79' title="bbox 841 2725 1457 2774; baseline -0.003 -11"><span class='ocrx_word' id='word_1_402' title='bbox 841 2726 885 2763; x_wconf 77' lang='grc' dir='ltr'><strong><em>τό</em></strong></span> <span class='ocrx_word' id='word_1_403' title='bbox 912 2725 1005 2771; x_wconf 79' lang='grc' dir='ltr'><strong><em>μετοὶ</em></strong></span> <span class='ocrx_word' id='word_1_404' title='bbox 1035 2728 1174 2774; x_wconf 81' lang='grc' dir='ltr'><strong><em>τοῦτο]</em></strong></span> <span class='ocrx_word' id='word_1_405' title='bbox 1204 2727 1457 2771; x_wconf 78' lang='grc' dir='ltr'><strong><em>τομετατοῦτο</em></strong></span> 
     </span>
     <span class='ocr_line' id='line_1_80' title="bbox 796 2775 1246 2811; baseline -0.007 0"><span class='ocrx_word' id='word_1_406' title='bbox 796 2776 895 2811; x_wconf 88' lang='lat' dir='ltr'>Vind.</span> <span class='ocrx_word' id='word_1_407' title='bbox 921 2775 962 2809; x_wconf 92' lang='lat' dir='ltr'><strong><em>B.</em></strong></span> <span class='ocrx_word' id='word_1_408' title='bbox 986 2775 1061 2809; x_wconf 89' lang='lat' dir='ltr'><strong>Ald.</strong></span> <span class='ocrx_word' id='word_1_409' title='bbox 1086 2776 1168 2810; x_wconf 84' lang='lat' dir='ltr'><strong>Bas.</strong></span> <span class='ocrx_word' id='word_1_410' title='bbox 1190 2776 1246 2809; x_wconf 80' lang='lat' dir='ltr'><strong><em>ab.</em></strong></span> 
     </span>
    </p>
   </div>
   <div class='ocr_carea' id='block_1_20' title="bbox 838 2831 1399 2877">
    <p class='ocr_par' dir='ltr' id='par_1_28' title="bbox 838 2831 1399 2877">
     <span class='ocr_line' id='line_1_81' title="bbox 838 2831 1399 2877; baseline 0 -12"><span class='ocrx_word' id='word_1_411' title='bbox 838 2832 952 2866; x_wconf 79' lang='grc' dir='ltr'><strong><em>τοῦτο</em></strong></span> <span class='ocrx_word' id='word_1_412' title='bbox 975 2831 1061 2877; x_wconf 77' lang='grc' dir='ltr'><strong><em>καὶ]</em></strong></span> <span class='ocrx_word' id='word_1_413' title='bbox 1088 2831 1151 2867; x_wconf 81' lang='grc' dir='ltr'><strong><em>καὶ</em></strong></span> <span class='ocrx_word' id='word_1_414' title='bbox 1172 2845 1238 2867; x_wconf 85' lang='lat' dir='ltr'><strong><em>om.</em></strong></span> <span class='ocrx_word' id='word_1_415' title='bbox 1264 2832 1344 2867; x_wconf 82' lang='lat' dir='ltr'>Bas.</span> <span class='ocrx_word' id='word_1_416' title='bbox 1366 2832 1399 2866; x_wconf 87' lang='lat' dir='ltr'><strong><em>b.</em></strong></span> 
     </span>
    </p>
   </div>
   <div class='ocr_carea' id='block_1_21' title="bbox 1168 2890 1243 2930">
    <p class='ocr_par' dir='ltr' id='par_1_29' title="bbox 1168 2890 1243 2930">
     <span class='ocr_line' id='line_1_82' title="bbox 1168 2890 1243 2930; baseline 0.013 -1"><span class='ocrx_word' id='word_1_417' title='bbox 1168 2890 1243 2930; x_wconf 77' lang='lat' dir='ltr'><strong><em>F2</em></strong></span> 
     </span>
    </p>
   </div>
  </div>
 </body>
</html>
