1764 3176
209 271 241 314 C

235 2474 267 2516 C

271 91 354 132 178
701 81 1177 127 PLATONIS

272 199 384 255 λέγει
411 200 550 241 ταῦτα
587 195 611 240 ὁ
643 196 694 240 τό
731 197 905 240 δίκαιον
941 195 1144 239 ἐπαινῶν.
1200 191 1328 239 Κατὰ
1363 192 1508 237 πάντα
1545 192 1650 247 τρό-

270 282 357 311 πον
387 266 440 322 δὴ
471 263 495 309 ὁ
528 264 608 322 μὲν
636 264 690 308 τὰ
721 266 868 309 δίκαια
896 261 1174 320 ἐγκωμιάζων
1203 259 1348 318 ἀληθῆ
1378 263 1435 307 ἂν
1463 261 1597 318 λέγοι,
1626 260 1651 305 ὁ

271 333 400 379 δὲτὰ
442 333 571 377 ἄδικα
608 332 832 385 ψεύδοιτο.
891 329 1003 386 πρός
1041 347 1086 374 τε
1123 329 1207 386 γὰρ
1237 327 1402 385 ἡδονὴν
1439 329 1654 386 καὶπρὸς

271 400 473 453 εὐδοξίαν
515 401 589 444 καὶ
635 400 851 458 ὠφέλειαν
898 398 1185 455 σκοπουμένῳ
1234 396 1258 441 ὁ
1300 398 1380 453 μὲν
1429 398 1654 454 ἐπαινέτης

271 473 352 513 τοῦ
393 469 568 513 δικαίου
609 468 833 525 ἀληθεύει,
884 469 906 513 ὁ
949 469 995 512 δὲ
1034 469 1194 522 ψέκτης
1234 465 1365 509 οὐδὲν
1401 466 1519 522 ὑγιὲς
1551 463 1651 510 οὐδ’

273 538 398 588 εἰδώς
427 536 549 592 ψέγει
579 535 646 580 ’ὅτι
675 535 807 590 ψέγει.
871 536 936 580 Οὔ
967 552 1044 592 μοι
1074 538 1214 588 δοκεῖ,
1251 531 1280 591 ἧ
1311 533 1354 578 δ’
1385 534 1447 586 ὂς,
1480 534 1654 591 οὐδαμῃ

273 622 333 662 γε.
418 607 652 660 Πείθωμεν
699 605 852 648 τοίνυν
895 604 1030 648 αὐτὸν
1084 603 1236 659 πράως
1286 600 1362 660 (οὐ
1407 601 1491 658 γάρ
1542 616 1656 645 εκων

275 673 536 730 ἁμαρτάνει)
588 674 856 726 ἐρωτῶντες·
911 674 945 714 ὠ
987 672 1195 726 μακάριε,
1244 672 1297 715 ού
1338 671 1412 715 καὶ
1450 670 1503 712 τὰ
1541 667 1653 712 καλοὶ

273 743 347 785 καὶ
379 742 534 797 αἰσχροὶ
563 740 729 797 νόμιμα
759 739 829 784 δια
860 740 911 783 τὰ
941 738 1103 785 τοιαῦτ’
1133 739 1189 784 ἂν
1221 744 1384 795 φαῖμεν
1409 737 1655 795 γεγονέναι;

320 912 443 946 ταῦτα
469 908 511 956 ὁ]
550 910 682 946 ταῦτα’.
712 908 733 947 ὃ
773 911 871 946 Vind.
895 912 940 948 F.

275 959 396 993 ταῦτα
422 970 488 992 om.
514 958 642 994 Euseb-

320 1025 363 1062 τὸ
399 1027 568 1071 δίκαιον]
606 1024 653 1060 τὰ
694 1027 822 1060 δίκαια
854 1026 940 1061 Lob.

278 1074 356 1107 vat.
381 1074 459 1107 ΒΜ.

324 1149 522 1197 ἕποιινῶν.]
559 1152 598 1186 In
624 1152 722 1186 Vind.
748 1152 821 1186 BF.
856 1163 942 1206 pun-

280 1206 369 1232 ctum
395 1200 427 1233 h.
454 1200 474 1232 l.
510 1200 667 1232 omissum
693 1205 728 1232 et
753 1203 833 1243 post
856 1195 942 1241 τρό-

278 1257 350 1279 πον
384 1243 428 1289 δὴ
463 1245 610 1290 positum
642 1245 756 1289 ibique
784 1245 817 1277 in
842 1243 944 1276 Vind.

278 1292 320 1325 B.
356 1302 376 1324 a
410 1303 452 1325 ιιι.
484 1303 511 1325 5.
537 1303 657 1325 nomen
693 1300 756 1325 σω.
781 1290 944 1334 scriptum

280 1341 345 1371 est.

326 1403 458 1448 Κατὰ]
509 1403 572 1439 καὶ
623 1405 721 1438 Stob.
770 1403 844 1438 cod.
897 1402 943 1438 N.

280 1452 399 1486 Trinc.

327 1517 482 1563 τρόπον]
511 1523 590 1564 post
615 1516 660 1563 δὴ
687 1518 786 1552 Stob.

315 1586 416 1644 μεν]
443 1599 508 1622 om.
534 1586 620 1621 Lob.
654 1588 735 1622 vat.
762 1586 842 1620 ΒΜ.
867 1589 945 1631 post

281 1632 329 1668 τὰ
355 1637 485 1680 ponunt
508 1635 594 1668 Ven.
619 1634 659 1667 B.
686 1631 785 1666 Vind.
802 1633 845 1666 E.
872 1643 946 1666 cum

283 1681 385 1714 editis
411 1684 490 1714 ante
514 1680 604 1713 Astii
628 1690 694 1712 sec.

332 1747 380 1783 τὰ
407 1748 547 1792 δίκαια]
573 1745 616 1782 τὸ
646 1747 792 1793 δίκαιον
816 1747 915 1781 Stob.

334 1827 460 1872 οἷληθῆ
488 1824 556 1872 ἂν]
591 1825 778 1872 ἄλήθείαν
802 1828 882 1861 Par.
907 1827 947 1861 A.

288 1872 471 1919 ἀλήθειαν
499 1873 948 1909 Vind.ss[⁴].F10r.ACT.

288 1926 342 1965 et,
375 1927 414 1954 ut
438 1921 598 1961 videtur,
632 1920 703 1954 Pal.
730 1921 768 1952 A.
802 1919 879 1952 Vat.
906 1919 949 1952 H.

287 1979 490 2014 quamquam
514 1946 694 2000 Bek’kerus
719 1965 771 1998 his
797 1966 950 2006 eandem,

289 2025 392 2067 quam
424 2014 504 2047 Par.
541 2014 604 2052 A.‚
650 2012 852 2056 scripturam
884 2010 951 2043 tri-

287 2060 374 2094 buit.
424 2059 494 2093 Sed
518 2058 619 2094 Vind.
646 2059 707 2098 B..
733 2058 787 2090 cui
811 2057 952 2091 eandem

289 2105 431 2146 tribuit,
474 2109 569 2138 certe
614 2101 799 2147 ἀλήθειαν
839 2104 950 2137 habet.

288 2153 410 2197 Itaque
435 2150 599 2185 brevitati
624 2151 776 2191 studens,
798 2155 837 2183 ut
861 2148 952 2188 alibi,

290 2203 472 2238 accentus,
518 2207 659 2241 quorum
695 2195 730 2229 in
769 2194 955 2248 posteriori

290 2255 395 2278 verae
428 2242 621 2288 scripturae
665 2242 850 2285 vestigium
891 2245 954 2280 est,

292 2290 329 2324 in
358 2301 424 2322 uno
449 2290 528 2322 Par.
553 2289 594 2323 A.
622 2294 777 2333 repertos
800 2299 875 2321 cum
901 2299 958 2321 re-

293 2335 395 2381 liquis
420 2334 731 2368 communicaverit.

341 2402 454 2448 λέγοι]
481 2402 575 2448 λέγει
600 2402 699 2436 Vind.
723 2402 768 2436 E.

342 2470 389 2507 τὰ
426 2468 561 2516 ἄδικοι]
603 2468 738 2506 τᾶδικα
775 2471 877 2506 Stob.
908 2468 956 2506 τοὶ

298 2518 424 2553 δίκαιοι
448 2518 548 2554 Vind.
573 2519 615 2552 E.
646 2543 647 2546 ι

343 2589 396 2633 τε]
423 2598 488 2621 om.
513 2587 612 2621 Stob.
636 2586 755 2621 Trinc.

345 2653 520 2710 εὐδοξίαν
537 2674 584 2680 —
603 2652 801 2699 ἀληθεύει]
827 2653 959 2688 Horum

298 2703 372 2737 loco
396 2703 432 2737 in
456 2704 543 2746 Ang.
559 2702 597 2734 Β.
621 2701 703 2734 nihil
726 2701 792 2735 nisi
811 2697 893 2735 δνέι
908 2700 959 2734 le-

300 2750 413 2794 gitur,
443 2749 572 2783 factum
595 2749 743 2783 fortasse
773 2759 816 2781 ex
838 2743 958 2787 θεύει,

997 910 1087 964 qupd
1129 910 1236 944 solum
1280 912 1515 950 remanserat,
1558 919 1660 954 quum

998 957 1227 1002 prim-aunum
1245 967 1383 989 versum
1408 955 1579 1010 explentia
1602 966 1661 988 ca-

999 1015 1037 1036 su
1076 1003 1175 1035 omis>
1168 1014 1198 1035 a
1243 1007 1368 1036 essent.
1411 999 1558 1042 εὐεξίαν
1594 1004 1658 1034 etc.

1000 1049 1083 1082 Lob.
1111 1048 1211 1082 Vind.
1236 1049 1279 1082 F.
1311 1048 1388 1081 vat.
1413 1047 1491 1081 ΒΜ.
1519 1047 1602 1081 Ven.
1620 1046 1661 1080 B.

1045 1114 1241 1161 ω’φέλειαν]
1270 1113 1453 1160 ω’φελείαν
1474 1116 1574 1150 Vind.
1593 1115 1638 1149 E.

1047 1183 1248 1230 ἀληθεύει]
1276 1182 1424 1229 ἀληθὴς
1448 1185 1549 1221 Vind.
1574 1185 1616 1218 Β.

1046 1252 1206 1298 ψέκτης]
1251 1251 1415 1297 ψευκτης
1453 1255 1552 1288 Stob.
1587 1253 1662 1288 cod.

1000 1300 1046 1335 N.
1079 1301 1197 1333 Ἱτῐῐιο.
1231 1301 1482 1334 Antiatticistes
1517 1312 1553 1345 p.
1584 1302 1663 1344 116,

1000 1348 1063 1381 25:
1106 1343 1265 1388 ψέκτης·
1305 1341 1323 1379 ὁ
1358 1344 1484 1379 πάντα
1525 1343 1663 1389 ψέγων,

1002 1390 1160 1426 Πλάτων
1186 1391 1371 1425 Πολιτεία.
1412 1392 1530 1425 Pollux
1554 1392 1595 1426 L.
1620 1393 1664 1427 V.

1003 1451 1032 1473 c.
1069 1440 1153 1473 118:
1203 1427 1363 1481 ψέκτης,
1409 1450 1460 1477 ως
1493 1435 1665 1472 Πλοὶτων.

1004 1485 1059 1518 Cf.
1084 1484 1168 1525 Leo.
1205 1484 1243 1516 L.
1270 1483 1297 1516 I.
1326 1495 1361 1528 p.
1383 1485 1462 1519 639.
1484 1485 1533 1517 C:
1560 1482 1665 1518 ἐπαι-

1002 1529 1110 1573 νέτην
1134 1527 1158 1573 ἣ
1183 1527 1326 1574 ψέκτην
1342 1530 1542 1570 κοινωνίας
1564 1526 1667 1574 ἡστι-

1001 1576 1151 1611 νοσοῦν.

1048 1642 1172 1689 ὑγιες]
1198 1639 1312 1688 υγιῶς
1337 1643 1410 1677 Pal.
1433 1643 1475 1678 A.
1522 1644 1668 1699 „videri

1004 1697 1110 1736 queat
1143 1690 1264 1724 deesse
1301 1688 1395 1733 λέγει
1427 1693 1507 1734 post
1543 1687 1668 1735 νγιέςῑ

1006 1737 1072 1771 ιιὶ5ἱ
1107 1736 1366 1770 existimandum
1403 1736 1450 1770 sit
1482 1748 1582 1791 posse
1609 1749 1669 1772 su-

1005 1783 1162 1824 baudiri,
1193 1782 1392 1816 resolvendo
1428 1779 1606 1826 ἀληθεύει
1633 1784 1670 1818 in

1008 1826 1146 1873 α’ληθες
1181 1826 1285 1872 λέγει.
1299 1829 1324 1847 “
1387 1829 1508 1874 steph.
1546 1829 1582 1863 in
1624 1841 1668 1863 ιιι.

1006 1875 1102 1908 Idem
1135 1875 1251 1909 Astius
1293 1874 1326 1907 in
1360 1886 1427 1908 sec.
1471 1874 1672 1909 existimans

1006 1933 1029 1955 v
1033 1932 1106 1965 γιες
1127 1920 1404 1965 interpunctione
1422 1920 1552 1954 minore
1570 1922 1672 1965 (Ste-

1009 1969 1138 2020 phanus
1164 1967 1264 1999 etiam
1284 1966 1380 1999 colon
1405 1968 1553 2009 fecerat)
1577 1978 1599 2000 a
1615 1979 1670 2001 se-

1009 2012 1190 2067 quentibus
1215 2011 1362 2044 diremit.
1421 2012 1491 2044 Sed
1514 2017 1672 2056 praestat

1007 2070 1107 2102 νγιες
1132 2058 1175 2091 ad
1194 2054 1301 2100 ψέγει
1325 2058 1456 2090 referre
1474 2061 1509 2090 et
1525 2058 1588 2091 hoc
1606 2070 1669 2104 pro

1008 2103 1133 2148 ψέγων
1160 2101 1252 2146 λέγει
1274 2103 1440 2148 accipere.

1057 2167 1144 2206 οὐδ’
1155 2171 1167 2215 ]
1194 2168 1282 2205 ουδὲ
1306 2172 1406 2205 Stob.
1430 2172 1504 2206 Ast.
1530 2183 1582 2217 pr.
1600 2184 1670 2207 sec.

1060 2236 1119 2275 ὅτι
1149 2237 1278 2295 ψέγει]
1320 2252 1385 2275 om.
1419 2241 1519 2274 Stob.
1552 2241 1673 2276 Trinc.

1015 2282 1075 2321 ὅτι
1104 2284 1215 2330 ψέγοι
1252 2287 1336 2320 Lob.
1372 2287 1453 2320 Vat.
1491 2287 1526 2321 Β.
1573 2288 1673 2323 Stob.

1012 2334 1087 2367 Ald.
1113 2333 1193 2366 Bas.
1217 2333 1271 2366 ab.
1301 2332 1422 2378 Steph.
1447 2329 1502 2377 (δ’,
1527 2334 1580 2378 τι)

1062 2396 1120 2435 Οὔ
1147 2420 1194 2425 —-
1217 2397 1365 2445 οὐδαμῇ
1390 2412 1441 2445 γε.
1451 2402 1463 2445 ]
1497 2414 1563 2437 om.
1598 2402 1672 2438 Pal.
1694 2399 1696 2401 ¹

1013 2449 1054 2481 A.
1080 2447 1124 2481 οὐ
1151 2451 1216 2480 etc.
1240 2448 1338 2482 Stob.
1363 2447 1479 2481 Trinc.
1499 2467 1543 2473 —
1562 2446 1675 2483 οὐδα-

1013 2491 1064 2537 μή
1088 2504 1138 2537 γε.
1171 2492 1271 2527 Vind.
1295 2493 1339 2528 F.
1370 2512 1416 2518 —
1451 2491 1599 2539 ου’δαμῆ
1623 2506 1674 2539 γε.

1015 2540 1136 2584 Steph.
1159 2538 1234 2572 Ast.
1257 2550 1310 2583 pr.
1332 2550 1401 2573 sec.

1061 2607 1273 2652 Πείθωμεν]
1302 2608 1484 2650 πείθομεν
1508 2609 1607 2643 Vind.
1632 2610 1674 2643 F.

1015 2655 1100 2698 Ang.
1124 2654 1165 2688 Β.
1199 2654 1289 2687 F.lor
1314 2655 1357 2688 R.
1380 2654 1552 2709 πίθωμεν
1576 2657 1674 2689 Stob.

1014 2701 1131 2734 Trinc.
1157 2701 1264 2734 Gesn.
1298 2697 1411 2735 πόθω
1434 2712 1503 2744 μεν
1527 2703 1607 2737 Vat.
1631 2702 1673 2736 Β.

1015 2757 1036 2782 a
1059 2758 1104 2780 ιιι.
1128 2756 1180 2791 pr.
