1764 3176
595 182 629 224 E
658 182 698 225 D
727 182 748 226 I
777 183 814 226 T
844 184 885 227 Ο
913 185 953 229 R
980 185 1001 229 Ῑ
1030 186 1071 229 S.
1264 204 1524 234 Lxxxxvnn

134 290 222 357 ἄρα
262 297 346 358 τῆς
385 292 592 356 μονάδος
621 302 710 345 τοῦ
737 295 799 362 γ’,
844 301 1056 348 τουτέστι
1097 305 1186 349 τοῦ
1226 299 1524 368 ὀλιγαρχικοῦ

130 389 221 433 τοῦ
245 382 368 449 πρὸς
387 384 470 435 τὸν
489 387 727 451 βασιλικὸν
749 387 1019 453 ἀφεστῶτος
1048 390 1334 455 τριπλάσιον,
1372 393 1524 444 ωσαύ-

130 495 223 535 τως
240 475 509 540 τριπλάσιον
527 485 591 544 τῷ
605 478 890 545 [θ’]ἇριθμῷ
909 478 1164 546 ἀφέστηκεν
1187 482 1212 531 ὃ
1230 485 1521 549 τυραννικός

131 571 225 617 ἔστι
256 570 306 617 δὲ
335 562 479 628 οὗτος
501 573 716 629 ἐπίπεδος
746 569 949 635 ἀριθμὸς
978 592 1092 621 κατα
1120 571 1174 622 τὸ
1198 581 1346 640 μῆκος
1368 576 1452 627 τὸν
1472 578 1521 644 γ’

126 680 182 730 το
203 659 378 720 πλάτος
405 658 487 710 τὸν
519 659 566 726 γ’
605 665 682 711 καὶ
722 660 924 712 αὐτόν’
903 662 1017 712 ὄντα
1056 669 1519 729 πολλαπλασιασθείς.

127 757 318 802 εἴδωλον
370 755 420 802 δὲ
449 751 532 801 τὸν
572 753 851 817 τυραννικόν
891 767 1009 819 φησι
1050 762 1141 805 τοῦ
1183 763 1427 819 βασιλικοῦ
1464 758 1517 809 τὰ

127 849 329 910 ἔσχατον.
377 843 576 907 δύναμιν
598 848 648 894 δὲ
674 843 757 894 τὸν
787 844 823 908 γ’
855 851 980 894 καλεῖ
998 884 1010 907 ,
1044 845 1118 896 ὅτι
1140 846 1196 912 δὴ
1220 852 1296 897 καὶ
1318 848 1346 914 ἡ
1370 849 1520 912 μονάς
1551 899 1555 903 ,

126 935 251 996 [κατ’
281 934 452 1002 αὐτὸν]
472 940 547 985 καὶ
564 934 709 995 αὐτὸς
731 935 757 985 ὃ
781 935 826 1001 γ’
857 935 935 1001 ἐφ’
963 937 1130 988 ἑαυτὸν
1156 942 1232 988 καὶ
1261 938 1286 988 ὃ
1320 939 1378 989 θ’
1413 941 1516 990 κατ’

126 1025 274 1077 αὐτὸν
301 1027 846 1093 ἐπολλαπλασιάσθησαν,
877 1023 939 1078 οὗ
959 1031 1040 1091 μὲν
1061 1028 1123 1092 γ’,
1164 1023 1228 1078 οὗ
1260 1033 1309 1079 δὲ
1333 1030 1407 1092 θ’,
1454 1025 1518 1081 οὗ

125 1122 175 1168 δὲ
194 1119 264 1179 κζ’
285 1118 552 1184 ποιήσαντα.
591 1125 747 1184 τρίτην
770 1123 818 1169 ὁὲ
840 1119 987 1184 αὔξην
1009 1124 1123 1185 λέγει
1146 1119 1228 1186 τὴν
1251 1127 1340 1171 τοῦ
1363 1122 1417 1171 θ’
1445 1127 1519 1173 ἐπὶ

121 1209 206 1276 τὴν
236 1209 436 1272 δύναμιν
464 1209 549 1259 ’τὸν
569 1209 612 1274 γ’
633 1216 1025 1260 πολλαπλασίασιν
1041 1215 1117 1260 καὶ
1153 1211 1414 1277 ποιήσασαν
1434 1213 1517 1263 τὸν

123 1308 179 1364 κζ
183 1301 210 1364 '‚
257 1301 312 1351 τὸ
342 1301 495 1365 βάθος
514 1301 663 1367 ἤγουν
687 1300 871 1366 στερεὸν
889 1300 1106 1367 ἀριθμόν.
1139 1296 1331 1367 δευτέρα
1348 1302 1434 1369 γὰρ
1455 1297 1515 1370 ἦν

119 1396 148 1463 ἡ
170 1395 260 1446 ἀπὸ
288 1401 377 1445 τοῦ
400 1392 446 1459 γ’
469 1392 548 1458 ἐφ’
568 1392 735 1443 ἑαυτὸν
753 1398 1005 1458 γενομένου
1030 1398 1106 1443 καὶ
1125 1394 1409 1460 ποιήσαντος
1430 1395 1514 1446 τὸν

117 1488 181 1551 θ’,
200 1487 252 1538 τὸ
272 1486 444 1546 πλάτος
456 1485 604 1551 ἤγουν
625 1484 708 1535 τὸν
728 1490 956 1547 ἐπίπεδον,
978 1485 1129 1551 ὥσπερ
1151 1486 1179 1551 ἡ
1199 1493 1281 1552 τῆς
1303 1486 1513 1549 μονάδος

119 1585 191 1631 ἐπὶ
208 1579 290 1630 τόν
311 1579 356 1645 γ’
377 1583 768 1637 πολλαπλασίασις
787 1577 944 1643 πρώτη
968 1577 1085 1642 αὔξη
1104 1598 1149 1626 τε
1174 1570 1232 1642 ἦν
1256 1583 1333 1627 καὶ
1351 1578 1404 1628 τὰ
1428 1585 1512 1644 μῆ-

117 1693 202 1732 κος
213 1676 354 1722 ἐποίει
373 1669 503 1720 αὐτό.
523 1676 839 1719 τελειωθεῖσαν
851 1673 900 1719 δὲ
913 1674 1305 1719 πολλαπλασίασιν
1318 1669 1402 1735 τὴν
1422 1677 1513 1720 τοῦ

116 1763 188 1826 κζ
221 1762 301 1829 ἐφ’
332 1761 501 1812 ἑαυτὸν
535 1765 795 1826 γινομένην·
830 1760 948 1826 αὕτη
984 1759 1070 1824 γὰρ
1099 1772 1220 1809 ποιεῖ
1255 1759 1338 1810 τὸν
1375 1760 1511 1821 ψκθ’.

116 1864 162 1905 In
190 1865 254 1904 his
287 1877 388 1916 quae
422 1863 535 1902 uncis
567 1861 720 1901 inclusa
750 1862 883 1909 vides,
929 1862 1100 1913 primum
1134 1837 1180 1901 θ)
1216 1875 1239 1900 a
1265 1861 1508 1902 Ruhnkenio

117 1953 206 2012 (qui
237 1956 421 1996 scholion
436 1955 568 2007 ipsum
587 1953 720 2006 paullo
742 1954 909 1993 inferius
931 1954 1004 1992 sub
1024 1953 1210 1993 lemmate
1232 1950 1509 2009 τριπλασίου

115 2044 345 2103 collocavit)
369 2048 562 2088 omissum
586 2047 793 2085 Bekkerus
816 2046 1011 2085 incertum
1032 2059 1080 2085 ex
1104 2046 1246 2085 codice
1265 2059 1314 2085 an
1334 2046 1385 2085 de
1407 2059 1506 2086 con-

112 2142 287 2188 iectura,
324 2143 384 2189 et,
414 2140 448 2178 si
467 2139 570 2186 hoc,
604 2141 781 2201 dpraeter
808 2139 1092 2177 necessitatem
1113 2138 1301 2177 inseruit:
1338 2137 1506 2178 alterum

112 2222 215 2273 κατ’
242 2221 424 2279 αὖτόν,’
441 2230 548 2282 quod
571 2234 740 2282 propter
764 2231 1015 2282 sequentium
1040 2230 1251 2268 verborum
1280 2229 1503 2269 similitudi-

112 2337 205 2364 nem
234 2323 354 2363 facile
385 2324 519 2376 potuit
549 2322 756 2369 excidere,
814 2322 904 2373 quia
945 2321 1052 2360 salvo
1097 2334 1222 2360 sensu
1251 2321 1396 2360 abesse
1422 2334 1504 2362 non

111 2428 238 2469 posse
265 2415 493 2463 videbatur,
542 2428 617 2454 nos
647 2413 902 2454 inserendum
939 2413 1174 2465 putavimus.
1252 2410 1354 2452 Post
1383 2413 1503 2453 verba

112 2503 205 2548 ἔστι
236 2501 286 2547 δὲ
318 2491 461 2558 οὗτος
496 2502 709 2556 ἐπίπεδος
742 2494 945 2561 ἀριθμὸς
975 2493 1088 2544 κατὰ
1109 2492 1162 2543 τὸ
1183 2500 1332 2560 μῆκος
1350 2494 1433 2548 τὸν
1452 2494 1499 2560 γ’

111 2612 268 2639 comma
290 2597 558 2638 aRuhnkenio
580 2598 812 2637 etBekkero
831 2584 1007 2649 p⁰0situm
1017 2594 1248 2634 sustulimus
1261 2624 1273 2644 ,
1309 2599 1354 2634 ut
1375 2595 1498 2636 scho-

108 2690 245 2731 liastes
271 2690 389 2739 illud,
437 2691 544 2742 quod
578 2702 699 2742 supra
746 2689 1081 2741 significaveram,
1125 2686 1253 2734 dicat,
1289 2699 1500 2725 numerum

106 2783 214 2822 hunc
241 2784 494 2822 novenarium
523 2795 617 2822 esne
635 2782 816 2834 planum,
859 2780 1009 2832 quippe
1041 2779 1107 2830 qui
1129 2777 1377 2831 longitudine
1412 2790 1498 2825 sua,

105 2875 302 2922 ternario,
337 2874 583 2915 latitudinem
618 2873 763 2929 eodem
786 2872 957 2912 ternario
989 2874 1239 2910 constantem
1256 2868 1495 2921 multiplica-

1124 2974 1212 3019 G2
