1764 3176
299 121 384 161 256
739 119 1217 163 PLATONIS

297 228 594 286 πονηρότερος
637 229 712 272 καὶ
750 228 1016 286 ἀδικώτερος
1062 235 1256 289 γίγνεται
1296 231 1321 276 ὁ
1372 229 1682 290 ἀποθνήσκων,

297 299 370 341 ἴνα
415 298 468 353 δή
522 296 581 352 μὴ
629 297 920 356 ἀναγκάζηται
964 300 1218 353 ἀθανάτους
1265 301 1342 352 τοὶς
1382 301 1522 359 ψυχάς
1577 301 1683 358 ὁμο-

297 371 465 422 λογεῖν,
525 364 770 422 ἀξιώσομέν
826 385 938 422 που,
998 372 1035 414 εἰ
1094 369 1242 427 ἀληθῆ
1299 371 1412 426 λέγει
1469 369 1493 414 ὁ
1544 374 1684 414 ταῦτα

296 436 467 490 λέγων,
534 433 614 489 τὴν
683 432 859 478 ἀδικίαν
926 436 1040 482 εἶναι
1103 436 1359 494 θανάσιμον
1418 441 1479 496 τῷ
1541 438 1685 494 ἔχοντι

131 535 144 553 ,
232 501 271 541 D
299 503 443 558 ὥσπερ
484 501 638 554 νόσον,
679 503 752 546 καὶ
789 502 870 547 ὑπ’
910 505 1075 558 αὐτοῦ,
1119 510 1201 549 τοῦ
1241 504 1591 556 ἀποκτιννύντος
1630 508 1684 563 τῇ

294 572 457 616 ἑαυτοῦ
507 571 638 627 φύσει
691 569 993 628 ἀποθνήσκειν
1051 574 1156 626 τούς
1205 572 1512 630 λαμβάνοντας
1558 572 1682 623 αὐτὸ,

293 640 398 691 τοὺς
427 640 515 696 μὲν·
543 639 730 695 μάλιστα
769 645 960 693 θᾶττον,
1003 640 1110 693 τούς
1150 642 1196 686 δὲ
1224 638 1356 698 ἦττον
1387 642 1682 698 σχολαίτερον,

295 707 402 752 ἀλλὰ
433 708 513 765 μὴ’,Ι
544 707 686 763 ὥσπερ
718 713 805 752 νῦν
836 709 906 753 διὰ
937 709 1101 753 τούτου
1138 709 1214 754 ὑπ’
1251 709 1395 753 ἄλλων
1436 711 1562 765 δίκην
1593 710 1682 753 ἐπι-

295 777 510 820 τιθέντων
540 775 906 833 ἀποθνήσκουσιν
946 780 990 821 οί
1019 777 1177 822 ἄδικοι.
1235 776 1316 820 Mo}
1347 779 1452 830 Δία,
1484 772 1511 833 ἦ
1543 776 1587 821 δ’
1619 776 1681 830 ὃς,

296 845 380 889 οὐκ
425 844 511 899 ἄρα
558 845 796 889 πάνδεινον
837 851 1040 902 φανεῖται
1079 846 1106 902 ἡ
1142 843 1314 897 ἀδικία,
1356 847 1392 888 εί
1430 845 1682 899 θανάσιμον

296 914 415 957 ἔσται
456 917 517 973 τῷ
558 913 828 970 λαμβάνοντι
841 928 851 938 ·

296 1085 960 1190 ἓὲἒέἒΐἑυἶῗᾏῗέ.ἳῖέ”ἔ”ρ,ῗᾱωιῖἰῖξᾎ“ιὲ’ἔ-

296 1179 385 1212 nium
404 1175 517 1221 ὁμόσε
541 1177 664 1214 ἐλθεῖν
683 1180 755 1214 τινὶ
773 1192 834 1225 per
856 1177 959 1213 ἀντι-

294 1226 525 1269 καταστῆναι
555 1239 605 1265 ως
630 1227 681 1265 εἱς
708 1224 869 1269 πόλεμον
897 1238 958 1259 ex-

294 1271 411 1315 plicat.
470 1271 526 1305 Cf.
562 1273 653 1305 Euth
657 1273 756 1316 y.phr
791 1284 823 1317 p.
847 1273 881 1306 3.
915 1273 956 1305 C.

293 1317 411 1361 ibique
443 1318 548 1350 schol.
583 1318 880 1351 Cla1k.Theaet.

296 1364 373 1398 165.
403 1363 445 1396 Ε.
480 1364 633 1408 Euthyd.
659 1376 692 1408 p.
712 1366 792 1399 294.
819 1364 857 1397 Ι).
885 1364 958 1397 Lu—

293 1409 382 1442 ciani
416 1410 555 1443 Hesiod.
591 1423 620 1444 c.
655 1412 687 1445 6.
722 1411 766 1444 Τ.
796 1410 889 1443 VIII.
920 1422 955 1465 p.

294 1455 380 1490 145:
409 1455 444 1489 εἰ
466 1453 505 1489 δὲ
530 1455 593 1490 καὶ
618 1455 683 1500 χρὴ
708 1453 821 1511 ὁμόσε
840 1454 956 1499 χωρή·

292 1512 410 1535 σαντα
442 1502 487 1547 τῇ
514 1503 617 1549 αἰτίᾳ
644 1501 711 1546 τήν
738 1499 957 1544 ὀρθοτάτην

292 1544 500 1591 ἀπολογίαν
528 1538 849 1592 ἀπολογήσασθαι.
899 1549 959 1582 Fi-

291 1595 385 1628 cinus
412 1592 523 1637 ὁμόσε
548 1595 598 1628 τῶ
626 1593 719 1640 λόγῳ
746 1593 843 1628 ιέναι
873 1596 957 1628 obii-

291 1653 366 1674 cere
391 1642 487 1673 nobis
511 1642 758 1685 interpretatus
784 1646 847 1674 est.

336 1684 613 1732 πονηρότερος]
690 1684 959 1731 τολμηρότερος

294 1733 385 1766 Mon
410 1734 450 1766 B.
478 1734 556 1767 Par.
583 1734 658 1767 DK.
687 1734 778 1766 Flor.
807 1734 851 1766 U.

339 1776 620 1824 ἀποθνήσκων]
682 1776 957 1823 ἀποθνήσκωνε

292 1825 391 1860 Vind.
422 1825 460 1858 [⁴2.

340 1868 568 1914 ἀξιώσομέν]
607 1867 823 1914 ἀξιώσωμέν
854 1871 956 1906 Vind.

293 1918 337 1951 F.
363 1921 450 1972 Ang.
475 1918 515 1950 B.
542 1917 636 1950 Flor.
666 1918 706 1950 R.

339 1961 566 2018 θανάσιμον]
599 1963 653 1996 Cf.
679 1962 754 1998 Vol.
766 1962 794 1996 I.
821 1975 855 2008 p.
875 1953 956 1998 295.

339 2021 394 2044 vn
401 2006 435 2054 ³]
460 2006 536 2044 υπὸ
563 2010 649 2043 Lob.

345 2064 486 2108 αὐτοῦ,
502 2066 611 2120 τοῦ]
646 2061 768 2100 αὐτοῦ
803 2067 889 2100 Ven.
915 2067 956 2100 B.

296 2109 418 2147 αὐτοῦ
443 2110 578 2146 τούτου
605 2112 696 2146 Μοιι.
721 2113 762 2146 Β.
790 2113 883 2146 Flor.
909 2113 955 2146 U.

292 2160 472 2193 Bekkerus
499 2164 534 2192 et
558 2159 802 2193 Stallbaumius
826 2159 860 2192 in
885 2171 954 2192 sec.

293 2205 456 2239 Similiter
480 2205 635 2238 Ficinus:
662 2209 695 2238 et
723 2206 767 2238 ab
794 2206 855 2238 hoc
881 2206 954 2249 ipso

289 2253 501 2295 perimente,
534 2263 597 2284 sua
627 2251 781 2295 quadam
810 2257 952 2292 natura,

293 2309 359 2338 eos,
374 2299 432 2342 qui
450 2298 792 2341 suscipiant‚perimi.
820 2298 868 2331 Et
878 2297 954 2342 quis

292 2348 394 2387 neget
417 2342 554 2378 τούτου
589 2355 722 2376 sensum
748 2344 954 2377 commodum

291 2390 482 2434 praebere,
521 2394 555 2423 et
585 2390 724 2423 tertium
757 2401 824 2423 του
851 2389 954 2423 facile

290 2435 450 2470 excidere
483 2436 662 2490 potuisse?
705 2436 820 2469 Nihilo
845 2435 953 2469 minus

291 2487 456 2515 commate
485 2487 564 2527 post
589 2478 707 2516 αὐτοῦ
744 2482 854 2526 posito
883 2482 952 2515 τοῦ

290 2527 472 2561 tenendum
496 2528 648 2561 videtur:
675 2528 719 2561 ab
744 2540 806 2570 ea,
834 2533 954 2571 utpote

291 2580 414 2617 suapte
433 2575 467 2607 υἱ
484 2580 519 2608 ct
535 2580 667 2608 natura
685 2575 870 2608 occidente.
897 2574 951 2607 Cf.

291 2620 332 2653 L.
356 2620 401 2653 11.
428 2631 461 2664 p.
480 2621 560 2655 383.
583 2620 632 2653 Β.
666 2616 784 2660 αὐτός
809 2617 905 2654 ἐστιν
932 2616 951 2654 6

290 2663 438 2700 κτανὼν
473 2664 541 2700 τὸν
581 2667 722 2708 παῖδα,
772 2666 954 2700 secundum

291 2724 379 2757 quae
413 2723 509 2746 nemo
542 2712 752 2746 dubitaverit
784 2708 859 2746 ὐπς’
886 2708 954 2746 αὕ-

292 2758 386 2801 τοῦ,
411 2758 480 2792 τοῦ
505 2756 709 2798 κτανόντος
728 2758 854 2792 dicere.

339 2785 647 2849 ἀποκτιννύντος]
660 2800 956 2845 ἀποκτινννντος

921 1330 956 1362 p.
1016 1320 1114 1353 vind.
1143 1320 1182 1352 [ι.

899 912 1128 972 ἀπαλλαγή
1179 913 1263 971 γὰρ
1305 912 1362 957 ἂν
1402 916 1467 971 εἴη
1506 918 1680 958 κακῶν·

1017 1088 1093 1122 Ald.
1139 1089 1229 1123 Bas.
1263 1088 1318 1125 ab.
1367 1083 1682 1153 ἀποκτεινννντος

1017 1136 1118 1170 Vind.
1142 1136 1184 1169 F.

1062 1178 1151 1220 τούς
1176 1180 1237 1225 δὲ]
1265 1178 1356 1220 τοὺς
1380 1176 1420 1214 δ’
1446 1179 1545 1216 Vind.
1570 1178 1681 1213 BEF.

1014 1228 1102 1271 Aug.
1129 1229 1169 1262 B.
1194 1227 1275 1261 vat.
1300 1227 1345 1260 H.
1428 1239 1434 1243 ·

1062 1273 1323 1317 σχολαίτερον]
1420 1268 1682 1316 σχολαιότερον

1209 1320 1287 1352 Par.
1314 1318 1391 1352 DK.
1416 1321 1504 1362 Ang.
1518 1318 1559 1351 B.
1585 1317 1682 1351 Flor.

1014 1365 1091 1399 RU.
1118 1371 1153 1398 et
1178 1376 1293 1408 margo
1319 1365 1396 1397 AC.

1059 1411 1151 1466 νῦν]
1177 1410 1260 1453 νῦν,
1285 1410 1405 1454 steph.
1431 1410 1506 1442 Ast.
1531 1420 1584 1453 pr.
1611 1420 1682 1442 sec.

1062 1454 1126 1491 δια
1145 1455 1295 1499 τούτου]
1319 1460 1459 1499 ριορίεν
1472 1455 1682 1488 iniustitiam

1016 1504 1089 1537 Fic.
1114 1504 1212 1548 quasi
1238 1500 1300 1535 διὰ
1325 1502 1439 1535 τοῦτο
1465 1504 1568 1538 esset,
1591 1500 1682 1546 quod

1015 1550 1123 1595 ipsum
1159 1549 1193 1582 in
1224 1549 1318 1582 Mon.
1347 1549 1388 1581 B.
1428 1547 1519 1580 Flor.
1546 1546 1591 1580 U.
1624 1558 1682 1580 re-

1016 1600 1151 1641 pertum
1175 1594 1419 1629 Stallbaumius
1453 1593 1486 1626 in
1521 1604 1589 1626 see.
1621 1604 1682 1626 ex-

1016 1642 1133 1676 hibuit.
1169 1642 1281 1685 Atque
1305 1641 1355 1674 ita
1376 1639 1525 1683 vulgaris
1542 1639 1681 1684 loquen-

1016 1689 1049 1722 di
1074 1699 1154 1722 usus
1179 1688 1335 1728 ferebat,
1360 1692 1395 1719 et
1419 1697 1523 1729 supra
1546 1697 1580 1730 p.
1599 1687 1680 1741 6093

1015 1735 1059 1768 Ε.
1095 1733 1311 1768 accusativus
1345 1732 1501 1787 posi‘tus
1511 1736 1581 1765 est.
1625 1726 1680 1764 δι’

1016 1777 1137 1814 ἐκεῖνα
1169 1776 1245 1813 υπὸ
1279 1779 1346 1822 τῆς
1381 1774 1501 1812 αυτοῦ
1535 1776 1680 1817 κακίας.

1015 1828 1085 1860 Sed
1111 1838 1212 1871 quum
1247 1836 1370 1859 caussa
1397 1824 1536 1868 propior
1570 1826 1605 1856 et
1629 1824 1682 1857 ef-

1014 1873 1132 1906 ficiens
1157 1872 1228 1905 sine
1252 1871 1478 1914 ambiguitate
1502 1869 1681 1926 praeposi-

1013 1919 1106 1952 tione
1140 1914 1216 1952 υπὸ
1253 1917 1445 1961 significata
1476 1919 1586 1958 esset,
1615 1913 1679 1949 διὰ

1014 1965 1116 1999 etiam
1152 1975 1227 1997 cum
1265 1963 1415 2007 genitivo
1449 1962 1491 1995 ad
1517 1961 1680 1996 remotio-

1014 2022 1082 2043 rem
1119 2009 1335 2043 indicandam
1366 2007 1519 2041 adhiberi
1551 2007 1677 2053 potuit.

1014 2056 1074 2089 Sic
1106 2055 1293 2099 Aeschylus
1325 2055 1352 2087 A
1356 2066 1443 2098 g.am
1474 2053 1553 2091 456.
1589 2065 1677 2096 eum,

1013 2102 1070 2147 qui
1096 2113 1160 2135 non
1183 2113 1303 2142 manu,
1339 2100 1399 2134 sed
1424 2100 1544 2155 culpa
1549 2100 1679 2133 alienae

1015 2147 1164 2181 mulieris
1189 2146 1362 2189 occubuit,
1389 2142 1544 2180 πεσόντ’
1571 2142 1679 2180 α’λλο-

1012 2193 1118 2237 τρίας
1142 2192 1220 2227 διαὶ
1234 2191 1409 2236 γυναικὸς
1426 2192 1523 2233 dicit,
1542 2195 1577 2225 et
1597 2203 1679 2225 con-

1011 2245 1067 2274 tra
1100 2251 1174 2273 cum
1207 2239 1401 2273 accusativo
1433 2243 1568 2272 constat
1610 2235 1676 2272 διὰ

1011 2285 1176 2319 interdum
1201 2285 1370 2326 construi,
1407 2285 1466 2319 ubi
1502 2283 1610 2328 magis
1633 2295 1676 2321 ex

1010 2344 1073 2367 usu
1097 2336 1190 2366 esset
1216 2331 1398 2375 genitivus.

1056 2385 1190 2433 ἄλλων]
1214 2386 1380 2432 ἀλλήλων
1408 2388 1488 2422 Par.
1514 2388 1559 2421 K.
1638 2411 1642 2415 -

1057 2432 1313 2478 ἐπιτιθέντων]
1339 2434 1396 2467 Ita
1417 2435 1496 2468 Par.
1515 2436 1553 2468 A.
1572 2433 1674 2468 Vind.

1010 2482 1116 2515 BEF'.
1163 2482 1246 2525 Ang.
1281 2482 1322 2514 B.
1366 2481 1442 2514 Vat.
1476 2481 1521 2514 H.
1577 2481 1674 2513 Flor.

1010 2528 1183 2562 ACRTV.
1220 2524 1428 2560 ἐπιθέντων
1459 2527 1545 2561 Lob.
1580 2526 1673 2560 Mon.

1011 2575 1052 2607 B.
1090 2575 1185 2617 (Par.
1219 2573 1284 2616 K.)
1321 2573 1413 2606 Flor.
1443 2573 1488 2606 U.
1522 2576 1558 2606 et
1591 2572 1675 2605 editi

1013 2624 1092 2654 ante
1125 2620 1196 2653 Be'n
1189 2620 1339 2661 kerum,
1376 2619 1435 2664 qui
1466 2620 1509 2653 de
1533 2618 1675 2663 reliquis

1012 2665 1182 2700 codicibus
1216 2644 1355 2709 praete⁷r
1386 2666 1465 2699 Par.
1498 2665 1538 2701 A.
1570 2663 1673 2698 Vind.

1012 2713 1051 2746 Β.
1081 2712 1166 2756 Aug.
1191 2715 1227 2744 et
1250 2712 1330 2744 vat.
1360 2711 1441 2744 nihil
1465 2710 1624 2744 ostendit.

1058 2758 1146 2801 Δία]
1174 2753 1341 2791 61'L0b.
1371 2757 1470 2794 Vind.
1490 2757 1565 2791 ΒΕ.
1589 2757 1670 2791 Vat.

1011 2805 1098 2839 HM.
1124 2804 1214 2838 Flor.
1238 2802 1378 2838 ACTV.
