1764 3176
233 117 318 160 272

688 99 1158 149 PLATONIS

234 225 427 272 κελεύειν
455 219 723 275 πορεύεσθαι
752 217 833 274 τὴν
863 217 924 268 εἰς
961 211 1105 266 δεξιάν
1134 227 1178 254 τε
1207 208 1281 253 καὶ
1311 206 1402 252 ἅνω
1433 204 1507 250 διὰ
1536 208 1618 248 τοῦ

238 294 464 348 ούρανοῦ,
497 295 653 346 σημεῖα
682 285 979 341 περιάψαντας
1007 285 1098 326 τῶν
1128 276 1451 332 δεδικασμένων
1481 273 1529 317 ἐν
1557 274 1620 326 τῷ

236 362 455 421 πρόσθεν,
486 358 590 409 τούς
623 357 669 401 δὲ
698 354 880 405 ἀδίκους
909 351 988 408 τήν
1020 351 1078 400 εἰς
1108 344 1343 401 ἀριστεράν
1371 359 1416 386 τε
1447 340 1519 385 καὶ
1543 337 1622 382 κά-

171 441 210 483 D
239 448 321 479 τω,
354 431 530 485 ἔχοντας
561 426 634 470 καὶ
665 423 850 474 τούτους
880 421 926 465 ἐν
955 423 1015 477 τῷ
1048 417 1231 461 ὄπισθεν
1262 416 1416 470 σημεῖα
1444 408 1623 452 πάντων

238 494 302 544 ὦν
334 498 538 551 ἔπραξαν.
587 494 747 538 ἑαυτοῦ
790 490 836 534 δὲ
873 484 1199 542 προσελθόντος
1239 484 1396 529 εἰπεῖν,
1427 478 1494 521 ὅτι
1531 474 1624 519 δέοι

239 567 379 612 αὐτόν
409 565 593 621 ἄγγελον
626 559 883 615 ἀνθρώποις
910 555 1115 612 γενέσθαι
1144 555 1234 594 τῶν
1264 550 1351 592 ἐκεῖ
1378 547 1452 592 καὶ
1480 547 1626 589 διακε-

239 635 438 681 λεύοιντό
480 635 524 677 οἱ
564 630 746 675 ἀκούειν
784 643 827 670 τε
873 626 947 669 καὶ
984 627 1178 667 θεᾶσθαι
1216 617 1362 664 πάντα
1398 615 1450 659 τοὶ
1488 613 1535 657 ἓν
1564 613 1626 670 τῷ

239 705 372 762 τόπῳ.
432 702 543 760 ὁρᾷν
573 699 624 755 δή
656 696 793 754 ταύτῃ
823 694 901 750 μὲν
931 690 1036 737 καθ’
1062 689 1270 743 ἑκάτερον
1299 685 1348 730 τὸ
1369 683 1513 740 χάσμα
1538 682 1695 723 τοῦ519

245 771 445 826 οὐρανοῦ
484 786 528 813 τε
570 769 643 812 καὶ
683 770 759 822 τῆς
787 767 866 819 γῆς
905 758 1122 810 ἀπιούσας
1167 757 1244 807 τὰς
1281 753 1449 809 ψυχας,
1480 747 1628 803 ἐπειδή

247 839 398 891 αὐταῖς
430 837 682 892 δικασθείη,
721 831 832 878 κατὰ
874 829 920 874 δὲ
957 827 1016 873 τώ
1050 827 1179 882 ἑτέρω
1211 824 1259 868 ἐκ
1296 823 1375 878 μὲν
1403 823 1485 864 τοῦ
1517 815 1631 861 ἀνιέ-

320 910 328 925 ,

248 1038 277 1072 Β
293 1002 363 1070 Ἂν
391 988 461 1034 εἰς]
497 987 548 1027 εἰς
572 984 639 1031 τὴν
663 985 744 1020 Par.
768 984 812 1018 K.
843 994 912 1017 sec.

281 1050 299 1071 e
353 1062 360 1068 .

297 1079 445 1125 δεξιάν]
490 1076 593 1121 δεξιά
626 1078 711 1112 Lob.
747 1077 827 1110 vat.
863 1075 914 1109 M.

250 1129 343 1164 Flor.
363 1129 406 1162 T.

299 1173 384 1219 διὰ]
419 1185 483 1206 οτη.
512 1170 723 1216 exemplaria
747 1167 917 1214 quaedam

251 1219 472 1257 Theodoreti.

300 1265 452 1311 σημεῖα]
491 1263 624 1307 σῆμεια
657 1263 736 1295 Bas.
761 1261 795 1293 b.
832 1259 919 1292 Pro—

253 1315 325 1348 clus
359 1313 392 1345 in
416 1312 506 1344 Tim.
542 1321 575 1354 p.
599 1310 688 1349 276,
720 1308 781 1341 28:
818 1301 917 1339 οὕτω

253 1358 317 1395 καὶ
351 1357 419 1392 τοῦ
457 1353 686 1398 Σωκράτους
733 1349 771 1386 ἓν
805 1352 919 1385 Πολι-

253 1406 335 1452 τείᾳ
361 1401 550 1440 διελόντος
579 1398 639 1434 ἐπὶ
663 1400 738 1433 τῶν
763 1397 920 1441 σημείων

254 1453 331 1487 τῶν
354 1445 658 1493 περιαπτομένων
677 1448 760 1484 ταῖς
780 1444 921 1487 ψυχαῖς

258 1497 467 1554 ἔμπροσθεν
490 1489 759 1550 κὶαὶβιπισθεν,
786 1487 836 1529 (ὃς
861 1499 922 1531 ση-

257 1554 441 1589 μαινοντα
480 1553 521 1574 το
554 1551 614 1573 επι
649 1550 741 1571 νουν
772 1536 835 1570 καὶ
863 1532 923 1568 ἐπὶ

260 1589 375 1635 φύσιν
403 1585 617 1622 στέλλεσθαι
640 1582 707 1623 τάς
727 1579 861 1625 ψυχάς.

304 1632 587 1679 περιάψαντας]
613 1626 926 1673 περιῤῥάψαντας

259 1682 393 1717 Theod.
435 1681 530 1712 cuius
572 1682 685 1711 tamen
722 1686 809 1708 unus
852 1673 926 1707 cod.

261 1728 376 1765 Vrsin.
419 1722 679 1768 περιάψαντας
724 1722 850 1764 habet3
892 1719 928 1752 ’m

261 1775 372 1810 altero
397 1777 451 1806 est
474 1767 788 1813 περιγράψαντας.

307 1819 396 1863 τῶν]
424 1815 471 1851 τὰ
499 1817 573 1850 τῶν
600 1815 726 1849 Euseb.

310 1861 602 1907 δεδικασμένων]
638 1857 677 1894 δὲ
701 1854 929 1900 δικασμένων

263 1912 366 1950 Vind.
393 1911 435 1944 E.

312 1955 351 1992 δὲ
377 1953 550 1998 ἀδίκους]
589 1949 629 1986 δ’
657 1948 693 1984 οἳ.
728 1949 855 1984 Euseb.
890 1943 930 1980 δὲ

266 2001 468 2046 ἀδοκίμους
481 2002 513 2035 Τ
517 1997 693 2033 heodoreti
711 1996 849 2030 codices
867 1993 932 2027 ali-

335 2057 361 2085 t.

266 2063 528 2178 ngffvsorcssv]
551 2087 728 2135 ἀριστερά
748 2088 834 2122 Lob.
854 2086 932 2118 Vat.

311 2170 318 2178 .
390 2152 438 2174 or.
501 2164 508 2171 .

316 2199 354 2222 τε
374 2185 436 2221 καὶ
448 2182 563 2228 κάτω]
590 2181 735 2225 infernis
754 2179 935 2223 (omnium,

270 2247 359 2280 quae
385 2236 548 2277 fecerant
578 2230 613 2262 in
638 2229 734 2267 vita,
757 2231 834 2270 post
864 2231 936 2259 ter-

271 2293 356 2328 gum
374 2281 477 2323 signa
491 2276 678 2321 ferentes.)
702 2273 777 2306 Fic.

319 2324 357 2360 ἐν
388 2325 465 2370 τῷ]
504 2335 570 2357 om.
608 2321 683 2355 cod.
727 2315 939 2352 Theodoreti

273 2373 387 2407 Vrsin.

321 2416 476 2462 σημεῖα]
518 2414 671 2458 σημεῖον
702 2409 836 2445 Theod.
863 2408 940 2452 (ση-

277 2468 365 2509 μεῖα
389 2461 517 2505 Vrsin.)

324 2507 493 2552 πάντων]
523 2502 702 2540 ἁπάντων
727 2500 860 2537 Theod.

328 2554 480 2596 ἑαυτοῦ]
507 2549 624 2586 αὐτοῦ
650 2551 738 2583 idem
763 2552 798 2581 et
812 2545 941 2581 Euseb.

281 2599 417 2638 ἑαυτὸν
442 2601 521 2633 Par.
547 2598 590 2631 K.

325 2642 627 2693 προσελθόντος]
672 2635 943 2684 προσελθόντες

279 2695 381 2733 Vind.
413 2693 451 2726 F.
492 2686 751 2734 προσελθόντα
790 2685 870 2718 Par.
898 2682 943 2717 K.

282 2735 572 2824 Edvbfiqm'nocg]
639 2738 718 2779 post
770 2730 946 2776 γενέσθαι

317 2799 376 2822 use
402 2813 411 2822 .

971 1027 994 1060 d
1015 975 1207 1058 τῶτὲἒκεῖ]
1232 975 1275 1009 de
1301 973 1365 1017 his,
1387 981 1476 1017 quae
1494 967 1567 1003 illic
1582 966 1635 1000 vi-

997 1032 1053 1060 eat
1109 1025 1151 1058 ie.

1018 1086 1309 1132 διακελεύοιντό]
1335 1080 1563 1122 διακελεύοιν
1591 1077 1636 1115 τό

973 1141 1051 1175 Ald.
1073 1134 1295 1174 διακελεύειν
1314 1133 1356 1168 τὸ
1380 1134 1461 1166 Bas.
1481 1131 1534 1163 ab.
1557 1127 1637 1161 δια-

973 1184 1133 1220 κελεύειν
1157 1182 1196 1217 τέ
1221 1183 1307 1216 Lob.
1334 1181 1414 1214 Vat.
1439 1176 1520 1210 ΒΜ.
1545 1174 1639 1207 Flor.

974 1234 1019 1267 T.
1047 1226 1270 1266 διακελεύειν
1290 1223 1330 1271 γε’
1350 1226 1433 1258 Ven.
1452 1223 1492 1255 B.
1519 1221 1642 1254 διακε-

976 1275 1123 1313 λεύοιτό
1143 1277 1221 1309 Vat.
1232 1274 1276 1307 H.
1300 1266 1550 1306 διεκελεύοντο
1567 1265 1641 1299 Pal.

976 1329 1018 1359 A.
1044 1319 1326 1358 διακελεύεσθαι
1354 1316 1481 1350 Euseb.
1507 1312 1640 1347 Theod.

977 1373 1052 1405 Ast.
1072 1381 1140 1404 sec.
1162 1372 1241 1401 tert.
1265 1365 1400 1398 iussisse
1419 1361 1495 1395 Fic.
1519 1359 1643 1392 διακε-

977 1414 1097 1451 λεύειν
1129 1411 1339 1447 scribendum
1372 1419 1448 1442 esse,
1482 1405 1645 1438 censebat

980 1460 1169 1497 Corn-arius
1187 1458 1248 1491 ecl.
1271 1469 1303 1501 p.
1321 1456 1397 1490 103.
1414 1464 1512 1498 quem
1533 1449 1644 1494 respi-

980 1509 1071 1544 ciens
1102 1506 1298 1550 Stephanus
1326 1503 1358 1535 in
1389 1503 1504 1534 annot.
1527 1509 1561 1542 p.
1587 1498 1644 1530 27.

982 1559 1162 1601 postquam
1175 1549 1330 1595 pluribus
1341 1545 1565 1581 Basilienseln
1575 1541 1647 1576 edi-

981 1602 1109 1635 tionem
1132 1593 1359 1642 reprehendit,
1377 1603 1465 1637 quae
1491 1601 1533 1624 ex
1551 1599 1646 1622 men-

983 1648 1025 1680 do
1050 1645 1194 1679 Aldinae
1228 1639 1434 1675 emendando
1458 1636 1567 1671 maius
1592 1635 1647 1668 fe-

986 1692 1085 1733 cerit,
1110 1689 1279 1730 Quidam,
1304 1684 1434 1729 inquit,
1459 1694 1501 1716 ex
1524 1680 1648 1715 Aldina

985 1744 1021 1773 et
1053 1734 1234 1771 Basiliensi
1269 1730 1444 1777 (lectione)
1478 1727 1648 1772 quandam

986 1784 1125 1819 tertiam
1173 1779 1278 1820 fecit,
1330 1773 1553 1811 διακελεύειν
1597 1771 1647 1814 οἳ,

988 1829 1263 1865 animadvertens
1298 1823 1432 1869 quidem
1470 1819 1650 1854 articulum

987 1875 1031 1911 τὸ
1057 1875 1106 1908 ibi
1135 1873 1221 1907 ferri
1245 1882 1309 1904 non
1333 1881 1454 1914 posse,
1480 1867 1540 1900 sed
1561 1865 1652 1898 unde
1714 1874 1717 1877 ·

989 1921 1206 1966 irrepsisset,
1238 1917 1274 1950 id
1305 1927 1387 1949 vero
1420 1925 1486 1948 non
1517 1910 1652 1957 perspi-

990 1969 1092 2002 ciens.
1149 1965 1188 1998 In
1229 1975 1268 1997 eo
1302 1973 1402 2005 porro
1437 1959 1527 2005 quod
1561 1958 1651 1999 dico,

991 2009 1215 2048 διακελεύειν
1250 2008 1340 2053 apud
1372 2008 1528 2040 Graecos
1569 2002 1656 2037 scri-

991 2066 1108 2105 ptores
1132 2068 1197 2091 non
1228 2061 1373 2096 extare,
1405 2052 1490 2097 (quo
1522 2049 1655 2083 nomine

993 2105 1218 2139 Basileensem
1258 2099 1436 2133 lectionem
1470 2096 1656 2141 reprehen-

993 2152 1108 2194 derat)
1140 2147 1293 2183 triviales
1321 2143 1540 2189 excipiendos
1574 2152 1655 2174 cen-

993 2209 1073 2232 seo:
1098 2206 1163 2230 non
1187 2193 1277 2238 quod
1300 2195 1412 2225 tamen
1436 2189 1526 2235 apud
1548 2198 1656 2233 quen-

994 2255 1095 2289 quam
1118 2242 1249 2275 illorum
1274 2250 1326 2272 me
1348 2237 1386 2270 id
1406 2236 1521 2280 legere
1537 2233 1657 2266 memi-

995 2289 1122 2324 nerim:
1166 2286 1224 2320 sed
1259 2284 1349 2329 quod
1383 2283 1460 2327 puri
1493 2279 1657 2314 sermonis

996 2334 1124 2370 Graeci
1149 2329 1424 2366 consuetudinem
1453 2327 1529 2360 illos
1553 2337 1658 2369 saepe
1718 2339 1720 2341 ’

996 2381 1169 2425 negligere
1193 2383 1253 2410 aut
1282 2375 1384 2409 etiam
1410 2375 1568 2418 ignorare
1591 2382 1659 2405 non

997 2427 1059 2462 sim
1093 2424 1237 2459 nescius.
1250 2425 1273 2441 “
1347 2419 1549 2465 Optativum
1590 2428 1659 2451 non

999 2484 1083 2518 opus
1101 2475 1205 2505 estut
1223 2480 1296 2501 cum
1310 2466 1499 2502 Matthiaeo
1518 2474 1657 2508 gramm.

1000 2531 1032 2564 p.
1066 2519 1164 2553 1029.
1198 2513 1359 2548 infinitivi
1398 2512 1472 2545 loco
1515 2510 1660 2555 positum

1000 2564 1245 2603 existimemus,
1276 2570 1378 2605 quum
1402 2557 1532 2603 pariter
1555 2560 1659 2600 atque

1001 2609 1081 2645 δέοι
1105 2609 1148 2643 ad
1173 2604 1231 2642 ὅτι
1255 2605 1376 2639 referri
1391 2603 1510 2648 possit.
1539 2602 1660 2646 Itaque

1001 2668 1130 2691 comma
1152 2659 1230 2700 post
1255 2649 1328 2685 ἔκεῖ
1351 2649 1482 2684 sustuli.

1001 2724 1086 2807 Thai
1114 2719 1287 2766 ἀκούειν]
1315 2715 1505 2755 διακούειν
1534 2715 1661 2751 Euseb.

1061 2773 1133 2806 eod.
