1764 3176
511 188 845 232 CIVITAS
889 189 1011 233 LIB.
1035 190 1095 232 X.
1124 191 1192 230 604

1459 194 1542 235 231

129 294 138 299 ’
160 301 262 357 μὲν,
299 299 349 344 τό
386 299 465 356 μὲν
493 300 715 357 βέλτιστον
751 300 894 360 τούτῳ
928 305 991 360 τῷ
1021 305 1254 359 λογιστικῷ
1285 300 1422 356 ἐθέλει
1453 300 1541 344 ἕπε-

159 375 281 414 σθαι.
338 371 492 425 Δῆλον
532 369 600 426 δή.

664 368 723 413 Τὸ
765 369 811 413 δὲ
839 369 951 424 πρὸς
981 369 1057 420 τὰς
1092 368 1356 426 ἀναμνήσεις
1387 386 1431 413 τε
1460 374 1541 414 τοῦ

158 435 334 488 πάθους
371 438 446 480 καὶ
483 437 594 490 πρὸς
636 435 743 487 τούς
779 433 1002 492 ὀδυρμοὺς
1040 437 1153 493 ἄγον
1199 440 1273 482 καὶ
1310 437 1540 495 ἀπλήστως

157 506 256 561 ἔχον
296 503 443 549 αὐτῶν
482 500 554 559 ἆρ’
585 503 667 548 οὐκ
704 503 936 560 ἀλόγιστόν
975 522 1021 550 τε
1065 506 1268 562 φήσομεν
1309 504 1423 550 εἶναι
1461 506 1534 550 καὶ

155 570 296 629 ἀργόν
334 574 408 617 καὶ
447 574 607 624 δειλίας
639 574 794 628 φίλους
845 572 1049 630 Φήσομεν
1086 575 1165 630 μὲν
1198 571 1293 618 οὖν.

1360 573 1537 619 Οὐκοῦν

152 641 201 684 τὸ
231 642 310 709 μὲν
338 640 504 697 πολλήν
532 643 713 697 μίμησιν
743 641 816 684 καὶ
845 643 1050 698 ποικίλην
1080 643 1182 700 ἔχει,
1215 643 1264 686 τὸ
1296 641 1534 698 ἄγανακτη-
1565 644 1599 684 E

200 868 307 923 γοῦν]
330 865 369 912 γ’
392 880 439 901 αν
454 879 524 901 ουν
540 868 637 901 Stob.
653 868 816 903 CXXIII.

202 910 249 948 ἅν
265 915 333 957 τις]
358 918 435 958 post
457 912 572 969 τύχας
596 914 674 947 Par.
695 915 738 948 Κ.
769 910 817 948 ἂν

154 972 219 994 om.
244 961 343 994 Stob.
358 960 483 996 CVIII.
510 955 558 994 ἄν
571 972 638 1003 τις,
659 959 730 1005 ἔφη
750 974 814 995 om.

152 1006 251 1040 Stob.
288 1006 405 1040 Trinc.
435 1006 601 1040 CXXIII.
641 1019 708 1051 quo
741 1007 814 1041 loco

152 1052 372 1086 Gaisfordius
401 1052 480 1097 [τις,
508 1050 593 1097 ἐφη]
621 1053 735 1086 edidit.

196 1107 462 1155 προσφέροιτο]
473 1109 700 1155 προφέροιτο
712 1111 812 1145 Vind.

199 1211 401 1259 βέλτιστον]
426 1211 616 1258 βέλτιστόν
638 1225 712 1248 που
729 1216 813 1249 ven.

150 1259 192 1295 Β.
207 1259 304 1293 Vind.
318 1260 391 1294 ΒΕ.
413 1260 490 1293 Vat.
505 1260 547 1292 H.
569 1260 814 1296 Flor.ACTV.

150 1311 187 1341 et
210 1318 231 1340 a
255 1317 298 1339 m.
323 1316 351 1339 s.
377 1305 456 1340 Par.
480 1306 519 1338 A.
544 1305 664 1351 β.ποῦ
688 1307 766 1340 Bas.
778 1308 812 1341 b.

195 1360 343 1408 τούτῳ]
377 1360 524 1401 τούτων
561 1364 660 1398 Stob.
692 1364 812 1399 Trinc.

150 1409 280 1443 CVIII.

194 1467 264 1514 τῷ]
289 1478 354 1500 om.
378 1465 464 1499 Lob.
489 1465 569 1500 vat.
593 1466 674 1500 ΒΜ.

195 1524 398 1569 λογιστικῷ]
424 1524 582 1567 λογισμῶ
608 1524 692 1557 Lob.
709 1523 810 1557 Vind.

147 1571 194 1604 F.
229 1571 324 1604 Mon.
356 1570 396 1604 B.
429 1570 509 1602 vat.
543 1570 622 1603 ΒΜ.
660 1571 746 1605 Ven.
771 1570 815 1604 C.

147 1616 228 1650 Par.
243 1616 320 1649 DK.
333 1616 426 1649 Flor.
439 1616 552 1649 RTU.
569 1616 669 1649 Stob.
683 1616 809 1650 CVIII.

147 1665 185 1742 iel?
205 1662 375 1752 tCXXIII.
398 1661 606 1707 (λογιστικῷ
634 1663 811 1696 Gesnerus

195 1763 329 1809 ἐθέλει]
354 1761 498 1799 ἐθέλειν
520 1764 613 1798 Mon.
637 1766 679 1799 B.

197 1819 382 1866 ἕπεσθαι]
395 1820 570 1856 ἕποισθαι.
583 1823 680 1857 Stob.
693 1821 812 1856 TrInc.

151 1868 314 1903 CXXIII.
339 1866 516 1909 ἕπεσθαι;
552 1870 631 1903 Bas.
658 1869 712 1902 ab.
738 1871 812 1903 Ast.

193 1925 333 1971 Δῆλον]
360 1925 455 1970 δῆλα
479 1926 560 1959 Vat.
584 1926 634 1960 M.

193 1981 284 2028 τὰς]
318 1995 382 2017 om.
415 1982 518 2017 Vind.
563 1983 607 2017 F.
646 1983 731 2028 Ang.
768 1984 809 2016 B.

145 2030 242 2069 Idem
265 2029 507 2064 Stalibaumius
529 2028 564 2062 in
589 2041 642 2074 pr.
657 2031 698 2063 de
715 2030 808 2063 Flor.

146 2077 192 2111 U.
219 2080 255 2109 et
278 2076 321 2110 de
339 2076 490 2109 Stobaeo
510 2076 628 2117 tradit,
648 2076 708 2110 sed
726 2076 808 2109 Sto-

143 2123 250 2157 baeus
275 2121 455 2166 utrobique
486 2121 661 2155 articulum
696 2122 810 2164 habet,

145 2172 182 2202 et
206 2180 268 2213 pro
291 2168 387 2201 Flor.
414 2167 458 2200 U.
486 2168 622 2202 videtur
648 2169 740 2202 Flor.
765 2169 808 2202 R.

144 2214 386 2259 significandus
411 2213 531 2248 fuisse.

191 2268 300 2314 πρὸς]
325 2282 390 2304 om.
416 2271 514 2304 Stob.
540 2270 670 2305 CVIII.

191 2325 303 2371 τούς]
335 2327 399 2361 int.
429 2338 518 2360 vers.
544 2327 643 2362 Vind.
667 2328 706 2361 F.
755 2327 807 2361 De

144 2375 209 2408 hoc
242 2373 383 2407 articulo
416 2373 656 2407 Stallbaumius
688 2374 720 2407 in
750 2386 804 2419 pr.

145 2420 284 2462 eadem,
307 2431 396 2464 quae
427 2420 469 2452 de
492 2419 667 2464 proximo,
693 2420 807 2465 perhi-

143 2467 216 2508 bet,
234 2477 376 2510 quorum
395 2465 537 2498 alterum
557 2466 599 2499 ad
618 2467 805 2500 Stobaenm

145 2512 318 2557 pertinens
332 2523 441 2556 aeque
454 2512 587 2555 falsum,
604 2512 745 2545 alterum
762 2513 805 2546 de

145 2558 242 2591 Flor.
276 2558 321 2591 U.
361 2559 508 2591 fortasse
548 2558 665 2592 eodem
706 2559 804 2592 modo

145 2604 379 2648 corrigendum
403 2607 466 2637 est.

191 2657 296 2706 ἄγον]
322 2654 423 2705 ἅγωῖι
446 2661 546 2697 Vind.
569 2662 610 2695 F.

191 2716 408 2763 ἀπλήστως]
459 2716 662 2758 ἅπλείστως
704 2720 805 2753 Stob.

144 2766 216 2846 ἷζοό.
238 2765 458 2800 N.CXXIII.
484 2763 694 2810 ἀπλήστους
711 2766 808 2802 Flor.

191 2863 282 2914 ἆρ’]
317 2865 387 2913 ἄρ’
412 2869 512 2903 Stob.
535 2869 655 2904 Trinc.
681 2869 804 2903 CVIII.

88 706 308 753 515τικόν·
347 709 396 752 τό
428 709 472 753 δὲ
503 708 725 766 φρόνιμόν
757 726 802 753 τε
828 710 900 753 καὶ
932 710 1118 768 ἡσύχιον
1146 706 1282 769 ἦθος,
1313 710 1536 767 παραπλή-

875 870 1039 904 InVind.
1063 870 1108 905 F.
1141 872 1228 916 Ang.
1254 870 1294 904 B.
1328 874 1363 904 et
1395 882 1481 905 am
1507 882 1535 904 s.

873 915 906 949 in
933 916 1024 949 Flor.
1053 918 1090 950 A.
1121 917 1190 951 οὐν
1195 899 1361 951 badditum
1388 920 1452 952 est.

922 974 992 996 ουκ
1026 959 1222 1007 ἀλόγιστόν
1255 965 1316 1018 τε]
1344 960 1535 1018 ου’καλόγι-

875 1006 963 1043 στόν
988 1021 1023 1042 τι
1048 1009 1145 1043 Vind.
1171 1011 1214 1043 Ε.
1242 1022 1311 1044 ουκ
1333 1005 1536 1053 ὀλιγοστὸν,

872 1066 947 1100 sup.
985 1052 1199 1098 οἷλογιστον,
1222 1056 1320 1089 Vind.
1345 1056 1387 1089 F.
1413 1056 1537 1089 omisso

872 1112 910 1134 τε
936 1101 990 1135 vel
1014 1102 1194 1136 exstincto.

918 1167 1086 1212 φήσομεν
1107 1166 1215 1211 εἶναι]
1240 1166 1432 1213 φήσομενς
1457 1170 1534 1203 ναί.

872 1215 969 1249 Stob.
993 1215 1112 1249 Trinc.
1139 1215 1305 1250 CXXIII.

919 1281 1087 1327 Φήσομεν
1110 1282 1190 1328 μὲν]
1217 1280 1284 1326 μὲν
1308 1284 1342 1318 in
1367 1284 1467 1319 Vind.
1493 1285 1538 1318 F.

870 1340 958 1374 pene
981 1330 1196 1368 exstinctum,
1222 1330 1257 1363 in
1280 1330 1424 1364 Mon.B.
1448 1333 1538 1374 Ang-

871 1377 911 1410 Β.
945 1378 1025 1411 Vat.
1062 1375 1110 1408 M.
1162 1376 1254 1410 Flor.
1290 1377 1332 1410 R.
1368 1380 1403 1409 et
1439 1377 1538 1410 Stob.

871 1422 990 1456 Trinc.
1018 1421 1146 1457 CVIII.
1180 1425 1215 1456 et
1243 1422 1408 1457 CXXIII.
1436 1423 1538 1457 omis-

870 1479 943 1502 sum
963 1472 1027 1501 est.

916 1534 1070 1580 πολλὴν]
1096 1533 1227 1570 πόλλιν
1251 1536 1353 1572 Vind.
1379 1535 1424 1570 F.

915 1602 979 1638 καὶ
1009 1605 1201 1649 ποικίλην]
1237 1608 1314 1650 post
1349 1602 1418 1648 ἔχει
1446 1604 1533 1638 Lob.

869 1650 949 1685 Vat.
964 1651 1043 1684 ΒΜ.
1069 1650 1132 1685 καὶ
1155 1651 1344 1685 ποικιλίαν
1368 1651 1469 1686 Vind.
1491 1651 1533 1684 Ε.

917 1715 1237 1763 ἀγανακτητικόν]
1283 1720 1339 1754 Ita
1374 1719 1454 1752 Par.
1488 1719 1529 1753 A.
1560 1725 1594 1765 E

868 1765 968 1800 Vind.
993 1766 1067 1800 ΒΕ.
1093 1766 1179 1800 Ven.
1201 1766 1243 1799 B.
1270 1766 1348 1799 vat.
1369 1766 1414 1798 H.
1436 1765 1529 1799 Flor.

867 1811 975 1845 ACV.
1004 1808 1203 1855 οἷγακτικόν
1231 1811 1307 1845 AId.
1335 1809 1531 1855 ἀγανακτι-

867 1855 935 1891 κόν
960 1858 1045 1902 reliq
1048 1857 1083 1891 ui
1117 1858 1250 1891 codices
1276 1858 1428 1902 editique
1452 1862 1532 1891 ante

868 1904 1071 1937 Bekkerum.
1124 1904 1405 1959 Lexicographus
1438 1904 1530 1937 Bek-

866 1949 941 1983 keri
961 1950 1078 1983 anecd.
1081 1961 1138 2000 p.
1153 1951 1233 1992 334,
1242 1952 1305 1984 28·
1333 1947 1529 2006 ἀγανακτι-

867 1993 935 2029 κόν
968 1995 1032 2029 καὶ
1065 1992 1361 2039 οἷγανακτητέον·
1394 1994 1436 2030 τὸ
1463 1993 1530 2038 μὲν

867 2039 906 2075 ἐν
932 2042 1124 2088 Πολιτεία,
1157 2040 1200 2076 τὸ
1237 2041 1277 2075 δὲ
1312 2040 1351 2076 ἐν
1387 2040 1529 2075 ἐπιστο-

866 2089 948 2127 λαῖς
974 2084 994 2122 ὁ
1021 2086 1181 2121 Πλατων
1215 2085 1297 2131 ἔφη.
1354 2089 1451 2131 Ergo
1476 2088 1529 2121 hic

865 2146 1000 2179 quoque
1027 2138 1188 2189 corrupto
1213 2135 1329 2167 codice
1353 2135 1526 2167 utebatur.

864 2180 955 2214 Nam
987 2192 1088 2235 quum
1131 2192 1169 2223 αι,
1170 2178 1349 2223 ανοίσσω,
1387 2177 1527 2224 ἀγανα-

864 2239 972 2270 κτης,
1000 2223 1207 2280 οἷγάνακτος
1229 2226 1362 2282 pariter
1384 2226 1528 2260 inusita-

864 2276 900 2306 ta
924 2278 1048 2314 essent,
1067 2284 1108 2305 ne
1127 2269 1374 2315 ἄγανακτικός
1392 2273 1527 2317 quIdem

864 2318 1028 2352 exsistere
1052 2318 1177 2373 potuit,
1201 2330 1266 2351 non
1292 2319 1409 2362 magis,
1426 2330 1526 2363 quam

862 2361 1161 2408 καταφρονικός,
1196 2364 1285 2408 quod
1310 2364 1433 2398 merito
1464 2365 1527 2398 da-

862 2411 990 2444 mnavit
1025 2389 1218 2443 Lobeck'ius
1251 2410 1294 2443 ad
1330 2411 1454 2453 Phnyn.
1487 2423 1522 2455 p.

862 2458 940 2491 520.
975 2457 1050 2490 Nec
1074 2456 1260 2489 Lucianum
1285 2457 1448 2490 credibile
1472 2460 1526 2489 est

860 2503 896 2536 in
924 2502 1098 2536 piscatore
1123 2513 1152 2535 e.
1167 2501 1220 2536 14.
1247 2502 1291 2536 T.
1306 2501 1369 2536 III.
1396 2514 1429 2546 p.
1445 2503 1522 2537 145.

862 2545 1280 2591 Leh1n.a2avautmoi
1333 2549 1525 2593 scripsisse,

863 2594 1139 2639 quemadmodum
1186 2594 1288 2638 vulgo
1331 2594 1524 2627 tacentibus

863 2641 1069 2675 Lehmannis
1086 2640 1222 2683 legitur.
1249 2640 1427 2674 Librarius
1446 2640 1523 2684 qui-

863 2687 938 2719 dem
970 2687 1003 2720 in
1039 2686 1089 2719 his
1112 2686 1403 2720 terminationibus
1434 2686 1523 2719 haud

864 2744 941 2765 r·a¹0
967 2743 1101 2765 errasse
1125 2731 1273 2766 Lobecki
1279 2744 1317 2766 ns
1340 2731 1465 2772 docuit,
1489 2737 1525 2764 et.

862 2778 903 2812 L.
925 2777 1004 2811 1111.
1030 2790 1064 2822 p.
1085 2777 1164 2813 441.
1187 2781 1227 2812 A.
1254 2790 1315 2823 pro
1340 2775 1522 2822 ἐπικουρι-

861 2821 928 2858 κὸν
952 2824 984 2857 ἰη
1008 2824 1087 2857 Par.
1112 2825 1151 2857 A.
1177 2828 1212 2857 et
1236 2824 1326 2868 apud
1352 2825 1522 2857 Galenum

862 2867 1143 2914 ἐπικουρητικὸν
1174 2870 1336 2915 scriptum
1367 2869 1520 2903 vidimus.
