1764 3176
152 1766 220 1802 577

243 124 327 165 13⁰

242 227 606 286 ἀποφαινώμεθα,

692 118 729 160 Ρ
758 118 790 159 L
820 117 854 159 A
881 116 919 158 T
948 116 989 159 O
1019 115 1057 158 N
1085 114 1105 157 Ι
1135 114 1165 157 S

665 225 782 271 Ἀλλ’
814 226 980 282 ὀρθῶς,
1012 227 1108 283 ἔφη,
1137 228 1355 282 προκαλῇ·
1386 225 1460 269 καὶ
1489 226 1621 280 δῆλον

243 298 385 349 παντὶ,
417 296 485 340 ὅτι
514 296 869 353 τυραννουμένης
898 295 977 350 μὲν
1007 294 1091 338 οὐκ
1122 295 1239 338 ἔστιν
1268 292 1524 348 ἀθλιωτέρα,
1544 295 1622 349 βα-

243 365 524 421 σιλευομένης
565 365 610 408 δὲ
650 363 733 408 οὐκ
771 362 1149 419 εὐδαιμονεστέρα.

1213 358 1305 415 ’Ἆρ’
1348 355 1452 412 οὖν,
1491 355 1547 416 ἦν
1577 357 1619 402 δ’

246 432 351 488 ἐγώ,
397 433 469 475 καὶ
509 433 607 487 περὶ
636 436 724 475 τῶν
755 430 934 485 ἀνδρῶν
972 430 1025 473 τὰ
1064 428 1175 473 αὐτοὶ
1206 432 1345 473 ταῦτα
1373 424 1624 483 προκαλού-

154 511 220 546 577
246 516 376 555 μενος
408 498 558 553 ὀρθῶς
596 499 652 543 ἂν
687 501 1013 555 προκαλοίμην,
1049 497 1184 550 ἀξιῶν
1222 498 1390 552 κρίνειν
1419 491 1624 564 περὶβαύ-

241 571 330 624 τῶν
366 566 557 619 ἐκεῖνον,
595 565 643 618 ὂς
688 567 874 610 δύναται
912 569 966 622 τῇ
1009 567 1183 621 διανοίᾳ
1225 566 1284 614 είς
1326 562 1486 617 ἀνδρός
1514 565 1623 619 ἠθος

240 633 370 685 ἐνδύς
413 636 569 678 διιδεῖν
606 636 678 678 καὶ
715 635 774 690 μὴ
814 634 1015 688 καθάπερ
1056 639 1158 684 παῖς
1196 633 1358 685 ἔξωθεν
1396 630 1516 684 ὁρῶν
1554 629 1625 672 ἐκρ

241 703 471 759 πλήττεται
512 701 599 745 ὑπὸ
647 706 723 758 τῆς
769 707 857 745 τῶν
903 704 1180 756 τυραννικῶν
1218 699 1522 756 προστάσεως,
1566 695 1623 754 ἣν

218 769 349 823 ,πρὸς
390 769 495 820 τούς
534 769 614 820 ἔξω
655 772 1006 824 σχηματίζονται,
1048 766 1145 812 ἀλλ’
1188 770 1350 818 ἱκανῶς
1391 769 1544 823 διορᾷ5
1587 766 1623 808 εἰ

243 836 326 882 οὖν
356 839 527 893 οἰοίμην
556 840 646 880 δεῖν
677 838 845 880 ἐκείνου
877 835 1042 888 πάντας
1074 835 1186 892 ἡμᾶς
1216 834 1408 885 ἀκούειν,
1438 838 1519 877 τοῦ
1549 836 1623 876 δυ-

240 909 379 949 νατοῦ
411 904 490 961 μὲν
520 910 680 959 κρῖναι,
707 901 1008 962 ξυνῳκηκότος
1039 905 1084 948 δὲ
1115 905 1162 947 ἐν
1191 907 1252 963 τῷ
1284 901 1404 962 αὐτῷ
1435 902 1509 946 καὶ
1538 917 1623 945 πα-

286 1028 614 1074 οἷποφαινώμεθα]
646 1026 902 1073 ἀποφαινόμε-

239 1078 296 1111 θα
336 1077 433 1110 Vind.
476 1076 545 1110 BF.
589 1077 667 1109 Par.
713 1076 788 1109 DK.
834 1088 902 1110 sec.

240 1123 348 1157 Bekk.
387 1124 465 1156 Vat.
503 1122 546 1155 H.
586 1122 680 1155 Flor.
712 1123 755 1157 R.
803 1123 901 1155 Stob.

241 1172 349 1204 Gesn.

287 1214 472 1259 προκαλῇ]
508 1213 698 1256 προσκαλῆ
733 1213 824 1246 Flor.
859 1213 901 1247 V.

240 1273 260 1296 a
285 1273 328 1295 m.
352 1272 378 1294 5.
404 1262 602 1303 προκαλεῑς
634 1261 719 1303 Ang.
744 1259 784 1292 Β.
812 1270 903 1302 προ-

239 1308 345 1341 καλεῖ
373 1307 473 1341 Vind.
508 1306 548 1339 F.
590 1305 685 1338 Flor.
718 1306 760 1338 R.
802 1306 901 1338 Stob.

241 1353 314 1386 cod.
338 1353 378 1386 Α.
413 1352 466 1385 ed.
502 1351 616 1385 Gaisf.
650 1351 788 1392 Α5ῑίυ5,
811 1351 904 1383 Bek-

239 1400 358 1440 kerus,
383 1398 637 1431 Stallbaumius.

288 1441 523 1487 ἀθλιωτέρα]
559 1439 788 1486 ἄθλιωτεραι
818 1441 904 1475 Lob.

241 1496 321 1525 ante
347 1501 435 1523 corr.

281 1532 370 1592 οὐκ]
397 1547 464 1569 ουκ
482 1533 579 1569 ἐστιν
596 1535 628 1569 V
631 1537 676 1568 at.
699 1534 747 1569 Μ.

281 1575 357 1625 Αρ’
368 1582 380 1626 ]
409 1577 474 1624 ἄρ’
500 1581 600 1616 Vind.
612 1581 652 1613 F.
679 1577 726 1623 οἷρ
730 1577 850 1614 'Vind.
863 1578 904 1612 E.

286 1624 601 1672 προκαλούμενος]
630 1622 904 1680 προσκαλούμε-

239 1685 306 1714 νος
333 1675 410 1708 Vat.
420 1674 460 1707 B.
484 1669 815 1717 παρακαλούμενος
827 1671 904 1704 Α1(1.

240 1719 319 1753 Bas.
345 1731 375 1753 a.

289 1764 543 1809 προκαλοιμην
553 1764 584 1807 ,]
628 1761 903 1807 προκαλοίμηνς

241 1811 317 1845 Α1(1.
342 1812 422 1845 Bas.
448 1812 503 1844 ab.
529 1809 649 1853 steph.

290 1853 438 1900 αὐτῶν]
484 1852 603 1889 αὐτὸν
636 1855 721 1889 Lob.
753 1855 833 1888 Par.
859 1853 902 1886 K.

242 1914 310 1937 sec.
336 1903 445 1936 Bekk.
472 1903 551 1936 Vat.
574 1901 621 1934 M.

290 1946 445 1992 ἐκεῖνον]
473 1944 636 1981 ἐκτεῖνον
656 1944 757 1978 Vind.
780 1945 824 1978 F.

290 1992 471 2036 δύναται]
498 1989 545 2026 ὃὶν
570 1989 728 2035 δύνηται
752 1992 838 2026 Ven.
862 1990 903 2024 B.

244 2046 281 2075 et
304 2040 387 2074 editi
411 2045 492 2073 ante
517 2039 719 2072 Bekkerum.

291 2086 464 2142 διανοία]
502 2085 580 2119 ἰδία
611 2081 721 2117 ἀνοία
750 2083 831 2116 Vat.
862 2082 904 2116 B.

246 2132 340 2166 ἰδίαι
362 2129 488 2165 ἄνοίαι
508 2131 593 2164 Lob.

291 2175 413 2222 ἐνδὺς]
441 2174 574 2215 ἐνδούς
596 2176 681 2219 Ang
706 2175 748 2208 B.

292 2225 437 2267 διιὸεῖν]
464 2223 523 2257 δεῖ
549 2223 642 2256 ἰδεῖν
669 2221 763 2256 Vind
782 2220 822 2254 F.

291 2268 358 2314 μὴ]
383 2270 444 2303 int.
468 2280 556 2302 verS.
582 2268 667 2302 Lob.

291 2313 487 2371 καθαπερ]
513 2311 709 2356 καθάρπερ
738 2311 837 2346 Vind.
862 2310 904 2345 Ε.

293 2358 550 2418 ἐκπλήττεται]
575 2357 798 2393 καλύπτεται
818 2358 846 2390 Ι
849 2358 902 2391 01).

248 2408 327 2443 Vat.
351 2407 400 2440 M.
424 2404 668 2450 ἐκπλήττηται
685 2405 782 2440 Vind.
803 2404 845 2436 E.
871 2407 907 2436 et

248 2455 395 2487 fortasse
419 2453 504 2486 Ven.
530 2454 569 2486 Β.
602 2453 645 2485 de
677 2462 742 2495 quo
771 2450 907 2483 Bekke-

248 2510 307 2533 rus
346 2503 463 2540 tacet,
504 2510 576 2531 cum
612 2497 686 2531 Ald.
729 2497 810 2530 Bas.
852 2496 906 2530 ab.

247 2545 368 2589 steph.
401 2546 476 2577 Ast.
524 2544 639 2577 Etiam
663 2542 813 2575 Bekkeri
836 2541 906 2574 edi-

246 2591 295 2625 tio
334 2589 579 2623 coniunctivum
622 2589 778 2630 exhibet,
819 2587 905 2620 citra

246 2635 490 2676 soloecismum,
517 2636 577 2678 (cf.
603 2636 675 2669 Vol.
697 2634 741 2666 ΙΙ.
767 2645 798 2678 p.
823 2634 902 2673 231,

245 2683 297 2726 b.)
332 2682 392 2715 sed
426 2684 556 2719 tamen,
578 2681 642 2714 nisi
669 2681 790 2721 fallor,
818 2679 903 2713 invi-

246 2733 284 2762 to
304 2728 391 2782 ipso.

292 2771 369 2808 υπὸ
388 2773 454 2816 τῆς
473 2772 549 2807 τῶν
563 2771 792 2815 τυραννικῶν
811 2782 901 2815 προ-

961 1026 1147 1074 στάσεως]
1184 1030 1266 1063 dum
1297 1030 1516 1073 tyrannicam
1542 1039 1625 1073 pro-

961 1077 1060 1119 spicit
1084 1077 1303 1109 eminentiam
1330 1076 1402 1109 Fic.

1008 1122 1309 1165 σχηματίζονται]
1364 1123 1417 1155 lta
1458 1120 1539 1153 Par.
1581 1120 1623 1152 A.

964 1167 1061 1201 Vind.
1097 1168 1199 1200 BEF.
1245 1170 1330 1212 Ang.
1363 1168 1403 1200 B.
1451 1166 1531 1200 Vat.
1577 1165 1623 1198 H.

961 1213 1054 1246 Flor.
1079 1214 1253 1248 ACRTV.
1285 1212 1541 1257 σχηματίζεται
1568 1223 1624 1244 re—

962 1259 1047 1303 liqui
1082 1259 1216 1292 codices
1246 1260 1396 1304 editique
1428 1261 1508 1292 ante
1531 1258 1624 1291 Bek-

961 1305 1090 1347 kerum‚
1106 1305 1194 1349 quod
1218 1308 1295 1338 er‘at
1318 1303 1527 1349 exquisitius.
1559 1303 1624 1337 Ti-

961 1362 1075 1384 maeus
1100 1351 1164 1384 lex.
1191 1363 1223 1395 p.
1248 1353 1337 1386 245:
1364 1347 1622 1407 σχηματιζόμε-

960 1408 1040 1435 νος·
1064 1395 1398 1440 προσποιούμενος,
1424 1393 1449 1440 ἢ
1470 1405 1622 1429 συντατ-

961 1440 1129 1485 τόμενος.
1203 1443 1277 1476 Hoc
1323 1443 1395 1475 loco
1440 1443 1624 1484 artificiose

962 1500 1160 1531 componere
1222 1488 1416 1533 significare
1475 1487 1623 1521 videtur.

961 1533 1165 1577 πρόστασιν
1189 1538 1312 1575 autem,
1336 1545 1436 1579 quam
1460 1534 1623 1567 Ruhnke-

962 1581 1035 1613 nius
1060 1581 1102 1613 ad
1127 1581 1217 1614 Tim.
1242 1592 1274 1624 p.
1294 1581 1373 1615 246.
1399 1580 1624 1624 προστασίας

963 1637 1181 1669 synonymum
1212 1630 1332 1671 putat,
1375 1629 1410 1659 et
1448 1637 1622 1670 pompam,

962 1678 1173 1715 apparatum
1201 1674 1336 1716 regium
1364 1671 1623 1717 interpretatur,

962 1730 1062 1763 quum
1087 1730 1152 1751 non
1177 1718 1218 1751 de
1241 1717 1407 1762 tyrannis,
1430 1718 1489 1751 sed
1510 1718 1552 1751 de
1565 1722 1621 1761 ty-

962 1763 1108 1797 rannicis
1141 1775 1251 1797 sermo
1280 1764 1345 1806 sit,
1370 1775 1427 1798 res
1452 1763 1624 1808 anteposi-

961 1815 1017 1843 tas
1041 1810 1110 1850 ita,
1134 1815 1173 1842 ut
1195 1810 1406 1853 περίστασιν
1435 1810 1623 1854 circumpo—

961 1856 1058 1896 sitas,
1082 1855 1234 1889 indicare
1261 1856 1427 1890 existimo.
1465 1856 1520 1889 Cf.
1546 1855 1622 1889 Vol.

961 1902 986 1934 1.
1013 1913 1045 1945 p.
1069 1902 1145 1942 135,
1167 1903 1198 1934 b.
1234 1902 1377 1935 Praeter
1400 1903 1489 1935 hunc
1513 1901 1623 1934 locum

960 1957 1135 1990 nusquam,
1159 1947 1247 1991 quod
1270 1948 1385 1988 sciam,
1408 1951 1532 1981 exstat.

1007 1992 1138 2038 διορᾷ]
1163 1993 1296 2036 διορᾶν
1308 1995 1393 2037 Aug.
1408 1995 1448 2026 B.
1487 1994 1526 2026 In
1546 1992 1619 2026 edi-

959 2038 1105 2071 tionibus
1134 2042 1214 2071 ante
1238 2039 1431 2072 Bekkerum
1455 2050 1521 2072 non
1545 2041 1621 2072 erat

959 2084 1233 2128 inter-rogationis
1257 2084 1399 2128 signum.

1007 2129 1097 2172 οὐν]
1140 2130 1276 2174 punctis
1314 2135 1467 2164 notatum
1501 2133 1556 2164 est
1585 2130 1622 2163 in

959 2174 1052 2208 Mon.
1074 2176 1113 2211 Β.

1008 2220 1168 2265 οἰοίμην]
1194 2220 1270 2255 οῖόι
1290 2218 1363 2265 μὴν
1390 2221 1489 2255 Vind.
1515 2221 1556 2256 F.

1006 2269 1152 2311 κρῖναι]
1186 2268 1309 2311 κρίναι
1333 2268 1418 2301 Lob.
1452 2268 1553 2302 Vind.
1580 2268 1620 2302 F.

960 2312 1052 2346 Mon.
1081 2314 1122 2347 B.

1008 2356 1275 2404 ξυνῳκηκότος]
1291 2356 1537 2403 ξυνοκηκότος
1547 2370 1621 2392 cum

963 2416 991 2437 ω
1016 2416 1119 2448 super
1142 2406 1263 2439 vitioso
1291 2418 1310 2440 ο
1341 2406 1438 2439 Vind.
1464 2406 1507 2439 E.

1008 2450 1327 2496 παραγεγονότος]
1368 2449 1624 2496 παραγεγονόη

962 2508 1031 2535 τας
1055 2497 1152 2531 Vind
1180 2498 1436 2532 [⁴‘.F10r.AC.

1008 2554 1076 2575 κατ
1086 2539 1248 2587 ὀἰκίαν]
1263 2542 1565 2578 navozm'ocvvind.
1578 2542 1617 2575 F.

1006 2586 1195 2644 πραξεσιν]
1221 2588 1387 2632 τροίξεσιν
1411 2591 1490 2623 Bas.
1517 2590 1551 2623 b.

1005 2633 1096 2673 τοὺς
1133 2635 1312 2680 οἰκείους]
1357 2635 1501 2674 οἰκείως
1534 2634 1618 2670 Lob.

958 2680 1038 2714 Vat.
1063 2680 1111 2713 M.

1005 2724 1088 2770 ἔχει]
1116 2723 1192 2769 ε’χοι
1214 2727 1299 2761 Lob.

1002 2770 1181 2817 μάλιστα]
1233 2772 1390 2816 μάλιστα
1428 2771 1484 2812 τὶς
1530 2771 1615 2805 Lob.
