1764 3176
396 156 722 200 CIVITAS
767 158 890 201 LIB.
930 158 1045 201 VIII.
1074 163 1141 200 558

1392 164 1448 204 61

75 281 147 314 σιν
175 268 288 325 ἔχοι,
329 267 490 312 οὔποτ’
518 266 573 312 ἂν
601 268 773 325 γένοιτο
804 268 915 326 ἀνὴρ
945 267 1139 326 ἀγαθὸς,
1189 273 1227 316 εἰ
1254 271 1313 330 μὴ
1349 277 1453 325 παῖς

73 336 137 380 ὢν
172 334 310 387 εὐθὺς
343 337 491 390 παίζοι
531 337 577 381 ἐν
615 341 765 388 καλοῖς
792 337 866 380 καὶ
908 338 1152 395 ἐπιτηδεύοι
1179 339 1233 384 τὰ
1269 345 1454 385 τοιαῦτα

71 403 227 457 πάντα,
241 401 299 455 ὥς
322 409 661 461 μεγαλοπρεπῶς
679 404 1005 462 καταπατήσασ’
1030 406 1201 452 ἅπαντα
1223 413 1359 454 ταῦτα
1378 407 1453 454 οὐ·

70 563 311 598 Stallbaumius
348 578 477 600 comma
518 578 592 600 cnm
636 565 732 610 signo

69 609 263 643 anacoluthi
286 622 347 645 seu
371 613 601 658 aposiopesis,
638 613 732 646 cuius

69 655 156 689 ratio
185 667 250 689 non
272 665 436 702 apparet,
460 659 627 700 fecerunt,
651 659 730 692 sim-

67 701 146 745 plex
180 713 307 736 comma
343 703 379 736 in
416 704 494 737 Bas.
529 706 583 738 ab.
634 709 670 738 et
709 717 730 739 a

66 748 242 793 Stephano
265 749 410 794 positum
433 750 583 793 sufficit,
614 750 642 784 si
672 762 728 784 se-

66 794 247 837 quentibus
275 796 390 829 verbis
422 797 560 830 uberior
589 800 728 831 antece-

67 839 218 873 dentium
243 841 427 885 explicatio
455 843 668 885 continetur,
693 847 728 876 et

66 897 118 925 ως
140 890 220 920 ante
242 889 544 932 μεγαλοπρεπῶς,
559 889 633 923 sive
651 900 727 923 cum

66 931 131 966 hoc
162 932 386 977 coniungatur
425 934 501 968 sive
534 935 578 968 ad
611 946 725 978 φρον-

65 977 155 1019 τίζει
177 979 366 1021 referatur,
399 979 448 1014 sic
472 985 510 1014 ut
532 981 566 1014 in
589 981 726 1025 obliqua

64 1023 332 1068 interrogatione
373 1025 500 1060 dictum
532 1031 596 1060 est.
645 1027 726 1068 Qua

65 1070 200 1104 ratione
232 1071 384 1105 adhibita
416 1084 535 1106 sensus
558 1072 613 1106 hic
638 1072 728 1107 exsi-

65 1116 161 1150 stit:
182 1118 274 1159 Quid
292 1129 371 1150 vero
396 1119 619 1163 indulgentia
656 1122 729 1153 eius

66 1168 100 1196 et
138 1164 226 1197 nihil
255 1165 367 1197 minus
398 1177 501 1208 quam
534 1167 727 1207 morositas,

64 1209 125 1242 sed
161 1215 371 1254 contemptus
404 1212 560 1253 illorum,
608 1213 729 1255 quibus

69 1266 130 1289 nos
147 1261 284 1290 tantum
320 1257 574 1297 tribuebamus‚
607 1263 644 1294 ut
684 1270 726 1291 ea

64 1303 181 1336 omnia
209 1303 394 1347 magnifice
431 1303 476 1346 (s.
513 1315 616 1347 quam
650 1316 727 1336 ma-

62 1349 188 1392 gnifice
211 1361 254 1382 ea
280 1350 415 1392 omnia)
443 1350 605 1382 abiiciens
635 1351 723 1383 nihil

63 1400 183 1436 curat,
209 1407 231 1427 a
250 1396 408 1438 qualibus
433 1396 508 1439 quis
526 1396 651 1429 studiis
675 1397 722 1430 ad

62 1452 133 1475 rem
159 1441 332 1484 publicam
362 1442 527 1474 accedens
557 1453 634 1475 eam
655 1444 721 1475 ad·-

62 1487 262 1521 ministret?
292 1488 402 1524 Valde
419 1488 574 1531 quidem,
596 1489 718 1532 inquit,

60 1544 230 1578 generosa
260 1538 322 1569 est.

61 1579 163 1612 chero
195 1580 320 1613 visum:
359 1583 490 1613 tantum
524 1579 720 1624 interroga-

60 1625 187 1658 tionem
218 1626 339 1659 abesse
378 1625 504 1659 voluit:
560 1627 636 1660 Und
663 1628 719 1660 die

62 1672 253 1706 Nachsicht
275 1673 385 1706 dieses
408 1673 548 1705 Staates
567 1692 623 1706 —.
646 1673 720 1706 Ali-

60 1720 136 1760 ter,
159 1717 219 1751 sed
242 1725 361 1762 parum
386 1717 537 1751 fideliter
560 1718 718 1752 Ficinus:

59 1764 286 1808 Indulgentia
313 1775 393 1798 vero
420 1765 527 1807 ipsius
550 1766 660 1797 nimia
686 1770 719 1799 et

58 1811 133 1844 sine
148 1811 222 1844 ulla
244 1811 482 1844 observatione
496 1835 506 1851 ,
530 1812 719 1855 negligen-

59 1857 112 1890 tia
143 1868 279 1898 eorum,
313 1869 402 1901 quae
425 1867 486 1889 nos
514 1857 720 1898 dicebamus,

58 1914 130 1936 rem
156 1903 268 1947 ipsam
303 1903 540 1944 honestaMes,
581 1905 719 1947 quando

58 1949 234 1983 civitatem
271 1949 585 1990 constituebamus,
629 1951 719 1993 quod

56 1995 214 2030 videlicet
228 2019 238 2037 ,
262 1996 330 2030 nisi
340 1998 436 2039 forte
455 1995 530 2040 quis
543 1997 720 2030 excellenti

58 2042 103 2076 sit
127 2042 267 2087 ingenio
302 2043 503 2086 praeditus,
541 2053 717 2086 nunquam

57 2088 112 2122 vir
147 2090 350 2133 praeclarus
390 2088 535 2128 evadet,
584 2089 652 2121 nisi
696 2101 719 2123 a

56 2136 172 2179 prima
189 2136 341 2179 pueritia
361 2136 480 2170 statim
501 2135 651 2168 honestis
682 2136 720 2168 iu

57 2182 149 2215 ludis
189 2187 345 2216 versetur
363 2207 373 2223 ‚
431 2186 466 2215 et
515 2181 720 2214 eiuscemodi

58 2228 174 2261 omnia
197 2230 401 2273 frequenter
432 2232 608 2269 exerceat,
639 2232 720 2261 tan-

57 2285 162 2318 quam
190 2285 279 2318 quae
302 2275 375 2308 alto
403 2274 517 2307 animo
542 2273 627 2307 haec
642 2285 722 2317 pes-

58 2321 188 2354 sundat
213 2322 349 2354 omnia.-
385 2333 448 2361 ea,
473 2321 633 2364 inquam,
658 2332 719 2353 ne-

57 2366 234 2411 gligentia
266 2368 355 2401 nihil
383 2368 482 2410 pensi
511 2366 638 2407 habet,
680 2378 720 2399 ex

58 2413 180 2456 quibus
201 2414 324 2447 studiis
353 2415 478 2458 aliquis
504 2425 539 2446 se
567 2413 615 2446 ad
633 2413 718 2445 civi-

57 2459 107 2492 lia
125 2460 303 2499 conferat,
327 2461 386 2493 sed
406 2461 574 2500 honorat,
597 2459 627 2492 si
646 2459 721 2502 quis

56 2506 229 2539 duntaxat
258 2511 392 2539 ametur
419 2519 441 2539 a
469 2483 587 2550 vulg6.
641 2505 718 2538 Adi.

62 2552 171 2585 Valde
195 2552 379 2585 admodum
408 2563 590 2597 generosa.
616 2550 719 2584 Deni-

57 2608 124 2641 que
146 2596 389 2631 Stallbaumius
421 2599 602 2632 secundum
626 2596 719 2630 Bek-

57 2643 134 2677 keri
186 2643 489 2699 interpunctionem
543 2647 621 2688 post
669 2640 716 2675 τὰ

57 2688 217 2723 τοιαῦτα
240 2687 364 2723 πάντα
390 2691 564 2724 Socratem
587 2692 718 2722 mutata

58 2735 330 2776 constructione,
355 2747 455 2780 quum
490 2729 556 2778 αρ’
582 2730 629 2768 ου’
656 2745 716 2776 με·

55 2778 289 2825 γαλοπρεπής
306 2781 370 2816 καὶ
389 2781 564 2825 γενναιας
588 2780 717 2814 addere

58 2825 252 2870 debuisset,
287 2839 362 2862 cum
386 2827 628 2862 exclamatione
658 2825 716 2880 illa

377 1533 416 1566 Id
421 1545 471 1574 5:111
494 1533 720 1568 Schleierma-
772 1557 777 1562 -

790 563 842 606 (ὃς
872 569 1159 613 μεγαλοπρεπῶς
1202 573 1267 604 etc
1314 571 1453 605 subiun-

788 613 880 647 xisse
904 621 1040 648 censet:
1072 617 1136 649 wie
1155 617 1305 650 erhaben
1325 619 1454 652 schrei-

787 664 838 693 tct
881 672 919 693 er
970 662 1052 694 u‘ber
1097 663 1184 696 alles
1239 663 1330 696 diess
1374 665 1454 697 hin-

786 717 866 759 ueg
888 726 954 739 ——.
980 718 1044 740 non
1069 708 1177 750 male,
1201 709 1231 742 si
1255 709 1453 744 Adimantus

785 749 886 786 πάνυ
923 763 962 796 γε
996 754 1174 796 γενναίως
1217 755 1453 809 responderet,

785 804 821 831 et
845 798 1027 833 mutandae
1052 801 1312 836 constructionis
1331 813 1453 836 caussa

782 843 967 878 videretur.

831 909 1064 969 ὁπωστιοῦν]
1092 911 1194 955 ὅπως
1212 928 1247 949 τι
1266 909 1335 950 ούν
1345 916 1446 951 Vind.
1475 915 1512 957 Β

783 958 822 991 F.
841 971 921 993 am.
940 971 990 1004 pr.
1018 956 1231 996 ὅπωστίοῦν
1254 962 1355 998 Vind.
1377 963 1421 997 Ε.

830 1017 1089 1061 σμικρολογία]
1125 1030 1221 1063 μικρ.
1244 1019 1332 1054 Lob.

832 1070 971 1118 αὐτῆς]
1006 1075 1047 1108 In
1071 1075 1170 1110 Vind.
1201 1078 1240 1110 B.
1277 1088 1308 1111 o'
1346 1075 1456 1124 super*

783 1119 808 1162 ῆ
843 1121 1007 1164 scriptum
1040 1126 1103 1155 est.
1152 1123 1270 1164 „Post
1303 1133 1449 1168 σμικρο·

785 1166 889 1221 λογία
912 1167 1060 1201 libenter
1085 1161 1135 1202 αύ
1159 1167 1215 1208 τὶς
1243 1170 1382 1203 fecerim
1406 1183 1449 1204 ex

784 1209 914 1256 αυτῆς.
974 1214 1085 1247 Huius
1118 1220 1230 1248 autem
1264 1215 1332 1249 loci
1369 1228 1449 1251 sen-

783 1269 855 1291 sum
891 1257 1025 1292 minime
1068 1260 1201 1294 videtur
1244 1267 1449 1306 assequutus

782 1304 936 1337 Ficinus:
981 1305 1037 1349 qui
1072 1308 1197 1349 vertit,
1232 1307 1449 1352 Indulgentia¹

780 1369 823 1374 -
856 1350 1153 1385 constituebamus.
1212 1354 1290 1397 Ego
1335 1360 1449 1389 autem

779 1395 965 1440 significmi
999 1398 1181 1440 existimo,
1219 1400 1321 1440 Quod
1368 1401 1447 1435 talis

780 1442 880 1475 venia
905 1445 997 1477 ete.“
1031 1445 1090 1486 (v.
1117 1445 1160 1478 ad
1189 1444 1381 1492 συγγνώμη
1407 1448 1446 1481 A.

777 1489 928 1532 notata.)
953 1489 1073 1534 Steph.
1099 1497 1214 1526 annot.
1240 1504 1274 1537 p.
1296 1493 1353 1527 26.

825 1555 1026 1604 ᾠκίζομεν]
1062 1558 1247 1603 οἰκίζομεν
1271 1560 1371 1595 Vind.
1401 1561 1443 1597 F.

775 1592 862 1647 Ang.
894 1605 931 1637 B.
943 1605 1059 1684 E.Flor
1091 1605 1136 1639 R.
1183 1626 1229 1631 —
1276 1606 1315 1640 L.
1361 1607 1443 1642 IIII.

775 1661 811 1694 p.
836 1650 916 1685 424.
943 1652 987 1685 Ε.
1012 1663 1065 1696 s.q

822 1716 899 1762 μή]
936 1719 975 1753 Id
1010 1720 1103 1754 Mon.
1136 1720 1176 1753 B.
1209 1719 1245 1754 in
1275 1724 1373 1756 textu
1409 1726 1446 1756 et

778 1776 798 1798 a
821 1777 863 1798 m.
889 1777 963 1809 pr.‚
996 1766 1057 1799 sed
1084 1765 1120 1799 in
1152 1778 1193 1800 m.
1225 1771 1262 1800 et
1296 1779 1316 1802 a
1348 1780 1391 1802 m.
1416 1780 1445 1802 s.

776 1811 841 1844 καί
863 1812 977 1846 habet.

825 1876 925 1924 ἔχοι]
961 1877 1032 1924 ἔχει
1056 1880 1147 1915 Flor.
1171 1881 1245 1916 Ac.
1279 1885 1334 1924 et,
1367 1893 1443 1928 sup.

779 1936 838 1967 οι,
872 1926 971 1960 Vind.
996 1927 1040 1962 F.

821 1981 1087 2038 καταπατήσασ
1096 1981 1131 2028 ']
1164 1984 1219 2018 Ita
1241 1984 1335 2019 Mon.
1360 1985 1398 2018 B.
1421 1997 1442 2019 a

775 2041 820 2064 m.
845 2041 872 2063 5.
896 2030 1045 2063 Astius
1036 2042 1069 2064 ιιι
1093 2041 1162 2064 sec.
1189 2035 1225 2063 et
1247 2036 1327 2064 tert.
1347 2031 1441 2065 Bek—

776 2075 880 2109 kerus
913 2079 948 2109 et
984 2076 1237 2110 Stallbaumius.
1274 2088 1440 2110 καταπα-

775 2119 941 2177 τήσαντα
966 2122 1044 2156 Par.
1069 2121 1113 2155 Κ.
1148 2134 1215 2156 sec.
1242 2123 1351 2157 Bekk.
1375 2135 1441 2156 κα-

776 2165 1016 2212 ταπατήσας,
1031 2180 1126 2223 sup.
1154 2180 1178 2201 cc
1203 2174 1280 2213 post
1303 2181 1334 2212 ς,
1360 2169 1438 2203 Vat.

777 2215 817 2247 B.
844 2212 1110 2258 καταπατήσας
1133 2215 1227 2249 Μοιι.
1240 2215 1280 2248 Β.
1294 2227 1314 2248 a
1332 2226 1374 2248 m.
1385 2227 1439 2260 pr.

778 2266 813 2293 et
854 2261 977 2305 reliqui
1021 2260 1157 2295 codices
1208 2261 1444 2306 editionesque

778 2310 856 2340 ante
879 2306 966 2340 Astii
989 2319 1058 2342 sec.

823 2360 975 2398 ἅπαντα
996 2364 1141 2408 ταῦτα]
1167 2359 1265 2397 αὐτὰ
1292 2360 1444 2398 ἅπαντα

776 2411 855 2444 Par.
882 2412 922 2444 A.
948 2411 1006 2444 cui
1041 2411 1068 2443 si
1104 2421 1188 2443 unus
1218 2414 1254 2443 et
1276 2410 1365 2444 alter
1388 2421 1445 2444 as-

776 2457 942 2490 seclarum
974 2457 1174 2495 accederet,
1205 2455 1292 2490 fides
1324 2456 1444 2491 haberi

776 2506 923 2547 poterat.
956 2502 1079 2536 ταῦτα
1111 2498 1238 2535 πάντα
1273 2502 1373 2538 Vind.
1398 2503 1443 2537 F.

776 2551 862 2592 Ang.
890 2549 932 2583 Β.

823 2591 959 2637 οὐδὲν]
1005 2590 1094 2627 οὐδὲ
1127 2593 1249 2638 Steph.
1280 2594 1356 2629 Ast.
1390 2606 1442 2639 pr.

775 2641 966 2675 tacentibus
990 2639 1033 2672 de
1057 2639 1136 2673 Par.
1161 2639 1206 2673 K.
1238 2640 1444 2685 Bipontinis,

774 2699 872 2732 quem
896 2686 1075 2719 Bekkerus
1110 2685 1186 2730 ipse
1221 2686 1264 2720 de
1294 2687 1374 2720 Par.
1402 2688 1441 2720 A.

773 2739 892 2767 tacens
933 2743 1000 2765 una
1043 2742 1118 2764 cum
1163 2733 1290 2766 cete1is
1328 2729 1443 2766 οὐδὲν

773 2780 901 2813 habere
955 2780 1112 2811 testatur.
1172 2775 1261 2812 οὐδὲ
1321 2789 1441 2823 parum

773 2828 891 2870 aptum
915 2834 991 2859 esse
1014 2827 1171 2869 apparet.
