1764 3176
457 176 793 222 CIVITAS
837 177 959 221 LIB.
989 178 1047 221 X.
1075 185 1143 219 616

1431 183 1516 224 279

129 283 265 346 ἦγον,
302 286 383 331 τόν
423 285 470 330 δὲ
502 285 727 341 Ἀρδιαῖον
761 287 837 332 καὶ
868 287 1028 340 ἄλλους
1059 291 1404 345 συμποδίσαντες
1433 295 1515 346 χεῖ-

129 357 211 412 ράς
238 371 283 400 τε
311 355 386 400 καὶ
413 354 552 406 πόδας
583 355 660 398 καὶ
687 355 899 411 κεφαλήν,
930 356 1251 412 καταβαλόντες
1278 359 1354 402 καὶ
1382 358 1516 403 ἐκδεί-
1538 363 1606 397 616

129 439 308 480 ραντες,
349 420 497 467 εἷλκον
539 422 662 476 παρὰ
697 422 776 478 τὴν
818 420 926 467 ὁδὸν
965 424 1089 476 ἐκτὸς
1135 424 1202 469 ἐπ’
1245 425 1517 470 ἀσπαλάθων

127 491 426 547 κνάμπτοντες
469 491 544 538 καὶ
595 495 688 542 τοῖς
735 489 801 535 ἀεὶ
841 497 1054 546 παριοῦσι
1097 495 1404 549 σημαίνοντες,
1454 490 1517 539 οἷν

127 558 255 607 ἕνεκά
291 575 336 604 τε
375 562 514 603 ταῦτα
552 556 817 614 ὑπομένοιεν
856 561 931 606 καὶ
968 559 1036 604 ὅτι
1075 562 1134 612 εἰς
1171 562 1251 605 τόν
1285 563 1517 619 Τάρταρον

126 626 450 684 ἐμπεσούμενοι
490 628 685 684 ἄγοιντο.

126 776 261 811 Theod.
285 776 409 812 Stallb.
433 777 792 821 παρασυμφοδίσαν-

127 829 187 863 τές
209 823 354 857 Eusebii
380 823 451 858 cod.
476 824 570 858 Ioan.

59 894 128 928 616
173 888 471 937 καταβαλόντες]
499 889 794 938 καταβάλλοντες

129 938 318 971 Clementis
337 938 411 972 cod.
436 938 599 972 ottobon.

172 1003 277 1050 παρὰ
310 1004 379 1050 τὴν
419 1002 534 1051 ὁδὸν]
570 1019 665 1040 secus
697 1008 792 1040 viam

127 1054 304 1098 quamiam
328 1053 400 1086 Fic.
434 1053 502 1086 Est
524 1065 566 1087 ea
587 1053 655 1095 via,
674 1064 740 1097 qua
758 1057 794 1086 et

125 1098 192 1145 ipsi
226 1098 370 1133 malefici
402 1104 568 1135 venerant
602 1104 637 1135 et
669 1099 793 1144 reliqui

125 1156 259 1179 suisum
283 1145 482 1179 tendebant.

173 1209 237 1247 ἐπ’
263 1210 510 1266 ἀσπαλάθων]
536 1211 670 1248 ἕπασπ.
691 1213 791 1248 Vind.

126 1259 168 1293 F.
218 1255 279 1292 ἐπὶ
327 1257 535 1293 σπαλιὶθων
581 1260 794 1295 Theodoreti

127 1306 336 1350 exemplaria
359 1306 527 1340 nonnulla.

171 1371 445 1421 κνάμπτοντες]
457 1372 712 1418 γνάμπτοντες
733 1373 793 1409 Iu

125 1420 256 1461 stinus,
289 1418 464 1475 Stephano
505 1431 640 1465 quoque
675 1419 710 1452 in
746 1430 790 1452 m.

124 1469 276 1500 notante.
301 1463 532 1508 κάμπτοντες
547 1467 634 1509 Aug.
650 1466 689 1498 Β.
711 1465 790 1499 Par.

124 1512 202 1546 DK.
232 1523 302 1546 sec.
327 1512 437 1546 Bekk.
473 1510 693 1556 (κάμτοντες
721 1523 791 1545 sec.

123 1558 222 1604 Bip.)
248 1558 392 1593 Eusebii
415 1558 601 1592 cod.10an
620 1562 656 1591 et
675 1557 793 1591 Theo-

124 1604 236 1638 doreti
259 1603 393 1638 codices
417 1604 577 1638 nonnulli.
605 1601 792 1637 κνάπτον-

125 1661 185 1689 τες
208 1650 310 1685 Vind.
327 1650 399 1684 ΒΕ.
425 1651 518 1685 Mon.
545 1651 585 1685 B.
613 1650 686 1692 (hic
703 1647 791 1683 κνά-

125 1707 302 1735 πτονταις
326 1707 347 1729 a
370 1708 414 1730 m.
438 1697 509 1741 pr.)
536 1697 615 1729 Vat.
630 1696 672 1728 H.
697 1696 790 1729 Flor.

126 1743 204 1776 UV.
248 1742 354 1776 Clem.
407 1742 520 1786 (cuius
560 1745 674 1776 tamen
716 1741 790 1774 cod.

125 1788 234 1822 Paris.
261 1788 402 1821 Pottero
434 1786 661 1830 κνάμπτοντες
690 1798 793 1830 „cum

124 1835 295 1868 Platone“
317 1834 480 1867 exhibere
501 1833 659 1877 dicitur.)
707 1834 792 1866 Pro-

126 1882 200 1916 clus
233 1880 269 1913 in
294 1880 371 1913 Civ.
397 1880 419 1913 1.
453 1891 558 1924 supra
582 1879 625 1913 ad
649 1891 684 1924 p.
709 1880 789 1914 615.

126 1927 171 1961 E.
196 1937 229 1960 n.
255 1928 288 1961 2.
314 1926 373 1960 cit.
397 1926 471 1959 Ast.
499 1937 567 1958 sec.
593 1928 673 1958 tert.
698 1926 792 1958 Bek-

125 1973 231 2007 kerus
255 1978 291 2006 et
312 1971 576 2013 Stallbaumius3
601 1983 702 2016 quam
720 1972 792 2004 sor-

126 2029 216 2053 marl
247 2018 457 2052 usitatiorem
497 2029 574 2051 esse
614 2017 791 2051 fatendum

125 2069 191 2099 est.
237 2065 311 2100 Sed
333 2063 486 2097 codicum
518 2063 705 2097 auctoiitas
729 2063 793 2097 du-

126 2111 324 2148 bitationem
347 2110 464 2152 inficit,
489 2121 545 2151 an,
575 2110 793 2166 quemadmo-

125 2158 205 2190 ‹lum
228 2154 376 2202 λάμβδα
410 2160 445 2189 et
475 2135 617 2201 λάβδα,
651 2153 791 2199 ἐγχρίμ-

126 2214 207 2236 πτω
244 2207 280 2236 et
323 2200 500 2246 ἐγχρίπτω
540 2202 601 2245 (de
641 2214 708 2246 quo
746 2203 790 2235 cf.

126 2248 283 2292 exempla.
324 2260 345 2282 a
376 2248 578 2281 Ruhnkenio
623 2249 666 2282 ad
700 2247 791 2282 Tim.

127 2306 162 2339 p.
186 2295 260 2329 105.
297 2294 400 2328 allata
426 2297 462 2327 et
487 2293 649 2337 Origenis
673 2299 793 2327 eontra

126 2340 221 2374 Cels.
248 2339 290 2374 L.
317 2340 356 2374 V.
388 2351 423 2384 p.
442 2339 522 2375 234.
549 2345 586 2372 et
606 2341 706 2384 236.)
730 2352 791 2395 pa-

127 2386 213 2420 riter
235 2386 271 2419 in
295 2398 358 2420 usu
383 2387 533 2426 fuerunt,
553 2385 603 2419 ita
619 2390 655 2419 et
679 2384 792 2429 κνάμ-

127 2444 206 2466 πτω
241 2437 275 2466 et
299 2428 451 2465 κνάπτω
477 2412 594 2466 eadem
619 2431 793 2466 lacerandi

127 2483 165 2512 et
191 2478 414 2532 discerpendi
450 2477 699 2531 significatione
741 2478 793 2511 di-

126 2523 252 2558 xerint.
308 2523 370 2557 Sin
404 2529 519 2557 autem
545 2521 748 2566 κνάμπτειν
773 2535 793 2558 a

127 2568 327 2624 γνάμπτειν
362 2581 427 2603 non
456 2570 555 2604 aliter
595 2570 793 2609 dmm-‚ebat

129 2627 230 2661 quam
253 2613 430 2651 κνάπτειν
454 2628 473 2649 a
489 2613 679 2659 γνάπτειν,
704 2616 793 2650 haud

129 2662 232 2696 dubie
253 2659 481 2701 κνάπτοντες
504 2662 681 2706 legendum
707 2667 771 2696 est.

177 2727 250 2774 oizi]
277 2742 342 2764 om.
368 2730 444 2763 Fic
479 2734 514 2764 et
545 2730 631 2763 Iust.
657 2730 701 2764 de
725 2742 793 2776 quo

130 2778 325 2823 Stephanus
348 2788 483 2823 quoque
508 2776 541 2809 in
565 2788 608 2810 m.
632 2778 773 2810 monuit.

177 2845 367 2889 παριοῦσι]
392 2845 557 2888 παροῦσι
581 2845 667 2879 Lob.
694 2845 794 2879 Vind.

748 626 857 676 ἔνθα
893 628 947 686 δὴ
978 627 1156 686 φόβων,
1201 630 1308 687 ἔφη,
1341 635 1517 676 πολλῶν

849 777 893 812 F.
919 778 1005 820 Ang.
1031 777 1072 811 B.
1098 778 1190 812 Flor.
1217 779 1260 813 R.
1286 779 1370 813 Iust.
1396 791 1437 813 ex
1459 792 1516 814 eo-

850 835 917 869 que
940 834 1058 867 margo
1079 824 1201 869 steph.

896 894 949 937 τε]
974 905 1039 927 om.
1064 894 1144 927 Vat.
1169 893 1218 926 M.

896 962 1019 995 ταῦτα
1052 957 1298 1005 ὖπομένοιεν]
1325 973 1390 995 om.
1417 961 1516 995 Vind.

848 1008 956 1041 BEF.
992 1008 1085 1041 Mon.
1120 1008 1158 1043 Β.
1202 1008 1282 1042 Vat.
1316 1007 1390 1041 BH.
1438 1008 1516 1042 Par.

849 1055 925 1087 DK.
939 1056 1025 1097 Ang.
1038 1054 1077 1086 B.
1097 1054 1170 1087 Pal.
1181 1056 1221 1088 A.
1233 1054 1328 1087 Flor.
1342 1053 1514 1087 ACRUV.

849 1101 934 1134 Iust.
961 1104 995 1133 et
1020 1112 1040 1133 a
1064 1111 1106 1133 m.
1131 1111 1185 1144 pr.
1209 1101 1294 1135 Ven.
1320 1100 1363 1136 B.

898 1165 957 1203 ὅτι
985 1167 1058 1212 εἰς]
1082 1166 1134 1206 εἰς
1161 1163 1204 1209 ὅ,
1230 1180 1266 1201 τι
1297 1168 1376 1202 Par.
1398 1168 1437 1201 A.
1465 1167 1517 1207 εἰς

851 1227 910 1249 οτι
942 1215 1042 1251 Vind.
1078 1213 1153 1247 ΒΕ.
1189 1213 1261 1247 Pal.
1287 1214 1327 1248 A.
1362 1214 1442 1247 vat.
1468 1214 1514 1247 H.

849 1261 943 1294 Flor.
967 1261 1073 1294 ACV.
1108 1255 1160 1304 (ὅ,
1188 1271 1235 1301 τι,
1266 1260 1357 1305 quod
1382 1260 1517 1293 Bekke-

849 1317 908 1340 rus
956 1306 1108 1339 omnibus
1146 1311 1294 1351 quatuor
1345 1305 1518 1339 codicibus

849 1352 984 1393 tribuit,
1009 1352 1044 1385 in
1067 1363 1133 1385 uno
1158 1352 1268 1396 primo
1294 1352 1343 1385 sic
1362 1363 1438 1386 cum
1457 1352 1518 1394 hy-

849 1398 1041 1453 podiastole
1067 1397 1229 1442 scriptum
1251 1398 1402 1431 videtur.
1425 1401 1518 1431 certe

848 1446 881 1478 in
918 1445 1015 1478 Vind.
1048 1444 1086 1477 Β.
1123 1455 1223 1488 quem
1257 1444 1372 1488 posuit
1398 1454 1517 1478 secun-

849 1491 949 1531 dum,
988 1486 1047 1524 ὅτι
1074 1490 1228 1534 legitur.)
1276 1490 1429 1523 Alterum
1455 1490 1518 1523 hoc

849 1536 1000 1582 perversi
1033 1537 1067 1570 in
1100 1536 1229 1581 optimo
1255 1535 1371 1570 codice
1393 1537 1518 1570 verbo-

848 1594 924 1616 rum
951 1582 1077 1616 ordinis
1111 1582 1299 1626 exemplum
1328 1587 1391 1616 est.
1439 1582 1518 1615 Pri-

849 1640 937 1664 mum
960 1641 992 1662 v.
1021 1640 1126 1674 supra
1151 1640 1185 1673 p.
1214 1628 1293 1671 144,
1317 1629 1352 1662 b.

898 1694 1108 1741 Τάρταρον]
1134 1693 1324 1740 τάρταρον
1347 1696 1460 1741 vulgo.

849 1762 1184 1845 Fls’pmripov'pevm]
1241 1761 1516 1809 ἐμπεσούμενον

892 1822 942 1845 or.
997 1838 1006 1846 .

896 1874 1085 1924 ἅγοιντο.]
1122 1875 1296 1923 ἄγοιντο,
1322 1879 1514 1923 Bekkerus,

847 1925 964 1967 Astius
986 1926 1022 1959 in
1044 1930 1124 1960 tert.
1151 1932 1187 1960 et
1211 1925 1467 1960 Stallbaumius.

894 1991 1042 2038 φόβων]
1069 1995 1217 2029 πολλῶν
1240 1994 1340 2030 Vind.
1365 1994 1409 2028 Ε.

896 2060 982 2108 ἔφη]
1008 2075 1073 2097 om.
1099 2064 1176 2098 Fic.
1213 2062 1438 2097 Commatain
1459 2074 1515 2096 re-

849 2110 1056 2143 centioribus
1091 2110 1327 2155 Stephaniana
1358 2109 1515 2142 editioni·

849 2157 913 2189 bus
937 2156 1031 2190 circa
1056 2154 1128 2200 ἔφη
1159 2157 1272 2209 posita
1294 2155 1409 2196 tenui,
1435 2155 1516 2200 quia

850 2202 968 2235 eadem
1022 2208 1140 2236 rectae
1186 2201 1352 2236 orationis
1396 2202 1515 2242 forma,

850 2259 919 2291 qua
955 2248 1135 2292 superiora
1168 2245 1338 2282 ἐνταῦθα
1367 2245 1412 2291 δὴ
1450 2244 1513 2280 άν-

850 2294 934 2337 δρες
963 2300 1030 2327 etc.
1070 2294 1208 2337 retulit,
1252 2295 1338 2327 hanc
1380 2305 1516 2338 quoque

850 2345 1036 2374 extremam
1069 2352 1207 2381 eor‚um
1244 2351 1332 2384 quae
1366 2339 1515 2372 interro-

849 2390 951 2430 gatus
973 2386 1031 2419 ille
1055 2386 1200 2427 dixerat,
1229 2389 1362 2431 partem
1385 2385 1515 2419 relatu-

848 2443 908 2465 rus
942 2432 1050 2466 fuisse
1075 2432 1126 2467 Er
1150 2412 1294 2466 videtur.
1344 2431 1432 2465 Nam
1459 2429 1512 2466 ,ζ’-ν

848 2479 906 2511 θα
931 2475 976 2522 δὴ
1002 2478 1090 2511 haud
1115 2478 1217 2513 dubie
1241 2490 1306 2511 non
1331 2477 1424 2518 Eris,
1449 2477 1515 2512 sed

849 2524 1055 2568 interiogati
1080 2530 1141 2558 est.
1191 2524 1293 2564 Quod
1320 2529 1433 2558 autem
1451 2535 1515 2568 po·-

850 2576 927 2604 stea
965 2570 1068 2624 σφίσι
1101 2570 1239 2616 τοῦτον
1270 2566 1514 2625 νπερβάλλειν

851 2621 932 2658 etc„
957 2628 1023 2650 non
1045 2613 1134 2659 ’ἡμῖν
1159 2616 1271 2656 οὗτος
1290 2613 1514 2661 υπερέβαλλε

851 2662 951 2703 dicit,
974 2663 1152 2696 transitum
1176 2664 1219 2697 ad
1243 2663 1415 2707 obliquam
1438 2673 1514 2695 ora-

851 2709 975 2742 tionem
1000 2708 1089 2742 haud
1104 2709 1302 2743 inusitatum
1321 2709 1426 2743 habet
1444 2709 1516 2740 sor-

851 2766 1007 2799 mamque
1030 2754 1168 2789 similem
1192 2755 1243 2796 ei,
1265 2767 1332 2800 qua
1356 2755 1516 2787 Socrates

851 2800 973 2834 deinde
984 2801 1064 2834 Eris
1083 2812 1269 2835 sermonem
1286 2802 1418 2834 referre
1436 2811 1515 2845 per-

852 2846 923 2890 git:
948 2845 1011 2881 καὶ
1031 2845 1100 2887 τὰς
1115 2845 1181 2890 μὲν
1202 2845 1248 2890 δὴ
1272 2847 1378 2885 δίκας
1395 2850 1461 2880 etc.
