1764 3176
683 139 774 188 Pag.
806 140 997 179 68—-91,
1542 135 1597 175 69

92 251 184 301 Pag.
212 253 280 302 89,
311 252 348 301 b,
371 254 394 293 2
425 252 566 288 addas:
598 247 798 297 Συνεστός
826 251 861 286 in
888 250 1012 287 Dione
1042 250 1174 286 Cassio
1203 250 1272 286 iam
1305 249 1349 286 R.
1379 249 1596 298 Stephanus

368 309 487 345 edidit
515 307 561 344 L.
589 306 815 347 XXXVIIII.
847 320 882 355 p.
914 307 1056 356 59,15.
1095 319 1165 342 nec
1195 306 1301 342 aliter
1329 305 1526 341 Bekkerus
1556 319 1593 353 p.

370 366 463 412 188,
477 363 514 404 4.
545 363 596 414 (ο,
626 365 663 404 5.
688 362 722 416 ξ.
745 363 803 413 2.)
835 363 1008 400 Ceterum
1032 363 1077 400 cf.
1100 361 1268 400 Lobeck.
1289 361 1434 400 Pathol.
1461 361 1544 398 Vol.
1568 361 1593 398 I.

368 434 405 470 p.
434 421 528 462 223.

367 478 420 518 26
450 482 537 527 post
568 472 650 527 αἐὶ)
681 477 845 514 inseras:
885 489 964 514 cum
996 492 1008 515 ι
1041 477 1136 513 inter
1166 471 1191 514 α’
1223 480 1260 513 et
1292 490 1308 514 ε
1338 476 1590 526 superscripto

364 533 449 570 Par.
485 534 526 571 A.
558 532 633 570 Dii.

93 588 183 638 Pag.
213 591 280 639 91,
306 588 341 636 b,
367 589 419 628 10
451 589 588 626 addas:
631 589 864 638 Quamquam
906 585 1106 639 κηφήνων
1145 581 1296 639 βοτάνη
1339 588 1452 624 dictio
1493 588 1590 623 eius-

365 645 465 682 modi
498 649 575 690 est,
616 651 654 682 ut
685 650 723 682 et
754 647 834 696 ipsa
865 659 906 682 ex
936 658 1108 682 sermone
1137 645 1280 693 vulgari
1314 644 1473 694 repetita
1507 657 1590 680 esse

361 702 549 746 videatur3
590 702 651 751 qui
688 702 720 738 si
762 703 858 738 bona
898 701 1051 738 aliorum
1083 701 1210 738 labore
1241 705 1349 750 parta
1377 701 1521 749 ignavis
1554 705 1592 737 et

361 758 491 795 falcem
530 758 564 794 in
603 759 763 794 alienam
792 772 951 795 messem
983 758 1266 794 immittentibus
1293 758 1338 793 ad
1367 769 1589 792 consumen—

361 816 446 851 dum
483 815 680 864 proposita
714 814 783 851 hac
815 814 1065 865 appellatione
1103 813 1362 862 significabat,
1399 813 1590 862 aptissime

361 871 538 908 Socrates
574 884 655 907 eam
684 871 730 907 ad
763 871 853 919 hos,
889 884 982 920 quos
1021 872 1101 920 ipse
1140 870 1247 906 fucos
1278 870 1444 916 dixerat,
1476 874 1512 905 et
1542 871 1588 906 ad

360 928 496 964 divites
530 926 614 963 illos
649 927 813 966 adhibet.
871 927 1067 964 Posterior
1104 931 1210 963 aetas
1240 925 1285 962 ab
1316 927 1461 963 actione
1493 925 1589 961 civili

361 988 407 1020 ad
439 983 561 1028 studia
592 984 794 1020 litterarum
819 984 1010 1021 'translato
1042 982 1223 1020 vocabulo
1255 995 1333 1027 eos,
1367 982 1427 1031 qni
1456 981 1501 1018 ab
1535 983 1590 1018 in-

359 1040 469 1088 genio
502 1044 538 1076 et
567 1039 613 1076 ab
644 1045 724 1076 arte
756 1041 924 1077 destituti
953 1044 1106 1077 strenue
1144 1039 1277 1076 litteris
1312 1050 1468 1088 operam
1499 1039 1589 1075 dare

357 1108 425 1132 nec
451 1100 608 1145 possent
638 1109 707 1133 nec
738 1096 875 1133 vellent
907 1102 943 1132 et
976 1102 1101 1134 tamen
1129 1095 1286 1133 lectione
1316 1094 1373 1131 vel
1400 1094 1588 1131 auditione

358 1151 537 1189 delectari
570 1153 797 1202 scriptisque
828 1153 886 1189 vel
913 1152 1197 1190 recitationibus
1220 1151 1368 1202 placere
1392 1156 1587 1202 cnperent‚

358 1214 517 1260 propter
554 1222 681 1246 eorum
721 1208 934 1246 futilitatem
972 1214 1009 1246 et
1037 1210 1227 1246 levitatem
1256 1221 1277 1244 a
1307 1208 1435 1245 labore
1465 1212 1501 1244 et
1530 1209 1586 1244 in-

356 1266 499 1302 dustria
534 1265 796 1302 abhorrentem
835 1271 871 1302 et
911 1265 1000 1301 nihil
1040 1266 1108 1302 nisi
1152 1265 1302 1302 delicias
1341 1268 1586 1313 aucupantem

355 1321 545 1372 κηφῆνας
580 1322 757 1369 vocabat,
789 1326 825 1359 et
854 1321 984 1358 horum
1013 1334 1163 1372 quoque
1188 1317 1387 1372 κηφήνων
1409 1317 1587 1371 βοτάνην

353 1379 564 1428 quandam,
605 1379 790 1415 diversam
831 1378 972 1415 scilicet
1012 1392 1033 1414 a
1072 1378 1290 1423 Socratica,
1335 1377 1402 1414 sed
1440 1377 1526 1414 item
1565 1390 1586 1413 a

354 1434 522 1483 vulgari,
553 1435 621 1470 nisi
654 1435 781 1481 fallor,
819 1448 991 1472 sermone
1021 1437 1142 1484 petita
1172 1434 1336 1471 dictione
1364 1433 1585 1470 Plutarchus

351 1495 616 1527 commemorat
645 1490 741 1527 Mor.
774 1505 809 1540 p.
836 1490 901 1530 41.
927 1504 985 1540 sq.
1013 1491 1070 1527 ubi
1104 1503 1231 1527 verum
1260 1491 1450 1527 instruens
1479 1491 1586 1527 audi-

354 1552 473 1584 torem
522 1560 612 1597 apes
656 1548 792 1583 imitari
841 1547 943 1584 iubet
991 1560 1066 1584 non
1107 1546 1376 1597 pulcherrimos
1414 1559 1585 1595 quosque

352 1605 484 1652 flores,
530 1604 597 1640 sed
642 1603 839 1640 utilitatem
885 1608 922 1640 et
967 1604 1037 1640 mel
1083 1604 1324 1653 praebituros
1375 1607 1583 1640 sectantes:

352 1654 455 1698 ου’τω
480 1657 529 1709 δὴ
562 1660 624 1698 δεῖ
648 1657 718 1699 τὸν
749 1657 983 1710 φιλότεχνον
1010 1658 1078 1698 καὶ
1104 1657 1290 1712 καθαρόν
1311 1656 1512 1710 οἷκοοατην
1537 1657 1584 1697 τὰ

352 1714 424 1766 μὲν
455 1711 618 1766 ἄνθηρᾶ
648 1715 715 1754 καὶ
735 1731 914 1769 τρυφερα
937 1719 1014 1755 τῶν
1036 1711 1250 1767 ὅνομοῖτων
1276 1715 1343 1755 καὶ
1363 1732 1443 1755 των
1463 1731 1585 1767 πραγ-

352 1769 491 1823 μα’των
531 1788 577 1811 τα
613 1771 833 1824 δοαματικα
874 1772 941 1812 καὶ
964 1788 1230 1838 πανηγυρικα
1270 1788 1469 1839 κηφηνων
1516 1773 1584 1823 βο-

348 1826 475 1880 τάνην
521 1842 824 1879 σοφιστιωντων
872 1825 1100 1882 ηγούμενον
1146 1829 1238 1884 ε’ᾷν,
1287 1825 1411 1868 αὐτὸν
1451 1827 1492 1868 δὲ
1532 1829 1585 1882 τῆ

351 1888 530 1939 προσοχῇ
568 1882 862 1937 καταδυόμενον
900 1887 955 1933 εἰς
992 1883 1058 1926 τὸν
1099 1888 1201 1926 νοῦν
1240 1888 1311 1925 τοῦ
1351 1883 1472 1938 λόγου
1515 1884 1583 1924 καὶ

351 1958 424 1994 την
455 1940 644 1982 διάθεσιν
673 1945 745 1982 τοῦ
783 1943 965 1995 λέγοντος
996 1942 1121 1982 ἕλκειν
1152 1938 1226 1981 ἀπ’
1257 1937 1381 1993 αυτῆς
1410 1940 1453 1981 τό
1486 1939 1582 1993 χρή-

351 2013 469 2049 σιμοι
494 1998 558 2037 καὶ
589 1995 814 2071 ω’φέλιμονξ
846 1998 1118 2067 μεμνημένον,
1149 2015 1203 2046 ως
1230 1995 1304 2038 οὐκ
1334 1999 1389 2046 εἰς
1410 1998 1581 2048 θέατρον

349 2052 445 2095 ου’δὲ
471 2050 636 2109 ᾦδεῐον,
672 2052 756 2095 ἀλλ’
776 2057 830 2103 εἰς
852 2054 996 2106 σχολην
1014 2055 1082 2094 καὶ
1111 2056 1387 2094 διδασκαλεῖον
1415 2051 1581 2104 οἷφῖκται

349 2115 404 2166 τῷ
442 2111 547 2165 λόγῳ
586 2110 656 2152 τὸν
695 2113 785 2164 βίον
820 2109 1218 2162 ἐπανορθωσόμενος.
1279 2112 1359 2148 Hoc
1393 2112 1581 2148 Plutarchi

347 2169 432 2205 loco
461 2169 509 2206 ad
542 2169 796 2219 explicandum
826 2169 946 2206 Iocum
976 2168 1214 2205 Dioscoridis
1246 2169 1281 2204 in
1313 2169 1581 2217 epigrammate

349 2225 396 2263 ab
428 2225 622 2262 Athenaeo
653 2224 699 2264 L.
730 2226 795 2263 VI.
822 2240 859 2275 p.
891 2224 984 2265 241.
1017 2238 1074 2273 sq.
1104 2224 1222 2261 relato
1251 2225 1305 2261 usi
1334 2224 1580 2261 Casanbonus

349 2286 386 2319 et
413 2280 606 2318 Iacobsins
636 2281 836 2322 Animadv,
868 2282 903 2317 in
938 2281 1056 2331 epigr.
1088 2280 1236 2318 Anthol.
1257 2281 1341 2320 Vol.
1365 2281 1395 2317 Ι.
1418 2280 1508 2318 Part
1534 2281 1579 2318 II.

349 2352 386 2388 p.
417 2337 512 2377 400.
542 2350 600 2386 sq.
640 2338 830 2389 κηφῆνας
867 2337 1103 2387 interpretati
1147 2340 1233 2373 sunt
1262 2337 1494 2386 plagiarios,
1533 2338 1580 2375 de

350 2393 484 2442 quibus
513 2392 731 2430 Plutarchus
763 2396 822 2431 vix
850 2395 972 2444 potuit
992 2393 1161 2441 cogitare
1185 2406 1305 2442 neque
1330 2406 1394 2429 cur
1416 2393 1579 2430 Diosco-

348 2450 465 2486 ridem
494 2450 684 2498 cogitasse
715 2455 941 2496 statuamus,
972 2450 1064 2486 satis
1096 2461 1252 2486 caussae
1286 2449 1443 2489 videtur.
1504 2451 1577 2494 Qui

347 2510 548 2556 postquam
573 2504 771 2544 Machonis
799 2507 928 2544 comici
960 2507 1094 2555 poetae
1127 2505 1273 2542 ossibus
1303 2506 1476 2543 iniectam
1499 2511 1576 2542 ter-

350 2574 429 2598 ram
459 2562 490 2597 ei
517 2561 634 2598 levem
668 2575 752 2600 esse
779 2568 816 2600 et
845 2563 963 2598 vivam
985 2562 1083 2598 ferre
1107 2561 1283 2598 hederam
1302 2562 1426 2608 iussit,
1456 2562 1575 2598 altero

350 2617 507 2654 disticho
547 2619 728 2655 iussorum
767 2619 948 2655 rationem
983 2618 1107 2654 reddit
1139 2617 1250 2655 hanc:
1285 2613 1344 2658 Ου’
1373 2615 1446 2686 γάρ
1479 2617 1576 2668 ε’χεις

350 2673 516 2724 κηφῆνα
553 2674 849 2724 παλίμπλυτον,
889 2668 1009 2712 οἷλλοὲ
1021 2688 1058 2712 τι
1085 2672 1223 2724 τέχνης
1238 2671 1378 2722 ’Ἀξιον
1409 2671 1577 2724 α’ρχαίης

350 2731 545 2793 λείψανον
594 2729 806 2780 η’μφίεσας.
850 2730 1003 2779 eiusque
1049 2732 1261 2767 sententiae
1306 2743 1396 2766 suae
1437 2734 1572 2767 testem

349 2786 486 2822 deinde
514 2786 634 2836 ipsum
662 2789 751 2823 citat
779 2788 950 2836 poetam,
981 2785 1044 2835 qui
1073 2785 1143 2823 hoc
1173 2787 1340 2823 dicturus
1370 2790 1408 2822 et
1442 2787 1573 2836 operi-

348 2843 417 2879 bus
464 2842 540 2880 suis
583 2843 906 2881 demonstraturus
941 2846 1054 2891 atque
1097 2847 1136 2880 ut
1171 2842 1316 2893 posteri
1362 2841 1574 2891 intelligant
