1764 3176
268 128 353 168 17⁰

740 100 1202 168 PLATONIS

265 238 347 279 τοῦ
376 232 659 290 ὀλιγαρχικοῦ
688 236 833 290 τρίτος
874 253 961 281 που
991 237 1014 281 ὁ
1046 234 1267 291 τύραννος
1296 234 1567 292 ἀφειστήκει·
1598 235 1646 279 ἐν

266 303 384 359 μέσῳ
424 301 509 358 γὰρ
548 300 698 346 αὐτῶν
734 302 758 348 ὁ
801 307 1034 361 δημοτικὸς
1073 299 1140 360 ἦν.

1357 301 1534 348 Οὐκοῦν
1569 304 1644 348 καὶ

1191 303 1297 346 Ναί.

262 371 428 427 ’ἡδονῆς
455 372 588 425 τρίτῳ
619 370 782 429 εἰδώλῳ
813 373 924 427 πρὸς
955 372 1166 428 ἀλήθειαν
1196 369 1273 428 α’π]
1300 369 1470 415 ἐκείνου
1500 373 1644 424 ξυνοι-

265 443 342 481 κοῐ
369 436 439 490 ἂν,
473 440 508 481 εί
537 437 589 481 τοὶ
620 439 819 492 πρόσθεν
849 440 1015 497 ἀληθής

1049 438 1188 484 Οὕτω.
1241 437 1292 481 Ὁ
1321 439 1368 482 δέ
1395 455 1442 493 γε
1472 437 1644 495 ὀλιγαρ-

192 511 234 551 D
265 506 386 563 χικὸς
429 504 513 550 ἀπὸ
553 511 635 550 τοῦ
674 511 906 563 βασιλικοῦ
949 503 1006 551 αὖ
1054 509 1219 562 τρίτος,
1261 506 1339 550 ἐὰν
1377 510 1438 563 εἰς
1479 506 1642 551 ταύτόν

259 574 626 629 ἀριστοκρατικὸν
676 575 751 618 καὶ
795 575 1025 632 βασιλικόν
1062 579 1266 630 τιθῶμεν.

1350 578 1507 629 Τρίτος
1543 575 1641 631 γάρ.

262 644 535 698 Τριπλασίου
580 641 687 695 ἄρα,
728 639 784 699 ἦν
822 642 866 686 6'
896 643 1003 698 ἐγώ,
1046 642 1304 698 τριπλάσιον
1334 641 1509 700 ἀριθμῷ
1540 641 1641 698 ἀλη-

257 716 374 762 θοῦς
409 709 570 767 ἡδονῆς
600 709 814 768 ἀφέστηκε
843 711 1071 765 τύραννος.

1139 713 1358 754 Φαίνεται.
1412 709 1642 754 Ἐπίπεδον

256 777 360 835 ἄρ’,
393 779 526 835 ἔφην,
560 776 620 830 ὠς
657 777 793 833 ἔοικε,
822 779 871 823 τὸ
904 781 1085 823 εἴδωλον
1114 779 1224 823 κατά
1256 778 1333 822 τὸν
1362 781 1442 821 τοῦ
1471 778 1641 834 μήκους

257 928 344 963 Ven.
362 928 402 961 B.
427 928 508 961 Vat.
523 927 568 961 H.
592 927 687 961 Flor.
706 927 846 961 ACTV.
871 933 918 970 et,

257 985 333 1018 sup.
360 985 402 1006 ον
427 985 531 1018 super
555 985 596 1014 m,
622 976 707 1016 Ang.
726 974 766 1007 B.
793 970 918 1007 ὁπόσα

256 1021 377 1064 reliqui
402 1019 535 1053 codices
560 1026 595 1051 et
614 1018 777 1053 editiones
795 1031 918 1053 omnes.

258 1066 374 1106 Quum
411 1062 661 1098 ἐλαττοῦσθαι
700 1065 782 1098 nihil
829 1066 919 1099 aliud

257 1111 447 1155 significet,
487 1111 554 1144 nisi
596 1109 815 1144 ἐλάττονα
805 1112 918 1155 γίγνε

258 1159 371 1200 σθαι,
397 1158 548 1190 dativum
573 1158 662 1190 modi
687 1163 722 1190 et
744 1169 919 1191 mensurae

255 1215 323 1237 non
346 1204 454 1237 minus
477 1205 597 1244 verbo,
620 1215 719 1247 quam
744 1215 921 1248 compara-

254 1250 328 1283 tivo
357 1249 537 1283 convenire
561 1254 716 1292 apparet.
755 1250 920 1282 Similiter

255 1296 452 1350 Herodotus
491 1296 530 1328 L.
560 1295 643 1328 1111.
678 1307 707 1328 c.
732 1294 786 1329 74.
813 1296 918 1329 veibo

253 1339 479 1386 υπερφέρειν
500 1341 707 1374 contraiiuin
725 1341 920 1395 significan-

254 1388 294 1421 ti·
308 1388 457 1421 dativum
473 1386 602 1430 iungit:
629 1384 745 1431 ταύτῃ
770 1384 809 1420 δὲ
818 1388 917 1440 (πα-

254 1431 382 1477 χύτητι
395 1432 458 1467 καὶ
468 1430 643 1476 μεμιθει)
662 1433 784 1479 πολλῷ
803 1429 917 1476 ὑπερ-

254 1479 359 1523 φέρει
395 1476 417 1523 ἡ
448 1477 629 1523 κάνναβις
660 1479 747 1523 (τοῦ
783 1479 917 1523 λινου).

252 1527 338 1560 Item
354 1525 538 1569 Euripides
550 1526 655 1559 verbo
678 1525 785 1571 νικᾷν
805 1525 919 1558 Belle-

251 1573 349 1628 roph.
361 1572 455 1605 XVI.
469 1574 530 1606 16:
558 1568 576 1605 ὁ
600 1568 629 1604 6²
651 1561 761 1604 οὐδὲν
780 1568 916 1613 οὐδεὶς,

252 1617 316 1653 διὰ
341 1617 470 1657 τέλους
495 1615 533 1651 δὲ
560 1617 750 1662 δυστυχῶν
774 1617 917 1671 τοσῷδε

251 1665 358 1710 νικᾷ·
383 1665 451 1698 τοῦ
471 1661 540 1708 γὰρ
563 1663 601 1697 εὐ
619 1662 761 1706 τητώμε
766 1675 828 1702 νος
848 1660 915 1696 οὐκ

252 1701 354 1745 οἶδεν
392 1709 466 1744 αἰεὶ
503 1710 690 1758 δυστυχῶν
720 1709 842 1748 κακῶς
874 1706 914 1742 τ’

255 1755 358 1800 ἔχων.
386 1756 502 1789 Etiam
512 1756 652 1789 Ficinus
667 1753 794 1801 ὁπόσῳ
813 1753 849 1789 ἐ)
854 1767 915 1788 ατ-

253 1803 385 1837 τοῦται
400 1802 524 1846 legisse
542 1803 694 1835 videtur:
721 1814 825 1845 quam
842 1803 916 1834 lon-

253 1850 396 1894 gissimo
418 1850 602 1882 intervallo
629 1861 651 1880 a
671 1851 846 1891 voluptate
867 1849 916 1881 le-

253 1897 382 1941 gitima
405 1896 451 1928 sit
473 1896 656 1928 seiunctus.

303 1951 528 2008 αφειστήκει]
555 1948 759 1995 ἐφειστήκει
777 1951 857 1985 Par.
872 1950 915 1984 D.

255 2007 302 2045 et,
329 2012 402 2050 sup.
431 1997 467 2042 ci,
492 1999 526 2033 K

293 2027 451 2101 αὐτῶν]
488 2041 591 2090 αυτῷ
624 2043 701 2078 Ald.
745 2044 824 2077 Bas.
861 2043 915 2076 ab.

254 2094 376 2138 steph.
402 2089 536 2126 αὐτοῖν
562 2079 687 2124 Astius.

301 2136 518 2183 δημοτικὸς]
566 2137 621 2170 Ita
662 2136 741 2170 Par.
773 2136 813 2168 Α.
856 2134 916 2168 sed

253 2171 915 2265 33&“55wfffffflssff

383 2243 421 2264 ar
552 2236 588 2263 at
740 2239 778 2261 or

250 2278 423 2318 exhibent,
448 2276 539 2322 quod
561 2275 677 2309 Astius
700 2274 733 2307 in
758 2285 827 2307 sec.
853 2284 915 2306 ne—

249 2324 319 2357 scio
348 2335 451 2368 quam
475 2323 517 2356 ob
542 2333 612 2355 rem
637 2320 811 2365 praetulit.
856 2319 911 2352 Cf.

250 2369 453 2434 p.576.C.

296 2420 384 2478 ἧᾛν]
402 2425 472 2469 ἠν,·
496 2425 570 2459 A.ld
596 2425 675 2458 Bas.
701 2424 756 2457 ab.

296 2439 450 2528 εἰδώλῳ]
478 2472 618 2505 εἰδείλω
643 2470 744 2504 Vind.
769 2469 812 2502 E.

297 2515 369 2552 ἀπ’
391 2515 546 2559 ἐκείνουῖ
576 2528 681 2552 απεκ.
707 2516 808 2548 Vind.
832 2515 870 2548 B.

297 2565 484 2607 ξυνοικοῖ]
523 2564 705 2605 ξυνοικεῖ,
752 2573 826 2607 sup.
864 2572 912 2603 οι,

252 2611 353 2644 Vind.
387 2609 416 2643 ’Β
425 2636 453 2644 ..
478 2609 663 2652 ξυνοικοίη
707 2608 792 2641 Lob.
832 2608 911 2642 Vat.

252 2658 330 2691 ΒΜ.
368 2656 422 2690 cf.
451 2656 523 2689 Vol.
548 2656 576 2688 Ι.
601 2669 630 2698 p.
658 2657 738 2696 366,
763 2655 798 2689 b.

299 2703 348 2746 εἰ]
375 2702 426 2742 εἰς
450 2702 535 2735 Lob.
562 2703 643 2735 vat.
668 2701 718 2735 Μ.

300 2746 473 2793 ἅληθῆς]
518 2744 657 2791 ἀληθῆ.
706 2746 792 2780 editi
834 2750 914 2781 ante

254 2796 393 2830 Astium.

1026 923 1173 970 Οὕτω]
1203 922 1347 965 Οὕτως.
1387 926 1469 959 Par.
1500 925 1543 959 K.
1569 937 1636 960 sec.

974 973 1052 1017 Bip.
1078 973 1270 1016 Bekkems,
1295 972 1412 1006 Astius
1435 972 1472 1005 iu
1495 975 1576 1007 tert.
1602 978 1638 1005 et

975 1019 1226 1052 Stallbauuiius.

1026 1065 1275 1108 Τριπλασίου]
1311 1063 1512 1107 τριπλασίω
1543 1063 1634 1097 Flor.
1665 1055 1716 1096 D>

974 1111 1052 1145 RU.
1076 1112 1245 1144 referente
1268 1111 1301 1143 in
1325 1121 1376 1154 pr.
1401 1110 1636 1143 Stallbaumio.

976 1157 1046 1190 Sed
1072 1157 1177 1200 magis
1201 1155 1383 1190 verisimile
1421 1155 1551 1188 ridetur
1575 1166 1636 1199 pro

978 1214 1030 1243 eo,
1058 1203 1149 1247 quod
1172 1203 1284 1247 paullo
1313 1207 1389 1246 post
1413 1201 1540 1245 legitur
1559 1212 1637 1243 τρι-

975 1247 1154 1291 πλάσιον,
1187 1249 1222 1281 in
1246 1248 1310 1281 illis
1334 1247 1450 1289 libris,
1477 1247 1638 1291 quemad-

976 1295 1108 1327 modum
1132 1295 1164 1326 in
1190 1293 1405 1337 comparibus
1430 1296 1517 1336 Ang.
1537 1293 1577 1327 B.
1603 1300 1638 1325 et

975 1340 1068 1373 Mon.
1093 1341 1132 1374 B.
1159 1341 1300 1381 factum,
1325 1339 1526 1382 τριπλασίω
1549 1339 1638 1372 scri-

974 1392 1068 1441 ptum
1093 1398 1179 1420 esse.

1021 1429 1194 1478 αριθμῳ]
1229 1428 1380 1474 εἶριμθῶ
1412 1431 1505 1463 Mon.
1541 1431 1580 1463 B.
1616 1441 1637 1463 a

974 1489 1017 1510 m.
1051 1490 1101 1522 pi.
1146 1467 1203 1510 De
1229 1488 1330 1510 sensu
1363 1477 1462 1509 huius
1495 1476 1559 1508 loci
1583 1476 1637 1520 egi

973 1525 1008 1557 in
1032 1523 1246 1564 praefatione
1271 1534 1304 1567 p.
1327 1521 1541 1555 Lxxxxn.
1560 1533 1635 1565 sqq.

1021 1570 1069 1613 ἄρ
1079 1567 1113 1608 ’Ἰ
1148 1565 1196 1602 ἂν
1227 1568 1320 1602 Mon.
1353 1569 1394 1601 B.
1445 1568 1524 1602 Par.
1559 1567 1635 1601 DK.

974 1616 1066 1649 F.lor
1083 1616 1128 1648 U.

1019 1671 1180 1716 Κομιδῇ]
1207 1669 1341 1715 κομιδή
1367 1670 1464 1704 Vlnd.
1490 1670 1534 1703 F.
1562 1670 1635 1703 Ko-

973 1719 1060 1762 μιδῆ
1086 1718 1160 1752 Ald.
1185 1719 1266 1752 Bas.
1291 1719 1346 1751 ab.
1372 1717 1490 1761 steph.
1514 1715 1634 1759 (Lob.)

1019 1763 1082 1798 καὶ
1101 1764 1241 1808 τρίτην]
1268 1763 1454 1797 Articulum
1474 1760 1543 1806 τὴν
1562 1762 1633 1794 vul-

973 1822 1016 1852 go
1057 1811 1107 1843 his
1149 1809 1386 1854 interpositum
1429 1808 1636 1842 auctoritate

973 1856 1052 1890 Par.
1078 1858 1117 1890 A.
1152 1856 1253 1891 Vind.
1279 1856 1320 1888 Β.
1355 1856 1432 1889 Vat.
1459 1855 1502 1888 H.
1535 1854 1633 1887 Flor.

973 1903 1046 1936 AV.
1072 1902 1228 1935 omittere
1260 1913 1300 1935 eo
1332 1902 1441 1935 minus
1464 1899 1633 1940 dubitavi,

973 1959 1041 1993 quo
1083 1948 1190 1991 magis
1234 1947 1470 1991 explicationis
1513 1957 1635 1978 caussa

974 1994 1123 2027 additum
1148 1994 1197 2034 ei,
1227 1993 1279 2026 cui
1305 1993 1393 2036 expli
1397 1992 1502 2025 cando
1526 1992 1635 2024 inser-

974 2040 1084 2082 viret,
1112 2020 1218 2072 simile
1241 2039 1317 2071 fieri
1340 2049 1403 2082 par
1427 2041 1512 2070 erat.
1560 2037 1633 2069 Ita-

974 2097 1041 2130 que
1082 2085 1209 2128 τρίτην
1253 2080 1371 2127 αὔξην
1414 2095 1480 2117 non
1522 2082 1632 2123 aliter,

974 2143 1072 2176 quam
1097 2129 1255 2173 δύναμιν
1272 2130 1447 2163 dicendum
1467 2134 1554 2168 erat,
1574 2140 1634 2161 cu-

971 2177 1024 2210 ius
1050 2178 1136 2210 hanc
1155 2176 1359 2221 epexegesin
1377 2187 1452 2209 esse
1475 2176 1509 2208 in
1535 2186 1631 2219 prae-

969 2224 1098 2256 fatione
1123 2223 1265 2257 ostendi.
1300 2222 1460 2255 Ceterum
1477 2233 1540 2265 pro
1556 2220 1631 2263 τρί·

971 2282 1038 2313 την
1065 2271 1143 2303 Vat.
1165 2270 1210 2303 H.
1235 2268 1362 2313 τρίτου
1388 2268 1550 2313 scriptum
1571 2267 1632 2299 ha-

970 2317 1040 2349 bet.

1017 2369 1174 2416 αὕξην,]
1213 2373 1353 2406 comma
1386 2372 1429 2405 ab
1461 2370 1558 2403 Astio
1596 2375 1632 2402 et.

970 2419 1191 2453 Stallbaumio
1215 2419 1249 2452 in
1273 2431 1341 2452 sec.
1361 2417 1508 2452 deletum
1525 2415 1631 2456 tenui,

969 2478 1002 2511 q
996 2478 1047 2499 ua
1072 2466 1135 2498 hoc
1158 2463 1252 2498 κατὰ
1279 2462 1438 2507 δύναμιν
1464 2461 1528 2495 καὶ
1553 2461 1630 2504 τρί-

970 2524 1036 2554 την
1075 2507 1192 2554 αῧξην
1224 2522 1310 2552 ηοη,
1342 2517 1382 2543 ut
1405 2509 1630 2542 Schleierma-

970 2560 1090 2591 cherus
1114 2557 1214 2598 fecit,
1239 2569 1312 2590 cum
1337 2556 1450 2610 δῆλον
1475 2552 1545 2597 δὴ,
1569 2554 1630 2586 sed

970 2615 1045 2637 cum
1070 2601 1275 2637 απόστοισιν
1297 2598 1388 2646 ὅσην
1416 2595 1630 2644 ἀφεστηκως

969 2650 1131 2694 *γίγνεται
1154 2649 1305 2683 construi
1328 2649 1442 2682 debet.
1481 2646 1628 2679 Eandem

970 2697 1013 2729 ob
1045 2707 1200 2730 caussam
1231 2695 1375 2729 alterum
1406 2699 1484 2738 post.
1515 2691 1628 2734 δῆλον

972 2741 1016 2786 δὴ
1032 2742 1151 2798 posui.

1018 2785 1249 2832 ἀφεστηκώς]
1263 2783 1471 2830 ἀφεστηκὸς
1482 2783 1574 2817 Μοιι.
1589 2782 1627 2815 B.
