<?xml version="1.0" encoding="UTF-8"?>
<!DOCTYPE html PUBLIC "-//W3C//DTD XHTML 1.0 Transitional//EN"
    "http://www.w3.org/TR/xhtml1/DTD/xhtml1-transitional.dtd">
<html xmlns="http://www.w3.org/1999/xhtml" xml:lang="en" lang="en">
 <head>
  <title>
</title>
<meta http-equiv="Content-Type" content="text/html;charset=utf-8" />
  <meta name='ocr-system' content='tesseract 3.04.00' />
  <meta name='ocr-capabilities' content='ocr_page ocr_carea ocr_par ocr_line ocrx_word'/>
</head>
<body>
  <div class='ocr_page' id='page_1' title='image "./operagraecerecen01platuoft_0023.png"; bbox 0 0 1764 3176; ppageno 0'>
   <div class='ocr_carea' id='block_1_1' title="bbox 569 165 1513 209">
    <p class='ocr_par' dir='ltr' id='par_1_1' title="bbox 569 165 1513 209">
     <span class='ocr_line' id='line_1_1' title="bbox 569 165 1513 209; baseline -0.004 0"><span class='ocrx_word' id='word_1_1' title='bbox 569 165 1051 209; x_wconf 86' lang='lat' dir='ltr'>EDITORIS.</span> <span class='ocrx_word' id='word_1_2' title='bbox 1451 178 1513 206; x_wconf 74' lang='lat' dir='ltr'><strong><em>xv</em></strong></span> 
     </span>
    </p>
   </div>
   <div class='ocr_carea' id='block_1_2' title="bbox 107 274 1517 2151">
    <p class='ocr_par' dir='ltr' id='par_1_2' title="bbox 107 274 1517 2151">
     <span class='ocr_line' id='line_1_2' title="bbox 120 274 1516 332; baseline -0.006 -11"><span class='ocrx_word' id='word_1_3' title='bbox 120 283 191 332; x_wconf 72' lang='grc' dir='ltr'><strong><em>γάρ</em></strong></span> <span class='ocrx_word' id='word_1_4' title='bbox 216 283 281 323; x_wconf 78' lang='grc' dir='ltr'><strong><em>καὶ</em></strong></span> <span class='ocrx_word' id='word_1_5' title='bbox 301 280 377 322; x_wconf 70' lang='grc' dir='ltr'><strong><em>ἀπὸ</em></strong></span> <span class='ocrx_word' id='word_1_6' title='bbox 405 281 558 331; x_wconf 80' lang='grc' dir='ltr'><strong><em>πρώτου</em></strong></span> <span class='ocrx_word' id='word_1_7' title='bbox 580 283 757 330; x_wconf 78' lang='grc' dir='ltr'><em>περισσοῦ</em></span> <span class='ocrx_word' id='word_1_8' title='bbox 787 277 957 328; x_wconf 65' lang='grc' dir='ltr'><strong><em>ἀριθμοῦ</em></strong></span> <span class='ocrx_word' id='word_1_9' title='bbox 977 280 1045 316; x_wconf 86' lang='grc' dir='ltr'><strong><em>τοῦ</em></strong></span> <span class='ocrx_word' id='word_1_10' title='bbox 1063 293 1086 325; x_wconf 92' lang='grc' dir='ltr'><strong><em>γ</em></strong></span> <span class='ocrx_word' id='word_1_11' title='bbox 1106 275 1264 324; x_wconf 78' lang='grc' dir='ltr'><strong><em>πυθμὴν</em></strong></span> <span class='ocrx_word' id='word_1_12' title='bbox 1284 274 1516 324; x_wconf 76' lang='grc' dir='ltr'><strong><em>τετράγωνος</em></strong></span> 
     </span>
     <span class='ocr_line' id='line_1_3' title="bbox 119 333 1516 387; baseline -0.006 -9"><span class='ocrx_word' id='word_1_13' title='bbox 119 343 354 385; x_wconf 76' lang='grc' dir='ltr'><strong><em>συνίσταται,</em></strong></span> <span class='ocrx_word' id='word_1_14' title='bbox 383 342 464 387; x_wconf 73' lang='grc' dir='ltr'><strong><em>τρὶς</em></strong></span> <span class='ocrx_word' id='word_1_15' title='bbox 491 343 578 387; x_wconf 82' lang='grc' dir='ltr'><strong><em>τρία</em></strong></span> <span class='ocrx_word' id='word_1_16' title='bbox 606 337 679 386; x_wconf 74' lang='grc' dir='ltr'><strong><em>ὢν,</em></strong></span> <span class='ocrx_word' id='word_1_17' title='bbox 708 339 937 383; x_wconf 84' lang='grc' dir='ltr'><strong><em>πλευρισμοῦ</em></strong></span> <span class='ocrx_word' id='word_1_18' title='bbox 972 333 1160 383; x_wconf 83' lang='grc' dir='ltr'><strong><em>μεσότητα</em></strong></span> <span class='ocrx_word' id='word_1_19' title='bbox 1183 333 1336 381; x_wconf 78' lang='grc' dir='ltr'><strong><em>πρώτου</em></strong></span> <span class='ocrx_word' id='word_1_20' title='bbox 1367 333 1516 380; x_wconf 73' lang='grc' dir='ltr'><strong><em>ἔχοντος</em></strong></span> 
     </span>
     <span class='ocr_line' id='line_1_4' title="bbox 118 388 1516 443; baseline -0.006 -9"><span class='ocrx_word' id='word_1_21' title='bbox 118 397 350 443; x_wconf 77' lang='grc' dir='ltr'><strong><em>τετράγωνος</em></strong></span> <span class='ocrx_word' id='word_1_22' title='bbox 371 400 435 435; x_wconf 80' lang='grc' dir='ltr'><strong><em>καὶ</em></strong></span> <span class='ocrx_word' id='word_1_23' title='bbox 455 395 568 439; x_wconf 77' lang='grc' dir='ltr'><strong><em>αὐτὸς</em></strong></span> <span class='ocrx_word' id='word_1_24' title='bbox 589 395 775 443; x_wconf 83' lang='grc' dir='ltr'><strong><em>μεσότητα</em></strong></span> <span class='ocrx_word' id='word_1_25' title='bbox 802 397 950 440; x_wconf 77' lang='grc' dir='ltr'><strong><em>πρῶτος</em></strong></span> <span class='ocrx_word' id='word_1_26' title='bbox 975 393 1079 439; x_wconf 71' lang='grc' dir='ltr'><strong><em>ἔχων.</em></strong></span> <span class='ocrx_word' id='word_1_27' title='bbox 1138 396 1177 429; x_wconf 90' lang='lat' dir='ltr'><strong><em>ln</em></strong></span> <span class='ocrx_word' id='word_1_28' title='bbox 1197 395 1250 429; x_wconf 89' lang='lat' dir='ltr'><strong><em>his</em></strong></span> <span class='ocrx_word' id='word_1_29' title='bbox 1270 393 1454 436; x_wconf 77' lang='grc' dir='ltr'><strong><em>περισσῶν</em></strong></span> <span class='ocrx_word' id='word_1_30' title='bbox 1475 388 1516 426; x_wconf 77' lang='grc' dir='ltr'><strong><em>δὲ</em></strong></span> 
     </span>
     <span class='ocr_line' id='line_1_5' title="bbox 118 444 1517 501; baseline -0.006 -9"><span class='ocrx_word' id='word_1_31' title='bbox 118 454 411 501; x_wconf 78' lang='grc' dir='ltr'><strong><em>προσεχέστατος</em></strong></span> <span class='ocrx_word' id='word_1_32' title='bbox 439 458 558 501; x_wconf 86' lang='lat' dir='ltr'><strong>scripsi</strong></span> <span class='ocrx_word' id='word_1_33' title='bbox 589 469 652 501; x_wconf 89' lang='lat' dir='ltr'><strong><em>pro</em></strong></span> <span class='ocrx_word' id='word_1_34' title='bbox 682 449 860 499; x_wconf 78' lang='grc' dir='ltr'><strong><em>περισσὸν</em></strong></span> <span class='ocrx_word' id='word_1_35' title='bbox 881 454 914 489; x_wconf 86' lang='grc' dir='ltr'><strong><em>δ.</em></strong></span> <span class='ocrx_word' id='word_1_36' title='bbox 935 464 972 487; x_wconf 90' lang='grc' dir='ltr'><strong><em>π.</em></strong></span> <span class='ocrx_word' id='word_1_37' title='bbox 1038 453 1110 486; x_wconf 90' lang='lat' dir='ltr'><strong><em>Pro</em></strong></span> <span class='ocrx_word' id='word_1_38' title='bbox 1141 452 1216 485; x_wconf 79' lang='grc' dir='ltr'><strong><em>τῶν</em></strong></span> <span class='ocrx_word' id='word_1_39' title='bbox 1247 444 1366 485; x_wconf 77' lang='grc' dir='ltr'><strong><em>αὐτοῦ</em></strong></span> <span class='ocrx_word' id='word_1_40' title='bbox 1395 446 1517 494; x_wconf 83' lang='grc' dir='ltr'><strong><em>λόγων</em></strong></span> 
     </span>
     <span class='ocr_line' id='line_1_6' title="bbox 117 501 1515 559; baseline -0.006 -9"><span class='ocrx_word' id='word_1_41' title='bbox 117 516 221 550; x_wconf 77' lang='lat' dir='ltr'><strong>scribi</strong></span> <span class='ocrx_word' id='word_1_42' title='bbox 235 515 363 559; x_wconf 86' lang='lat' dir='ltr'>poterit</span> <span class='ocrx_word' id='word_1_43' title='bbox 381 526 410 548; x_wconf 88' lang='grc' dir='ltr'><strong><em>τ.</em></strong></span> <span class='ocrx_word' id='word_1_44' title='bbox 430 509 558 548; x_wconf 74' lang='grc' dir='ltr'><strong><em>αὐτῶν</em></strong></span> <span class='ocrx_word' id='word_1_45' title='bbox 576 514 607 548; x_wconf 82' lang='grc' dir='ltr'><strong><em>λ.</em></strong></span> <span class='ocrx_word' id='word_1_46' title='bbox 631 506 716 547; x_wconf 63' lang='grc' dir='ltr'><strong><em>ἂν..</em></strong></span> <span class='ocrx_word' id='word_1_47' title='bbox 738 509 891 550; x_wconf 86' lang='grc' dir='ltr'><strong><em>πόστοις</em></strong></span> <span class='ocrx_word' id='word_1_48' title='bbox 911 511 1106 553; x_wconf 86' lang='lat' dir='ltr'>siguificare</span> <span class='ocrx_word' id='word_1_49' title='bbox 1127 509 1258 543; x_wconf 83' lang='lat' dir='ltr'>videtur</span> <span class='ocrx_word' id='word_1_50' title='bbox 1278 501 1515 545; x_wconf 76' lang='grc' dir='ltr'><strong><em>οἷνοπόστοις.</em></strong></span> 
     </span>
     <span class='ocr_line' id='line_1_7' title="bbox 117 560 1516 615; baseline -0.006 -9"><span class='ocrx_word' id='word_1_51' title='bbox 117 567 186 611; x_wconf 76' lang='grc' dir='ltr'><strong><em>τὰς</em></strong></span> <span class='ocrx_word' id='word_1_52' title='bbox 211 565 439 615; x_wconf 77' lang='grc' dir='ltr'><strong><em>ὁμοιότητας</em></strong></span> <span class='ocrx_word' id='word_1_53' title='bbox 471 571 537 605; x_wconf 81' lang='lat' dir='ltr'>feci</span> <span class='ocrx_word' id='word_1_54' title='bbox 564 582 584 605; x_wconf 88' lang='lat' dir='ltr'>e</span> <span class='ocrx_word' id='word_1_55' title='bbox 615 567 662 604; x_wconf 74' lang='grc' dir='ltr'><strong><em>τοὶ</em></strong></span> <span class='ocrx_word' id='word_1_56' title='bbox 689 563 913 612; x_wconf 86' lang='grc' dir='ltr'><strong><em>ὁμοιότατα,</em></strong></span> <span class='ocrx_word' id='word_1_57' title='bbox 945 572 980 601; x_wconf 86' lang='lat' dir='ltr'><strong><em>et</em></strong></span> <span class='ocrx_word' id='word_1_58' title='bbox 1011 563 1049 600; x_wconf 75' lang='grc' dir='ltr'><strong><em>ἕν</em></strong></span> <span class='ocrx_word' id='word_1_59' title='bbox 1069 578 1118 613; x_wconf 79' lang='grc' dir='ltr'><strong><em>τῳ</em></strong></span> <span class='ocrx_word' id='word_1_60' title='bbox 1151 561 1395 608; x_wconf 78' lang='grc' dir='ltr'><strong><em>τετραγώνων</em></strong></span> <span class='ocrx_word' id='word_1_61' title='bbox 1413 576 1455 599; x_wconf 84' lang='lat' dir='ltr'>ex</span> <span class='ocrx_word' id='word_1_62' title='bbox 1475 560 1516 598; x_wconf 78' lang='grc' dir='ltr'><strong><em>ἐν</em></strong></span> 
     </span>
     <span class='ocr_line' id='line_1_8' title="bbox 117 621 1515 674; baseline -0.004 -12"><span class='ocrx_word' id='word_1_63' title='bbox 117 627 162 674; x_wconf 80' lang='grc' dir='ltr'><strong><em>τῇ</em></strong></span> <span class='ocrx_word' id='word_1_64' title='bbox 184 639 256 664; x_wconf 86' lang='grc' dir='ltr'><strong><em>τετ.</em></strong></span> <span class='ocrx_word' id='word_1_65' title='bbox 314 628 429 663; x_wconf 81' lang='lat' dir='ltr'>Verba</span> <span class='ocrx_word' id='word_1_66' title='bbox 463 622 527 661; x_wconf 82' lang='grc' dir='ltr'><strong><em>διὰ</em></strong></span> <span class='ocrx_word' id='word_1_67' title='bbox 548 622 591 661; x_wconf 80' lang='grc' dir='ltr'><strong><em>τό</em></strong></span> <span class='ocrx_word' id='word_1_68' title='bbox 613 621 898 669; x_wconf 80' lang='grc' dir='ltr'><strong><em>ἐπιστημονικόν</em></strong></span> <span class='ocrx_word' id='word_1_69' title='bbox 919 628 1089 659; x_wconf 85' lang='lat' dir='ltr'>commate</span> <span class='ocrx_word' id='word_1_70' title='bbox 1109 635 1128 656; x_wconf 93' lang='lat' dir='ltr'><strong><em>a</em></strong></span> <span class='ocrx_word' id='word_1_71' title='bbox 1146 622 1434 666; x_wconf 86' lang='lat' dir='ltr'>praecedentibus</span> <span class='ocrx_word' id='word_1_72' title='bbox 1458 632 1515 656; x_wconf 88' lang='lat' dir='ltr'>se-</span> 
     </span>
     <span class='ocr_line' id='line_1_9' title="bbox 116 676 1515 729; baseline -0.005 -10"><span class='ocrx_word' id='word_1_73' title='bbox 116 686 247 729; x_wconf 80' lang='lat' dir='ltr'>paravi.</span> <span class='ocrx_word' id='word_1_74' title='bbox 302 685 461 728; x_wconf 88' lang='lat' dir='ltr'>Denique</span> <span class='ocrx_word' id='word_1_75' title='bbox 486 680 638 728; x_wconf 81' lang='grc' dir='ltr'><strong><em>πρώτου</em></strong></span> <span class='ocrx_word' id='word_1_76' title='bbox 663 681 812 726; x_wconf 77' lang='grc' dir='ltr'><strong><em>ἔχοντος</em></strong></span> <span class='ocrx_word' id='word_1_77' title='bbox 840 683 979 726; x_wconf 86' lang='lat' dir='ltr'>reposui</span> <span class='ocrx_word' id='word_1_78' title='bbox 1007 692 1068 724; x_wconf 88' lang='lat' dir='ltr'><strong><em>pro</em></strong></span> <span class='ocrx_word' id='word_1_79' title='bbox 1087 678 1245 722; x_wconf 67' lang='grc' dir='ltr'><strong><em>’πρῶτον</em></strong></span> <span class='ocrx_word' id='word_1_80' title='bbox 1274 676 1323 723; x_wconf 75' lang='grc' dir='ltr'><strong><em>ἔχ.</em></strong></span> <span class='ocrx_word' id='word_1_81' title='bbox 1357 682 1391 712; x_wconf 87' lang='lat' dir='ltr'><strong><em>et</em></strong></span> <span class='ocrx_word' id='word_1_82' title='bbox 1418 689 1515 713; x_wconf 91' lang='lat' dir='ltr'>com-</span> 
     </span>
     <span class='ocr_line' id='line_1_10' title="bbox 117 735 1513 786; baseline -0.006 -9"><span class='ocrx_word' id='word_1_83' title='bbox 117 747 210 777; x_wconf 89' lang='lat' dir='ltr'>mate</span> <span class='ocrx_word' id='word_1_84' title='bbox 233 746 313 786; x_wconf 88' lang='lat' dir='ltr'>post</span> <span class='ocrx_word' id='word_1_85' title='bbox 342 738 490 784; x_wconf 75' lang='grc' dir='ltr'><strong><em>ἕχοντος</em></strong></span> <span class='ocrx_word' id='word_1_86' title='bbox 518 743 654 776; x_wconf 87' lang='lat' dir='ltr'>sublato</span> <span class='ocrx_word' id='word_1_87' title='bbox 686 735 917 781; x_wconf 80' lang='grc' dir='ltr'><strong><em>τετράγωνος</em></strong></span> <span class='ocrx_word' id='word_1_88' title='bbox 934 749 1010 772; x_wconf 89' lang='lat' dir='ltr'><strong><em>cum</em></strong></span> <span class='ocrx_word' id='word_1_89' title='bbox 1034 735 1284 780; x_wconf 77' lang='grc' dir='ltr'><strong><em>πλευρισμοῦ,</em></strong></span> <span class='ocrx_word' id='word_1_90' title='bbox 1316 736 1349 771; x_wconf 81' lang='lat' dir='ltr'><strong><em>h.</em></strong></span> <span class='ocrx_word' id='word_1_91' title='bbox 1374 747 1403 770; x_wconf 91' lang='lat' dir='ltr'>e.</span> <span class='ocrx_word' id='word_1_92' title='bbox 1425 738 1513 770; x_wconf 88' lang='lat' dir='ltr'>late-</span> 
     </span>
     <span class='ocr_line' id='line_1_11' title="bbox 117 796 1514 839; baseline -0.005 -6"><span class='ocrx_word' id='word_1_93' title='bbox 117 800 209 833; x_wconf 90' lang='lat' dir='ltr'>ribus</span> <span class='ocrx_word' id='word_1_94' title='bbox 242 800 434 833; x_wconf 84' lang='lat' dir='ltr'>constantis</span> <span class='ocrx_word' id='word_1_95' title='bbox 479 800 629 839; x_wconf 89' lang='lat' dir='ltr'>numeri,</span> <span class='ocrx_word' id='word_1_96' title='bbox 675 797 847 833; x_wconf 79' lang='lat' dir='ltr'>coniunxi.</span> <span class='ocrx_word' id='word_1_97' title='bbox 919 796 1069 839; x_wconf 83' lang='lat' dir='ltr'>Reliqua</span> <span class='ocrx_word' id='word_1_98' title='bbox 1101 806 1186 828; x_wconf 90' lang='lat' dir='ltr'>sana</span> <span class='ocrx_word' id='word_1_99' title='bbox 1215 798 1317 834; x_wconf 88' lang='lat' dir='ltr'>sunt,</span> <span class='ocrx_word' id='word_1_100' title='bbox 1355 803 1514 836; x_wconf 89' lang='lat' dir='ltr'>eamque,</span> 
     </span>
     <span class='ocr_line' id='line_1_12' title="bbox 114 851 1512 900; baseline -0.004 -10"><span class='ocrx_word' id='word_1_101' title='bbox 114 867 218 900; x_wconf 87' lang='lat' dir='ltr'>quam</span> <span class='ocrx_word' id='word_1_102' title='bbox 253 856 380 890; x_wconf 88' lang='lat' dir='ltr'>nomini</span> <span class='ocrx_word' id='word_1_103' title='bbox 415 851 574 898; x_wconf 73' lang='grc' dir='ltr'><strong><em>πυθμὴν</em></strong></span> <span class='ocrx_word' id='word_1_104' title='bbox 613 855 897 898; x_wconf 85' lang='lat' dir='ltr'>significationem</span> <span class='ocrx_word' id='word_1_105' title='bbox 930 853 1127 894; x_wconf 82' lang='lat' dir='ltr'>tribuimus,</span> <span class='ocrx_word' id='word_1_106' title='bbox 1165 852 1380 884; x_wconf 89' lang='lat' dir='ltr'>confirmant.</span> <span class='ocrx_word' id='word_1_107' title='bbox 1438 851 1512 884; x_wconf 90' lang='lat' dir='ltr'><strong><em>Iam</em></strong></span> 
     </span>
     <span class='ocr_line' id='line_1_13' title="bbox 115 908 1513 956; baseline -0.005 -9"><span class='ocrx_word' id='word_1_108' title='bbox 115 924 201 947; x_wconf 77' lang='lat' dir='ltr'>vero</span> <span class='ocrx_word' id='word_1_109' title='bbox 224 912 400 956; x_wconf 88' lang='lat' dir='ltr'>proprium</span> <span class='ocrx_word' id='word_1_110' title='bbox 418 913 624 956; x_wconf 80' lang='lat' dir='ltr'>sesquitertii</span> <span class='ocrx_word' id='word_1_111' title='bbox 645 916 709 954; x_wconf 84' lang='lat' dir='ltr'>est,</span> <span class='ocrx_word' id='word_1_112' title='bbox 740 911 831 954; x_wconf 89' lang='lat' dir='ltr'>quod</span> <span class='ocrx_word' id='word_1_113' title='bbox 851 920 1029 944; x_wconf 86' lang='lat' dir='ltr'>numerum</span> <span class='ocrx_word' id='word_1_114' title='bbox 1054 910 1201 952; x_wconf 85' lang='lat' dir='ltr'>aliquem</span> <span class='ocrx_word' id='word_1_115' title='bbox 1222 912 1332 940; x_wconf 81' lang='lat' dir='ltr'>totum</span> <span class='ocrx_word' id='word_1_116' title='bbox 1353 908 1513 950; x_wconf 91' lang='lat' dir='ltr'>iusuper-</span> 
     </span>
     <span class='ocr_line' id='line_1_14' title="bbox 116 963 1513 1014; baseline -0.004 -10"><span class='ocrx_word' id='word_1_117' title='bbox 116 981 183 1014; x_wconf 82' lang='lat' dir='ltr'><strong><em>que</em></strong></span> <span class='ocrx_word' id='word_1_118' title='bbox 200 970 340 1004; x_wconf 80' lang='lat' dir='ltr'>tertiam</span> <span class='ocrx_word' id='word_1_119' title='bbox 359 971 431 1003; x_wconf 90' lang='lat' dir='ltr'>eius</span> <span class='ocrx_word' id='word_1_120' title='bbox 447 975 582 1013; x_wconf 85' lang='lat' dir='ltr'>partem</span> <span class='ocrx_word' id='word_1_121' title='bbox 604 970 770 1010; x_wconf 89' lang='lat' dir='ltr'>continet,</span> <span class='ocrx_word' id='word_1_122' title='bbox 799 978 860 1002; x_wconf 89' lang='lat' dir='ltr'><strong><em>seu</em></strong></span> <span class='ocrx_word' id='word_1_123' title='bbox 880 968 982 1002; x_wconf 87' lang='lat' dir='ltr'>tertia</span> <span class='ocrx_word' id='word_1_124' title='bbox 1003 976 1080 999; x_wconf 92' lang='lat' dir='ltr'><strong><em>eum</em></strong></span> <span class='ocrx_word' id='word_1_125' title='bbox 1101 971 1199 1009; x_wconf 89' lang='lat' dir='ltr'>parte</span> <span class='ocrx_word' id='word_1_126' title='bbox 1219 969 1370 1008; x_wconf 85' lang='lat' dir='ltr'>superat.</span> <span class='ocrx_word' id='word_1_127' title='bbox 1409 963 1513 1000; x_wconf 82' lang='lat' dir='ltr'>Quod</span> 
     </span>
     <span class='ocr_line' id='line_1_15' title="bbox 115 1021 1511 1070; baseline -0.006 -9"><span class='ocrx_word' id='word_1_128' title='bbox 115 1032 250 1062; x_wconf 83' lang='lat' dir='ltr'>tantum</span> <span class='ocrx_word' id='word_1_129' title='bbox 281 1027 381 1060; x_wconf 86' lang='lat' dir='ltr'>abest</span> <span class='ocrx_word' id='word_1_130' title='bbox 417 1031 456 1060; x_wconf 86' lang='lat' dir='ltr'><strong><em>ut</em></strong></span> <span class='ocrx_word' id='word_1_131' title='bbox 485 1028 594 1070; x_wconf 87' lang='lat' dir='ltr'>primo</span> <span class='ocrx_word' id='word_1_132' title='bbox 636 1030 805 1070; x_wconf 86' lang='lat' dir='ltr'>appareat</span> <span class='ocrx_word' id='word_1_133' title='bbox 841 1026 874 1058; x_wconf 89' lang='lat' dir='ltr'><strong><em>in</em></strong></span> <span class='ocrx_word' id='word_1_134' title='bbox 902 1024 1117 1067; x_wconf 84' lang='lat' dir='ltr'>septenario,</span> <span class='ocrx_word' id='word_1_135' title='bbox 1159 1027 1196 1056; x_wconf 87' lang='lat' dir='ltr'><strong><em>ut</em></strong></span> <span class='ocrx_word' id='word_1_136' title='bbox 1225 1022 1363 1055; x_wconf 88' lang='lat' dir='ltr'>omniuo</span> <span class='ocrx_word' id='word_1_137' title='bbox 1395 1021 1438 1054; x_wconf 87' lang='lat' dir='ltr'><strong><em>ab</em></strong></span> <span class='ocrx_word' id='word_1_138' title='bbox 1469 1029 1511 1055; x_wconf 91' lang='lat' dir='ltr'>eo</span> 
     </span>
     <span class='ocr_line' id='line_1_16' title="bbox 116 1077 1512 1125; baseline -0.004 -7"><span class='ocrx_word' id='word_1_139' title='bbox 116 1085 263 1118; x_wconf 79' lang='lat' dir='ltr'>alienum</span> <span class='ocrx_word' id='word_1_140' title='bbox 299 1084 354 1125; x_wconf 81' lang='lat' dir='ltr'>sit.</span> <span class='ocrx_word' id='word_1_141' title='bbox 411 1083 499 1117; x_wconf 91' lang='lat' dir='ltr'>Illud</span> <span class='ocrx_word' id='word_1_142' title='bbox 527 1089 665 1124; x_wconf 87' lang='lat' dir='ltr'>autem,</span> <span class='ocrx_word' id='word_1_143' title='bbox 696 1083 788 1125; x_wconf 82' lang='lat' dir='ltr'>quod</span> <span class='ocrx_word' id='word_1_144' title='bbox 820 1082 968 1115; x_wconf 86' lang='lat' dir='ltr'>Barocio</span> <span class='ocrx_word' id='word_1_145' title='bbox 996 1081 1107 1114; x_wconf 83' lang='lat' dir='ltr'>fraudi</span> <span class='ocrx_word' id='word_1_146' title='bbox 1130 1079 1215 1121; x_wconf 83' lang='lat' dir='ltr'>suit,</span> <span class='ocrx_word' id='word_1_147' title='bbox 1245 1079 1336 1122; x_wconf 91' lang='lat' dir='ltr'>quod</span> <span class='ocrx_word' id='word_1_148' title='bbox 1365 1077 1408 1111; x_wconf 90' lang='lat' dir='ltr'><strong><em>ad</em></strong></span> <span class='ocrx_word' id='word_1_149' title='bbox 1436 1088 1512 1113; x_wconf 84' lang='lat' dir='ltr'>ses-</span> 
     </span>
     <span class='ocr_line' id='line_1_17' title="bbox 115 1136 1512 1185; baseline -0.004 -11"><span class='ocrx_word' id='word_1_150' title='bbox 115 1142 314 1185; x_wconf 88' lang='lat' dir='ltr'>quitertiam</span> <span class='ocrx_word' id='word_1_151' title='bbox 344 1140 514 1175; x_wconf 87' lang='lat' dir='ltr'>rationem</span> <span class='ocrx_word' id='word_1_152' title='bbox 546 1146 580 1174; x_wconf 87' lang='lat' dir='ltr'><strong><em>et</em></strong></span> <span class='ocrx_word' id='word_1_153' title='bbox 607 1140 760 1173; x_wconf 87' lang='lat' dir='ltr'>ternario</span> <span class='ocrx_word' id='word_1_154' title='bbox 787 1143 822 1172; x_wconf 86' lang='lat' dir='ltr'><strong><em>et</em></strong></span> <span class='ocrx_word' id='word_1_155' title='bbox 838 1138 1060 1181; x_wconf 85' lang='lat' dir='ltr'>quaternario</span> <span class='ocrx_word' id='word_1_156' title='bbox 1079 1148 1163 1180; x_wconf 89' lang='lat' dir='ltr'>opus</span> <span class='ocrx_word' id='word_1_157' title='bbox 1186 1141 1258 1177; x_wconf 81' lang='lat' dir='ltr'>est,</span> <span class='ocrx_word' id='word_1_158' title='bbox 1291 1136 1347 1179; x_wconf 91' lang='lat' dir='ltr'><strong><em>qui</em></strong></span> <span class='ocrx_word' id='word_1_159' title='bbox 1368 1139 1512 1178; x_wconf 83' lang='lat' dir='ltr'>uterque</span> 
     </span>
     <span class='ocr_line' id='line_1_18' title="bbox 115 1193 1512 1241; baseline -0.004 -10"><span class='ocrx_word' id='word_1_160' title='bbox 115 1199 320 1232; x_wconf 86' lang='lat' dir='ltr'>coniunctus</span> <span class='ocrx_word' id='word_1_161' title='bbox 349 1198 566 1241; x_wconf 72' lang='lat' dir='ltr'>septenarius</span> <span class='ocrx_word' id='word_1_162' title='bbox 591 1201 665 1239; x_wconf 89' lang='lat' dir='ltr'>est,</span> <span class='ocrx_word' id='word_1_163' title='bbox 693 1196 795 1230; x_wconf 75' lang='lat' dir='ltr'>facile</span> <span class='ocrx_word' id='word_1_164' title='bbox 823 1196 1023 1239; x_wconf 83' lang='lat' dir='ltr'>explicatur.</span> <span class='ocrx_word' id='word_1_165' title='bbox 1082 1194 1170 1227; x_wconf 83' lang='lat' dir='ltr'><strong><em>Nam</em></strong></span> <span class='ocrx_word' id='word_1_166' title='bbox 1200 1194 1289 1226; x_wconf 88' lang='lat' dir='ltr'>inest</span> <span class='ocrx_word' id='word_1_167' title='bbox 1315 1193 1349 1226; x_wconf 91' lang='lat' dir='ltr'><strong><em>in</em></strong></span> <span class='ocrx_word' id='word_1_168' title='bbox 1371 1197 1512 1235; x_wconf 86' lang='lat' dir='ltr'>quater·</span> 
     </span>
     <span class='ocr_line' id='line_1_19' title="bbox 115 1250 1512 1298; baseline -0.005 -9"><span class='ocrx_word' id='word_1_169' title='bbox 115 1256 214 1289; x_wconf 81' lang='lat' dir='ltr'>nario</span> <span class='ocrx_word' id='word_1_170' title='bbox 237 1254 405 1297; x_wconf 83' lang='lat' dir='ltr'>simulque</span> <span class='ocrx_word' id='word_1_171' title='bbox 423 1264 501 1287; x_wconf 90' lang='lat' dir='ltr'><strong><em>cum</em></strong></span> <span class='ocrx_word' id='word_1_172' title='bbox 523 1264 565 1288; x_wconf 92' lang='lat' dir='ltr'>eo</span> <span class='ocrx_word' id='word_1_173' title='bbox 584 1258 730 1296; x_wconf 87' lang='lat' dir='ltr'>apparet</span> <span class='ocrx_word' id='word_1_174' title='bbox 747 1253 837 1286; x_wconf 88' lang='lat' dir='ltr'>idem</span> <span class='ocrx_word' id='word_1_175' title='bbox 860 1254 929 1298; x_wconf 80' lang='lat' dir='ltr'>ille,</span> <span class='ocrx_word' id='word_1_176' title='bbox 960 1252 1016 1295; x_wconf 90' lang='lat' dir='ltr'><strong><em>qui</em></strong></span> <span class='ocrx_word' id='word_1_177' title='bbox 1037 1252 1206 1285; x_wconf 81' lang='lat' dir='ltr'>rationem</span> <span class='ocrx_word' id='word_1_178' title='bbox 1229 1250 1374 1293; x_wconf 83' lang='lat' dir='ltr'>perficit,</span> <span class='ocrx_word' id='word_1_179' title='bbox 1391 1260 1512 1283; x_wconf 91' lang='lat' dir='ltr'>nume-</span> 
     </span>
     <span class='ocr_line' id='line_1_20' title="bbox 114 1309 1513 1350; baseline -0.005 -4"><span class='ocrx_word' id='word_1_180' title='bbox 114 1322 172 1346; x_wconf 83' lang='lat' dir='ltr'><strong><em>rus</em></strong></span> <span class='ocrx_word' id='word_1_181' title='bbox 199 1311 380 1346; x_wconf 78' lang='lat' dir='ltr'>ternarius.</span> <span class='ocrx_word' id='word_1_182' title='bbox 451 1312 563 1347; x_wconf 85' lang='lat' dir='ltr'>Quem</span> <span class='ocrx_word' id='word_1_183' title='bbox 595 1310 624 1343; x_wconf 80' lang='lat' dir='ltr'>si</span> <span class='ocrx_word' id='word_1_184' title='bbox 656 1310 870 1343; x_wconf 82' lang='lat' dir='ltr'>extrinsecus</span> <span class='ocrx_word' id='word_1_185' title='bbox 904 1309 984 1343; x_wconf 90' lang='lat' dir='ltr'>addi</span> <span class='ocrx_word' id='word_1_186' title='bbox 1010 1309 1055 1342; x_wconf 86' lang='lat' dir='ltr'><strong><em>ad</em></strong></span> <span class='ocrx_word' id='word_1_187' title='bbox 1089 1309 1233 1341; x_wconf 88' lang='lat' dir='ltr'>alterum</span> <span class='ocrx_word' id='word_1_188' title='bbox 1265 1310 1444 1350; x_wconf 86' lang='lat' dir='ltr'>oporteat,</span> <span class='ocrx_word' id='word_1_189' title='bbox 1474 1310 1513 1340; x_wconf 86' lang='lat' dir='ltr'><strong><em>ut</em></strong></span> 
     </span>
     <span class='ocr_line' id='line_1_21' title="bbox 112 1364 1511 1412; baseline -0.004 -10"><span class='ocrx_word' id='word_1_190' title='bbox 112 1368 332 1412; x_wconf 84' lang='lat' dir='ltr'>sesquitertia</span> <span class='ocrx_word' id='word_1_191' title='bbox 348 1368 482 1402; x_wconf 82' lang='lat' dir='ltr'>scilicet</span> <span class='ocrx_word' id='word_1_192' title='bbox 497 1368 588 1402; x_wconf 81' lang='lat' dir='ltr'>ratio</span> <span class='ocrx_word' id='word_1_193' title='bbox 613 1368 858 1411; x_wconf 83' lang='lat' dir='ltr'>conspiciatur,</span> <span class='ocrx_word' id='word_1_194' title='bbox 889 1377 932 1400; x_wconf 91' lang='lat' dir='ltr'>ne</span> <span class='ocrx_word' id='word_1_195' title='bbox 951 1366 1166 1409; x_wconf 84' lang='lat' dir='ltr'>septenarius</span> <span class='ocrx_word' id='word_1_196' title='bbox 1193 1364 1332 1408; x_wconf 78' lang='lat' dir='ltr'>quidem</span> <span class='ocrx_word' id='word_1_197' title='bbox 1352 1364 1511 1405; x_wconf 78' lang='lat' dir='ltr'>sufficIet,</span> 
     </span>
     <span class='ocr_line' id='line_1_22' title="bbox 112 1423 1512 1468; baseline -0.005 -8"><span class='ocrx_word' id='word_1_198' title='bbox 112 1426 175 1460; x_wconf 78' lang='lat' dir='ltr'>sed</span> <span class='ocrx_word' id='word_1_199' title='bbox 199 1425 368 1459; x_wconf 79' lang='lat' dir='ltr'>accedere</span> <span class='ocrx_word' id='word_1_200' title='bbox 389 1425 527 1459; x_wconf 89' lang='lat' dir='ltr'>debebit</span> <span class='ocrx_word' id='word_1_201' title='bbox 541 1435 682 1465; x_wconf 87' lang='lat' dir='ltr'>monas,</span> <span class='ocrx_word' id='word_1_202' title='bbox 713 1434 782 1468; x_wconf 86' lang='lat' dir='ltr'><strong><em>qua</em></strong></span> <span class='ocrx_word' id='word_1_203' title='bbox 809 1424 946 1467; x_wconf 89' lang='lat' dir='ltr'>quidem</span> <span class='ocrx_word' id='word_1_204' title='bbox 982 1423 1166 1458; x_wconf 83' lang='lat' dir='ltr'>ternarium</span> <span class='ocrx_word' id='word_1_205' title='bbox 1196 1424 1338 1465; x_wconf 86' lang='lat' dir='ltr'>superat</span> <span class='ocrx_word' id='word_1_206' title='bbox 1368 1425 1512 1464; x_wconf 89' lang='lat' dir='ltr'>quater-</span> 
     </span>
     <span class='ocr_line' id='line_1_23' title="bbox 112 1477 1512 1524; baseline -0.004 -8"><span class='ocrx_word' id='word_1_207' title='bbox 112 1483 252 1523; x_wconf 74' lang='lat' dir='ltr'>narius,</span> <span class='ocrx_word' id='word_1_208' title='bbox 281 1486 318 1516; x_wconf 92' lang='lat' dir='ltr'><strong><em>et</em></strong></span> <span class='ocrx_word' id='word_1_209' title='bbox 343 1479 528 1522; x_wconf 79' lang='grc' dir='ltr'><strong><em>ἐπίτριτος</em></strong></span> <span class='ocrx_word' id='word_1_210' title='bbox 558 1477 716 1524; x_wconf 76' lang='grc' dir='ltr'><strong><em>πυθμὴν</em></strong></span> <span class='ocrx_word' id='word_1_211' title='bbox 751 1481 817 1516; x_wconf 84' lang='lat' dir='ltr'>erit</span> <span class='ocrx_word' id='word_1_212' title='bbox 846 1481 1057 1515; x_wconf 85' lang='lat' dir='ltr'>octonarius.</span> <span class='ocrx_word' id='word_1_213' title='bbox 1115 1480 1180 1513; x_wconf 81' lang='lat' dir='ltr'><strong><em>His</em></strong></span> <span class='ocrx_word' id='word_1_214' title='bbox 1215 1488 1352 1522; x_wconf 90' lang='lat' dir='ltr'>quoque</span> <span class='ocrx_word' id='word_1_215' title='bbox 1385 1479 1512 1512; x_wconf 88' lang='lat' dir='ltr'>confir-</span> 
     </span>
     <span class='ocr_line' id='line_1_24' title="bbox 111 1532 1512 1584; baseline -0.004 -11"><span class='ocrx_word' id='word_1_216' title='bbox 111 1539 267 1584; x_wconf 85' lang='lat' dir='ltr'>mandis,</span> <span class='ocrx_word' id='word_1_217' title='bbox 300 1539 399 1573; x_wconf 86' lang='lat' dir='ltr'>simul</span> <span class='ocrx_word' id='word_1_218' title='bbox 434 1540 588 1572; x_wconf 79' lang='lat' dir='ltr'>vocabuli</span> <span class='ocrx_word' id='word_1_219' title='bbox 607 1532 766 1582; x_wconf 78' lang='grc' dir='ltr'><strong><em>πυθμὴν</em></strong></span> <span class='ocrx_word' id='word_1_220' title='bbox 799 1539 876 1572; x_wconf 85' lang='lat' dir='ltr'>usui</span> <span class='ocrx_word' id='word_1_221' title='bbox 900 1538 1037 1572; x_wconf 88' lang='lat' dir='ltr'>uberius</span> <span class='ocrx_word' id='word_1_222' title='bbox 1056 1537 1266 1574; x_wconf 88' lang='lat' dir='ltr'>declarando</span> <span class='ocrx_word' id='word_1_223' title='bbox 1289 1546 1376 1568; x_wconf 88' lang='lat' dir='ltr'>unus</span> <span class='ocrx_word' id='word_1_224' title='bbox 1400 1535 1512 1568; x_wconf 88' lang='lat' dir='ltr'>inser-</span> 
     </span>
     <span class='ocr_line' id='line_1_25' title="bbox 110 1592 1512 1640; baseline -0.004 -10"><span class='ocrx_word' id='word_1_225' title='bbox 110 1597 182 1633; x_wconf 82' lang='lat' dir='ltr'>viat</span> <span class='ocrx_word' id='word_1_226' title='bbox 196 1596 320 1629; x_wconf 72' lang='lat' dir='ltr'>veteris</span> <span class='ocrx_word' id='word_1_227' title='bbox 353 1595 560 1630; x_wconf 82' lang='lat' dir='ltr'>arithmetici</span> <span class='ocrx_word' id='word_1_228' title='bbox 586 1597 702 1640; x_wconf 85' lang='lat' dir='ltr'>locus,</span> <span class='ocrx_word' id='word_1_229' title='bbox 733 1594 936 1629; x_wconf 70' lang='lat' dir='ltr'>Nicomachi</span> <span class='ocrx_word' id='word_1_230' title='bbox 958 1595 1150 1635; x_wconf 81' lang='lat' dir='ltr'>Geraseni,</span> <span class='ocrx_word' id='word_1_231' title='bbox 1181 1604 1224 1627; x_wconf 79' lang='lat' dir='ltr'>ex</span> <span class='ocrx_word' id='word_1_232' title='bbox 1245 1593 1318 1626; x_wconf 82' lang='lat' dir='ltr'>eius</span> <span class='ocrx_word' id='word_1_233' title='bbox 1346 1592 1512 1626; x_wconf 81' lang='lat' dir='ltr'>Introdu-</span> 
     </span>
     <span class='ocr_line' id='line_1_26' title="bbox 109 1651 1512 1696; baseline -0.003 -8"><span class='ocrx_word' id='word_1_234' title='bbox 109 1654 220 1688; x_wconf 77' lang='lat' dir='ltr'>ctione</span> <span class='ocrx_word' id='word_1_235' title='bbox 251 1653 474 1688; x_wconf 75' lang='lat' dir='ltr'>arithmetica</span> <span class='ocrx_word' id='word_1_236' title='bbox 499 1653 579 1686; x_wconf 88' lang='lat' dir='ltr'>Lib.</span> <span class='ocrx_word' id='word_1_237' title='bbox 605 1654 632 1687; x_wconf 92' lang='lat' dir='ltr'><strong><em>I.</em></strong></span> <span class='ocrx_word' id='word_1_238' title='bbox 654 1663 729 1696; x_wconf 89' lang='lat' dir='ltr'>cap.</span> <span class='ocrx_word' id='word_1_239' title='bbox 754 1652 809 1686; x_wconf 80' lang='lat'><strong><em>19.</em></strong></span> <span class='ocrx_word' id='word_1_240' title='bbox 833 1663 866 1694; x_wconf 89' lang='lat' dir='ltr'><strong><em>p.</em></strong></span> <span class='ocrx_word' id='word_1_241' title='bbox 883 1652 939 1686; x_wconf 85' lang='lat'><strong><em>95.</em></strong></span> <span class='ocrx_word' id='word_1_242' title='bbox 961 1652 1014 1685; x_wconf 87' lang='lat' dir='ltr'>ed.</span> <span class='ocrx_word' id='word_1_243' title='bbox 1036 1654 1109 1685; x_wconf 84' lang='lat' dir='ltr'>Ast.</span> <span class='ocrx_word' id='word_1_244' title='bbox 1134 1661 1201 1693; x_wconf 92' lang='lat' dir='ltr'><strong><em>quo</em></strong></span> <span class='ocrx_word' id='word_1_245' title='bbox 1234 1651 1311 1682; x_wconf 90' lang='lat' dir='ltr'>loco</span> <span class='ocrx_word' id='word_1_246' title='bbox 1329 1653 1512 1692; x_wconf 85' lang='lat' dir='ltr'>postquam</span> 
     </span>
     <span class='ocr_line' id='line_1_27' title="bbox 109 1705 1511 1753; baseline -0.003 -10"><span class='ocrx_word' id='word_1_247' title='bbox 109 1711 280 1744; x_wconf 79' lang='lat' dir='ltr'>rationum</span> <span class='ocrx_word' id='word_1_248' title='bbox 300 1710 663 1753; x_wconf 81' lang='lat' dir='ltr'>superparticularium</span> <span class='ocrx_word' id='word_1_249' title='bbox 691 1710 847 1752; x_wconf 88' lang='lat' dir='ltr'>primam,</span> <span class='ocrx_word' id='word_1_250' title='bbox 877 1709 1152 1751; x_wconf 86' lang='lat' dir='ltr'>sesquialteram,</span> <span class='ocrx_word' id='word_1_251' title='bbox 1181 1706 1358 1749; x_wconf 85' lang='lat' dir='ltr'>explicuit,</span> <span class='ocrx_word' id='word_1_252' title='bbox 1385 1705 1430 1739; x_wconf 86' lang='lat' dir='ltr'>de</span> <span class='ocrx_word' id='word_1_253' title='bbox 1453 1716 1511 1740; x_wconf 86' lang='lat' dir='ltr'>se-</span> 
     </span>
     <span class='ocr_line' id='line_1_28' title="bbox 111 1757 1507 1805; baseline -0.004 -5"><span class='ocrx_word' id='word_1_254' title='bbox 111 1767 225 1801; x_wconf 87' lang='lat' dir='ltr'>cunda</span> <span class='ocrx_word' id='word_1_255' title='bbox 255 1765 342 1799; x_wconf 86' lang='lat' dir='ltr'>haec</span> <span class='ocrx_word' id='word_1_256' title='bbox 371 1766 499 1800; x_wconf 84' lang='lat' dir='ltr'>habet:</span> <span class='ocrx_word' id='word_1_257' title='bbox 528 1762 614 1799; x_wconf 80' lang='grc' dir='ltr'><strong><em>Ἐὰν</em></strong></span> <span class='ocrx_word' id='word_1_258' title='bbox 633 1761 674 1799; x_wconf 76' lang='grc' dir='ltr'><strong><em>δὲ</em></strong></span> <span class='ocrx_word' id='word_1_259' title='bbox 698 1762 978 1805; x_wconf 80' lang='grc' dir='ltr'><strong><em>ἐπισκέψασθαι</em></strong></span> <span class='ocrx_word' id='word_1_260' title='bbox 1003 1762 1174 1805; x_wconf 78' lang='grc' dir='ltr'><strong><em>θέλωμεν</em></strong></span> <span class='ocrx_word' id='word_1_261' title='bbox 1193 1759 1236 1796; x_wconf 86' lang='grc' dir='ltr'><strong><em>τὸ</em></strong></span> <span class='ocrx_word' id='word_1_262' title='bbox 1258 1757 1433 1805; x_wconf 81' lang='grc' dir='ltr'><strong><em>δεύτερον</em></strong></span> <span class='ocrx_word' id='word_1_263' title='bbox 1457 1757 1507 1796; x_wconf 86' lang='grc' dir='ltr'><strong><em>εἷ-</em></strong></span> 
     </span>
     <span class='ocr_line' id='line_1_29' title="bbox 111 1815 1507 1868; baseline -0.005 -10"><span class='ocrx_word' id='word_1_264' title='bbox 111 1822 177 1862; x_wconf 85' lang='grc' dir='ltr'><strong><em>δος</em></strong></span> <span class='ocrx_word' id='word_1_265' title='bbox 200 1821 268 1856; x_wconf 82' lang='grc' dir='ltr'><strong><em>τοῦ</em></strong></span> <span class='ocrx_word' id='word_1_266' title='bbox 304 1819 524 1868; x_wconf 77' lang='grc' dir='ltr'><strong><em>ἐπιμορίου,</em></strong></span> <span class='ocrx_word' id='word_1_267' title='bbox 563 1817 730 1856; x_wconf 82' lang='grc' dir='ltr'><strong><em>τουτέστι</em></strong></span> <span class='ocrx_word' id='word_1_268' title='bbox 756 1817 800 1855; x_wconf 84' lang='grc' dir='ltr'><strong><em>τὸ</em></strong></span> <span class='ocrx_word' id='word_1_269' title='bbox 832 1816 1092 1864; x_wconf 70' lang='grc' dir='ltr'><strong><em>ἐπίτριτον-</em></strong></span> <span class='ocrx_word' id='word_1_270' title='bbox 1113 1815 1262 1862; x_wconf 72' lang='grc' dir='ltr'><strong><em>συνεχὲς</em></strong></span> <span class='ocrx_word' id='word_1_271' title='bbox 1293 1815 1364 1862; x_wconf 77' lang='grc' dir='ltr'><strong><em>γὰρ</em></strong></span> <span class='ocrx_word' id='word_1_272' title='bbox 1392 1816 1507 1862; x_wconf 81' lang='grc' dir='ltr'><em>μέρος</em></span> 
     </span>
     <span class='ocr_line' id='line_1_30' title="bbox 110 1869 1505 1923; baseline -0.004 -9"><span class='ocrx_word' id='word_1_273' title='bbox 110 1878 278 1923; x_wconf 74' lang='grc' dir='ltr'><strong><em>φυσικοῖς</em></strong></span> <span class='ocrx_word' id='word_1_274' title='bbox 303 1874 396 1922; x_wconf 68' lang='grc' dir='ltr'><strong><em>μετὰ</em></strong></span> <span class='ocrx_word' id='word_1_275' title='bbox 425 1875 467 1912; x_wconf 88' lang='grc' dir='ltr'><strong><em>τὸ</em></strong></span> <span class='ocrx_word' id='word_1_276' title='bbox 491 1872 606 1921; x_wconf 78' lang='grc' dir='ltr'><strong><em>ἥμισυ</em></strong></span> <span class='ocrx_word' id='word_1_277' title='bbox 622 1872 780 1921; x_wconf 75' lang='grc' dir='ltr'><strong><em>ὑπάρχει</em></strong></span> <span class='ocrx_word' id='word_1_278' title='bbox 798 1873 841 1910; x_wconf 82' lang='grc' dir='ltr'><strong><em>τὸ</em></strong></span> <span class='ocrx_word' id='word_1_279' title='bbox 862 1876 989 1921; x_wconf 90' lang='grc' dir='ltr'><strong><em>τρίτον</em></strong></span> <span class='ocrx_word' id='word_1_280' title='bbox 1008 1898 1058 1902; x_wconf 92' lang='lat'><strong><em>—-</em></strong></span> <span class='ocrx_word' id='word_1_281' title='bbox 1083 1872 1174 1920; x_wconf 75' lang='grc' dir='ltr'><strong><em>ὅρον</em></strong></span> <span class='ocrx_word' id='word_1_282' title='bbox 1195 1872 1262 1919; x_wconf 74' lang='grc' dir='ltr'><strong><em>μὲν</em></strong></span> <span class='ocrx_word' id='word_1_283' title='bbox 1277 1869 1397 1909; x_wconf 73' lang='grc' dir='ltr'><strong><em>αὐτοῦ</em></strong></span> <span class='ocrx_word' id='word_1_284' title='bbox 1423 1871 1505 1917; x_wconf 70' lang='grc' dir='ltr'><strong><em>ἕξο-</em></strong></span> 
     </span>
     <span class='ocr_line' id='line_1_31' title="bbox 109 1929 1505 1981; baseline -0.003 -11"><span class='ocrx_word' id='word_1_285' title='bbox 109 1947 179 1981; x_wconf 86' lang='grc' dir='ltr'><strong><em>μεν</em></strong></span> <span class='ocrx_word' id='word_1_286' title='bbox 196 1935 353 1979; x_wconf 83' lang='grc' dir='ltr'><strong><em>τοῦτον,</em></strong></span> <span class='ocrx_word' id='word_1_287' title='bbox 385 1930 552 1979; x_wconf 70' lang='grc' dir='ltr'><strong><em>ἀριθμὸς</em></strong></span> <span class='ocrx_word' id='word_1_288' title='bbox 581 1930 600 1968; x_wconf 88' lang='grc' dir='ltr'>ὁ</span> <span class='ocrx_word' id='word_1_289' title='bbox 626 1932 719 1978; x_wconf 76' lang='grc' dir='ltr'><strong><em>ἔχων</em></strong></span> <span class='ocrx_word' id='word_1_290' title='bbox 744 1931 783 1968; x_wconf 82' lang='grc' dir='ltr'><strong><em>ἐν</em></strong></span> <span class='ocrx_word' id='word_1_291' title='bbox 808 1932 927 1981; x_wconf 70' lang='grc' dir='ltr'><strong><em>ἑαυτῷ</em></strong></span> <span class='ocrx_word' id='word_1_292' title='bbox 951 1929 1041 1968; x_wconf 84' lang='grc' dir='ltr'><strong><em>ὅλον</em></strong></span> <span class='ocrx_word' id='word_1_293' title='bbox 1061 1946 1099 1968; x_wconf 83' lang='grc' dir='ltr'><strong><em>τε</em></strong></span> <span class='ocrx_word' id='word_1_294' title='bbox 1118 1930 1187 1967; x_wconf 87' lang='grc' dir='ltr'><strong><em>τὸν</em></strong></span> <span class='ocrx_word' id='word_1_295' title='bbox 1216 1929 1505 1976; x_wconf 78' lang='grc' dir='ltr'><strong><em>συγκρινόμενον</em></strong></span> 
     </span>
     <span class='ocr_line' id='line_1_32' title="bbox 108 1983 1508 2038; baseline -0.004 -11"><span class='ocrx_word' id='word_1_296' title='bbox 108 1992 172 2028; x_wconf 77' lang='grc' dir='ltr'><strong><em>καὶ</em></strong></span> <span class='ocrx_word' id='word_1_297' title='bbox 195 1989 307 2037; x_wconf 81' lang='grc' dir='ltr'><strong><em>μέρος</em></strong></span> <span class='ocrx_word' id='word_1_298' title='bbox 332 1987 452 2027; x_wconf 62' lang='lat' dir='ltr'>aizoi</span> <span class='ocrx_word' id='word_1_299' title='bbox 467 1992 596 2036; x_wconf 88' lang='grc' dir='ltr'><strong><em>τρίτον</em></strong></span> <span class='ocrx_word' id='word_1_300' title='bbox 615 1989 710 2034; x_wconf 86' lang='grc' dir='ltr'><strong><em>πρὸς</em></strong></span> <span class='ocrx_word' id='word_1_301' title='bbox 726 1990 779 2038; x_wconf 78' lang='grc' dir='ltr'><strong><em>τῷ</em></strong></span> <span class='ocrx_word' id='word_1_302' title='bbox 798 1986 871 2036; x_wconf 77' lang='grc' dir='ltr'><strong><em>ὅλῳ</em></strong></span> <span class='ocrx_word' id='word_1_303' title='bbox 887 1999 894 2006; x_wconf 95' lang='grc'><em>“</em></span> <span class='ocrx_word' id='word_1_304' title='bbox 925 1986 1183 2035; x_wconf 71' lang='grc' dir='ltr'><strong><em>’ὑποδείγματα</em></strong></span> <span class='ocrx_word' id='word_1_305' title='bbox 1200 1986 1241 2023; x_wconf 80' lang='grc' dir='ltr'><strong><em>δὲ</em></strong></span> <span class='ocrx_word' id='word_1_306' title='bbox 1263 1983 1380 2023; x_wconf 71' lang='grc' dir='ltr'><strong><em>αὐτοῦ</em></strong></span> <span class='ocrx_word' id='word_1_307' title='bbox 1402 1984 1508 2024; x_wconf 72' lang='grc' dir='ltr'><strong><em>εὔτα-</em></strong></span> 
     </span>
     <span class='ocr_line' id='line_1_33' title="bbox 107 2042 1507 2093; baseline -0.003 -8"><span class='ocrx_word' id='word_1_308' title='bbox 107 2063 178 2085; x_wconf 83' lang='grc' dir='ltr'><strong><em>κτοι</em></strong></span> <span class='ocrx_word' id='word_1_309' title='bbox 195 2045 459 2093; x_wconf 79' lang='grc' dir='ltr'><strong><em>ληφθήσονται</em></strong></span> <span class='ocrx_word' id='word_1_310' title='bbox 479 2045 566 2093; x_wconf 77' lang='grc' dir='ltr'><strong><em>ἡμῖν</em></strong></span> <span class='ocrx_word' id='word_1_311' title='bbox 580 2047 616 2083; x_wconf 81' lang='grc' dir='ltr'><strong><em>οὶ</em></strong></span> <span class='ocrx_word' id='word_1_312' title='bbox 635 2043 712 2083; x_wconf 91' lang='grc' dir='ltr'><strong><em>απὸ</em></strong></span> <span class='ocrx_word' id='word_1_313' title='bbox 729 2045 910 2092; x_wconf 77' lang='grc' dir='ltr'><strong><em>τετράδος</em></strong></span> <span class='ocrx_word' id='word_1_314' title='bbox 928 2051 1092 2091; x_wconf 78' lang='grc' dir='ltr'><strong><em>συνεχεῖς</em></strong></span> <span class='ocrx_word' id='word_1_315' title='bbox 1110 2042 1387 2090; x_wconf 80' lang='grc' dir='ltr'><strong><em>τετραπλάσιοι,</em></strong></span> <span class='ocrx_word' id='word_1_316' title='bbox 1402 2056 1507 2081; x_wconf 87' lang='grc' dir='ltr'><strong><em>συνε-</em></strong></span> 
     </span>
     <span class='ocr_line' id='line_1_34' title="bbox 107 2098 1505 2151; baseline -0.001 -10"><span class='ocrx_word' id='word_1_317' title='bbox 107 2105 300 2151; x_wconf 78' lang='grc' dir='ltr'><strong><em>ζευγμένοι</em></strong></span> <span class='ocrx_word' id='word_1_318' title='bbox 312 2107 390 2146; x_wconf 88' lang='grc' dir='ltr'><strong><em>τοῖς</em></strong></span> <span class='ocrx_word' id='word_1_319' title='bbox 406 2102 482 2141; x_wconf 71' lang='grc' dir='ltr'><strong><em>ἀπὸ</em></strong></span> <span class='ocrx_word' id='word_1_320' title='bbox 505 2101 657 2150; x_wconf 77' lang='grc' dir='ltr'><strong><em>τριάδος</em></strong></span> <span class='ocrx_word' id='word_1_321' title='bbox 667 2106 910 2151; x_wconf 79' lang='grc' dir='ltr'><strong><em>τριπλασίοις,</em></strong></span> <span class='ocrx_word' id='word_1_322' title='bbox 932 2099 1130 2149; x_wconf 85' lang='grc' dir='ltr'><strong><em>ομοταγεῖς</em></strong></span> <span class='ocrx_word' id='word_1_323' title='bbox 1143 2098 1505 2147; x_wconf 79' lang='grc' dir='ltr'><strong><em>ὁμοταγέσιν,οἴονό</em></strong></span> 
     </span>
    </p>
   </div>
   <div class='ocr_carea' id='block_1_3' title="bbox 107 2169 1507 2337">
    <p class='ocr_par' dir='ltr' id='par_1_3' title="bbox 107 2169 1507 2335">
     <span class='ocr_line' id='line_1_35' title="bbox 108 2169 1505 2226; baseline -0.002 -16"><span class='ocrx_word' id='word_1_324' title='bbox 108 2179 132 2210; x_wconf 80' lang='grc' dir='ltr'><strong><em>δ</em></strong></span> <span class='ocrx_word' id='word_1_325' title='bbox 150 2175 202 2224; x_wconf 78' lang='grc' dir='ltr'><strong><em>τῷ</em></strong></span> <span class='ocrx_word' id='word_1_326' title='bbox 221 2187 262 2222; x_wconf 87' lang='grc' dir='ltr'><strong><em>γ,</em></strong></span> <span class='ocrx_word' id='word_1_327' title='bbox 294 2172 313 2212; x_wconf 79' lang='grc' dir='ltr'>ὁ</span> <span class='ocrx_word' id='word_1_328' title='bbox 336 2189 360 2221; x_wconf 91' lang='grc' dir='ltr'><em>η</em></span> <span class='ocrx_word' id='word_1_329' title='bbox 387 2176 440 2226; x_wconf 79' lang='grc' dir='ltr'><strong><em>τῷ</em></strong></span> <span class='ocrx_word' id='word_1_330' title='bbox 460 2188 522 2219; x_wconf 87' lang='grc' dir='ltr'><strong><em>στ,</em></strong></span> <span class='ocrx_word' id='word_1_331' title='bbox 554 2170 573 2210; x_wconf 81' lang='grc' dir='ltr'>ὁ</span> <span class='ocrx_word' id='word_1_332' title='bbox 600 2177 636 2222; x_wconf 89' lang='grc' dir='ltr'><strong><em>ιβ</em></strong></span> <span class='ocrx_word' id='word_1_333' title='bbox 656 2176 776 2226; x_wconf 74' lang='grc' dir='ltr'><strong><em>τῷθ,</em></strong></span> <span class='ocrx_word' id='word_1_334' title='bbox 807 2190 827 2211; x_wconf 93' lang='grc' dir='ltr'><strong><em>ο</em></strong></span> <span class='ocrx_word' id='word_1_335' title='bbox 852 2188 909 2210; x_wconf 89' lang='grc' dir='ltr'><strong><em>ιστ</em></strong></span> <span class='ocrx_word' id='word_1_336' title='bbox 932 2175 984 2222; x_wconf 80' lang='grc' dir='ltr'><strong><em>τῷ</em></strong></span> <span class='ocrx_word' id='word_1_337' title='bbox 1010 2177 1067 2222; x_wconf 84' lang='grc' dir='ltr'><strong><em>ιβ,</em></strong></span> <span class='ocrx_word' id='word_1_338' title='bbox 1099 2174 1161 2210; x_wconf 85' lang='grc' dir='ltr'><strong><em>και</em></strong></span> <span class='ocrx_word' id='word_1_339' title='bbox 1198 2170 1295 2208; x_wconf 70' lang='grc' dir='ltr'><strong><em>κατά</em></strong></span> <span class='ocrx_word' id='word_1_340' title='bbox 1321 2171 1370 2208; x_wconf 78' lang='grc' dir='ltr'><strong><em>τὰ</em></strong></span> <span class='ocrx_word' id='word_1_341' title='bbox 1405 2169 1505 2208; x_wconf 67' lang='lat' dir='ltr'>avt&amp;</span> 
     </span>
     <span class='ocr_line' id='line_1_36' title="bbox 108 2227 1507 2280; baseline -0.001 -13"><span class='ocrx_word' id='word_1_342' title='bbox 108 2227 178 2276; x_wconf 78' lang='grc' dir='ltr'><strong><em>ἐφ’</em></strong></span> <span class='ocrx_word' id='word_1_343' title='bbox 200 2227 373 2269; x_wconf 84' lang='grc' dir='ltr'><strong><em>οσονοῦν.</em></strong></span> <span class='ocrx_word' id='word_1_344' title='bbox 430 2234 554 2276; x_wconf 78' lang='grc' dir='ltr'><strong><em>Δῆλον</em></strong></span> <span class='ocrx_word' id='word_1_345' title='bbox 575 2230 634 2277; x_wconf 75' lang='grc' dir='ltr'><strong><em>δὲ,</em></strong></span> <span class='ocrx_word' id='word_1_346' title='bbox 667 2229 726 2267; x_wconf 81' lang='grc' dir='ltr'><strong><em>ὅτι</em></strong></span> <span class='ocrx_word' id='word_1_347' title='bbox 757 2230 776 2268; x_wconf 85' lang='grc' dir='ltr'>ὁ</span> <span class='ocrx_word' id='word_1_348' title='bbox 797 2229 1081 2268; x_wconf 81' lang='grc' dir='ltr'><strong><em>ανθυπακούων</em></strong></span> <span class='ocrx_word' id='word_1_349' title='bbox 1103 2232 1154 2280; x_wconf 79' lang='grc' dir='ltr'><strong><em>τῷ</em></strong></span> <span class='ocrx_word' id='word_1_350' title='bbox 1176 2228 1371 2278; x_wconf 78' lang='grc' dir='ltr'><strong><em>ἐπιτρίτῳ,</em></strong></span> <span class='ocrx_word' id='word_1_351' title='bbox 1401 2227 1507 2275; x_wconf 83' lang='grc' dir='ltr'><strong><em>λεγό-</em></strong></span> 
     </span>
     <span class='ocr_line' id='line_1_37' title="bbox 107 2283 1506 2337; baseline 0 -14"><span class='ocrx_word' id='word_1_352' title='bbox 107 2301 218 2333; x_wconf 88' lang='grc' dir='ltr'><strong><em>μενος</em></strong></span> <span class='ocrx_word' id='word_1_353' title='bbox 241 2288 282 2325; x_wconf 76' lang='grc' dir='ltr'><strong><em>δὲ</em></strong></span> <span class='ocrx_word' id='word_1_354' title='bbox 308 2289 376 2325; x_wconf 82' lang='grc' dir='ltr'><strong><em>σὺν</em></strong></span> <span class='ocrx_word' id='word_1_355' title='bbox 393 2289 438 2337; x_wconf 84' lang='grc' dir='ltr'><strong><em>τῇ</em></strong></span> <span class='ocrx_word' id='word_1_356' title='bbox 459 2285 533 2325; x_wconf 87' lang='grc' dir='ltr'><strong><em>υπό</em></strong></span> <span class='ocrx_word' id='word_1_357' title='bbox 553 2287 734 2334; x_wconf 80' lang='grc' dir='ltr'><strong><em>προθέσει</em></strong></span> <span class='ocrx_word' id='word_1_358' title='bbox 751 2287 1004 2335; x_wconf 79' lang='grc' dir='ltr'><strong><em>υπεπίτριτος,</em></strong></span> <span class='ocrx_word' id='word_1_359' title='bbox 1035 2283 1173 2325; x_wconf 73' lang='grc' dir='ltr'><strong><em>ἐστὶν</em></strong></span> <span class='ocrx_word' id='word_1_360' title='bbox 1155 2302 1174 2324; x_wconf 94' lang='grc' dir='ltr'><strong><em>ο</em></strong></span> <span class='ocrx_word' id='word_1_361' title='bbox 1196 2286 1506 2332; x_wconf 81' lang='grc' dir='ltr'><strong><em>ἐμπεριεχόμενος</em></strong></span> 
     </span>
    </p>
   </div>
   <div class='ocr_carea' id='block_1_4' title="bbox 107 2354 1504 2423">
    <p class='ocr_par' dir='ltr' id='par_1_4' title="bbox 107 2354 1504 2423">
     <span class='ocr_line' id='line_1_38' title="bbox 107 2354 1504 2423; baseline -0.001 -29"><span class='ocrx_word' id='word_1_362' title='bbox 107 2357 236 2410; x_wconf 73' lang='grc' dir='ltr'><strong><em>ἐκείνῳ</em></strong></span> <span class='ocrx_word' id='word_1_363' title='bbox 237 2357 355 2423; x_wconf 66' lang='grc' dir='ltr'><strong><em>-ὅλος</em></strong></span> <span class='ocrx_word' id='word_1_364' title='bbox 383 2373 422 2396; x_wconf 88' lang='grc' dir='ltr'><strong><em>τε</em></strong></span> <span class='ocrx_word' id='word_1_365' title='bbox 449 2360 511 2397; x_wconf 82' lang='grc' dir='ltr'><strong><em>καὶ</em></strong></span> <span class='ocrx_word' id='word_1_366' title='bbox 539 2360 689 2405; x_wconf 85' lang='grc' dir='ltr'><strong><em>προσέτι</em></strong></span> <span class='ocrx_word' id='word_1_367' title='bbox 721 2357 841 2397; x_wconf 85' lang='grc' dir='ltr'><strong><em>αυτοῦ</em></strong></span> <span class='ocrx_word' id='word_1_368' title='bbox 862 2363 1010 2408; x_wconf 85' lang='grc' dir='ltr'><strong><em>τρίτον,</em></strong></span> <span class='ocrx_word' id='word_1_369' title='bbox 1041 2374 1091 2402; x_wconf 85' lang='grc' dir='ltr'><strong><em>ως</em></strong></span> <span class='ocrx_word' id='word_1_370' title='bbox 1114 2356 1132 2395; x_wconf 85' lang='grc' dir='ltr'>ὁ</span> <span class='ocrx_word' id='word_1_371' title='bbox 1149 2371 1216 2404; x_wconf 86' lang='grc' dir='ltr'><strong><em>μεν</em></strong></span> <span class='ocrx_word' id='word_1_372' title='bbox 1233 2372 1254 2404; x_wconf 94' lang='grc' dir='ltr'><strong><em>γ</em></strong></span> <span class='ocrx_word' id='word_1_373' title='bbox 1276 2360 1327 2408; x_wconf 82' lang='grc' dir='ltr'><strong><em>τῷ</em></strong></span> <span class='ocrx_word' id='word_1_374' title='bbox 1350 2361 1392 2403; x_wconf 79' lang='grc' dir='ltr'><strong><em>ὃ,</em></strong></span> <span class='ocrx_word' id='word_1_375' title='bbox 1424 2371 1443 2394; x_wconf 87' lang='grc' dir='ltr'><strong><em>ο</em></strong></span> <span class='ocrx_word' id='word_1_376' title='bbox 1463 2354 1504 2394; x_wconf 72' lang='grc' dir='ltr'><strong><em>δὲ</em></strong></span> 
     </span>
    </p>
   </div>
   <div class='ocr_carea' id='block_1_5' title="bbox 105 2426 1503 2706">
    <p class='ocr_par' dir='ltr' id='par_1_5' title="bbox 105 2426 1503 2706">
     <span class='ocr_line' id='line_1_39' title="bbox 107 2426 1503 2482; baseline -0.003 -13"><span class='ocrx_word' id='word_1_377' title='bbox 107 2443 150 2469; x_wconf 82' lang='grc' dir='ltr'><strong><em>στ</em></strong></span> <span class='ocrx_word' id='word_1_378' title='bbox 168 2433 220 2481; x_wconf 78' lang='grc' dir='ltr'><strong><em>τῷ</em></strong></span> <span class='ocrx_word' id='word_1_379' title='bbox 249 2445 294 2478; x_wconf 85' lang='grc' dir='ltr'><strong><em>η,</em></strong></span> <span class='ocrx_word' id='word_1_380' title='bbox 326 2427 345 2468; x_wconf 85' lang='grc' dir='ltr'>ὁ</span> <span class='ocrx_word' id='word_1_381' title='bbox 366 2430 405 2482; x_wconf 74' lang='grc' dir='ltr'><strong><em>δὲ</em></strong></span> <span class='ocrx_word' id='word_1_382' title='bbox 435 2436 465 2467; x_wconf 75' lang='grc' dir='ltr'><strong>θ</strong></span> <span class='ocrx_word' id='word_1_383' title='bbox 493 2433 547 2480; x_wconf 80' lang='grc' dir='ltr'><strong><em>τῷ</em></strong></span> <span class='ocrx_word' id='word_1_384' title='bbox 571 2435 629 2480; x_wconf 82' lang='grc' dir='ltr'><strong><em>ιβ,</em></strong></span> <span class='ocrx_word' id='word_1_385' title='bbox 660 2432 722 2469; x_wconf 79' lang='grc' dir='ltr'><strong><em>καὶ</em></strong></span> <span class='ocrx_word' id='word_1_386' title='bbox 755 2447 791 2469; x_wconf 91' lang='grc' dir='ltr'><strong><em>οι</em></strong></span> <span class='ocrx_word' id='word_1_387' title='bbox 816 2430 1026 2469; x_wconf 80' lang='grc' dir='ltr'><strong><em>οἷκόλουθοι</em></strong></span> <span class='ocrx_word' id='word_1_388' title='bbox 1054 2432 1128 2467; x_wconf 78' lang='grc' dir='ltr'><strong><em>τῶν</em></strong></span> <span class='ocrx_word' id='word_1_389' title='bbox 1155 2426 1362 2475; x_wconf 83' lang='grc' dir='ltr'><strong><em>ὁμοταγῶν.</em></strong></span> <span class='ocrx_word' id='word_1_390' title='bbox 1422 2432 1503 2465; x_wconf 88' lang='grc' dir='ltr'><strong><em>Πα-</em></strong></span> 
     </span>
     <span class='ocr_line' id='line_1_40' title="bbox 107 2484 1503 2535; baseline 0 -13"><span class='ocrx_word' id='word_1_391' title='bbox 107 2487 337 2535; x_wconf 83' lang='grc' dir='ltr'><strong><em>ρατηρητέον</em></strong></span> <span class='ocrx_word' id='word_1_392' title='bbox 374 2486 414 2524; x_wconf 76' lang='grc' dir='ltr'><strong><em>δὲ</em></strong></span> <span class='ocrx_word' id='word_1_393' title='bbox 441 2487 483 2524; x_wconf 87' lang='grc' dir='ltr'><strong><em>τὸ</em></strong></span> <span class='ocrx_word' id='word_1_394' title='bbox 511 2487 776 2534; x_wconf 81' lang='grc' dir='ltr'><strong><em>παρεπόμενον</em></strong></span> <span class='ocrx_word' id='word_1_395' title='bbox 817 2491 908 2526; x_wconf 79' lang='grc' dir='ltr'><strong><em>πᾶσι</em></strong></span> <span class='ocrx_word' id='word_1_396' title='bbox 939 2488 1088 2530; x_wconf 83' lang='grc' dir='ltr'><strong><em>τούτοις</em></strong></span> <span class='ocrx_word' id='word_1_397' title='bbox 1117 2486 1332 2534; x_wconf 82' lang='grc' dir='ltr'><strong><em>γλαφυρὸν,</em></strong></span> <span class='ocrx_word' id='word_1_398' title='bbox 1376 2484 1435 2524; x_wconf 77' lang='grc' dir='ltr'><strong><em>ὅτι</em></strong></span> <span class='ocrx_word' id='word_1_399' title='bbox 1465 2485 1503 2523; x_wconf 78' lang='grc' dir='ltr'><strong><em>οὶ</em></strong></span> 
     </span>
     <span class='ocr_line' id='line_1_41' title="bbox 105 2541 1501 2593; baseline 0 -13"><span class='ocrx_word' id='word_1_400' title='bbox 105 2543 172 2590; x_wconf 74' lang='grc' dir='ltr'><strong><em>μὲν</em></strong></span> <span class='ocrx_word' id='word_1_401' title='bbox 189 2546 332 2591; x_wconf 79' lang='grc' dir='ltr'><strong><em>πρῶτοι</em></strong></span> <span class='ocrx_word' id='word_1_402' title='bbox 350 2546 413 2582; x_wconf 76' lang='grc' dir='ltr'><strong><em>καὶ</em></strong></span> <span class='ocrx_word' id='word_1_403' title='bbox 434 2545 627 2591; x_wconf 80' lang='grc' dir='ltr'><strong><em>πυθμένες</em></strong></span> <span class='ocrx_word' id='word_1_404' title='bbox 659 2545 849 2592; x_wconf 73' lang='grc' dir='ltr'><strong><em>λεγόμενοι</em></strong></span> <span class='ocrx_word' id='word_1_405' title='bbox 869 2543 975 2593; x_wconf 73' lang='grc' dir='ltr'><strong><em>ἐγγύς</em></strong></span> <span class='ocrx_word' id='word_1_406' title='bbox 998 2546 1090 2581; x_wconf 81' lang='grc' dir='ltr'><strong><em>εἰσιν</em></strong></span> <span class='ocrx_word' id='word_1_407' title='bbox 1109 2541 1278 2590; x_wconf 70' lang='grc' dir='ltr'><strong><em>ἀλλήλων</em></strong></span> <span class='ocrx_word' id='word_1_408' title='bbox 1297 2543 1338 2580; x_wconf 79' lang='grc' dir='ltr'><strong><em>ἐν</em></strong></span> <span class='ocrx_word' id='word_1_409' title='bbox 1358 2544 1410 2592; x_wconf 81' lang='grc' dir='ltr'><strong><em>τῷ</em></strong></span> <span class='ocrx_word' id='word_1_410' title='bbox 1430 2556 1501 2590; x_wconf 84' lang='grc' dir='ltr'><strong><em>φυ-</em></strong></span> 
     </span>
     <span class='ocr_line' id='line_1_42' title="bbox 107 2596 1500 2651; baseline -0.001 -14"><span class='ocrx_word' id='word_1_411' title='bbox 107 2603 201 2651; x_wconf 79' lang='grc' dir='ltr'><strong><em>σικῷ</em></strong></span> <span class='ocrx_word' id='word_1_412' title='bbox 225 2600 384 2649; x_wconf 69' lang='grc' dir='ltr'><strong><em>κύματι,</em></strong></span> <span class='ocrx_word' id='word_1_413' title='bbox 415 2603 452 2638; x_wconf 81' lang='grc' dir='ltr'><strong><em>οἱ</em></strong></span> <span class='ocrx_word' id='word_1_414' title='bbox 479 2601 519 2639; x_wconf 77' lang='grc' dir='ltr'><strong><em>δὲ</em></strong></span> <span class='ocrx_word' id='word_1_415' title='bbox 553 2600 722 2648; x_wconf 77' lang='grc' dir='ltr'><strong><em>δεύτεροι</em></strong></span> <span class='ocrx_word' id='word_1_416' title='bbox 754 2600 831 2640; x_wconf 74' lang='grc' dir='ltr'><strong><em>ἀπὸ</em></strong></span> <span class='ocrx_word' id='word_1_417' title='bbox 857 2603 1063 2646; x_wconf 81' lang='grc' dir='ltr'><strong><em>πυθμένων</em></strong></span> <span class='ocrx_word' id='word_1_418' title='bbox 1093 2599 1158 2637; x_wconf 73' lang='grc' dir='ltr'><strong><em>ἕνα</em></strong></span> <span class='ocrx_word' id='word_1_419' title='bbox 1188 2599 1306 2646; x_wconf 86' lang='grc' dir='ltr'><strong><em>μόνον</em></strong></span> <span class='ocrx_word' id='word_1_420' title='bbox 1333 2596 1500 2646; x_wconf 66' lang='grc' dir='ltr'><strong><em>ἀριθμὸν</em></strong></span> 
     </span>
     <span class='ocr_line' id='line_1_43' title="bbox 106 2657 1499 2706; baseline -0.001 -11"><span class='ocrx_word' id='word_1_421' title='bbox 106 2660 376 2704; x_wconf 81' lang='grc' dir='ltr'><strong><em>διαλείπουσιν,</em></strong></span> <span class='ocrx_word' id='word_1_422' title='bbox 407 2660 444 2695; x_wconf 80' lang='grc' dir='ltr'><strong><em>οὶ</em></strong></span> <span class='ocrx_word' id='word_1_423' title='bbox 462 2658 501 2695; x_wconf 75' lang='grc' dir='ltr'><strong><em>δὲ</em></strong></span> <span class='ocrx_word' id='word_1_424' title='bbox 521 2662 641 2706; x_wconf 83' lang='grc' dir='ltr'><strong><em>τρίτοι</em></strong></span> <span class='ocrx_word' id='word_1_425' title='bbox 661 2659 743 2705; x_wconf 82' lang='grc' dir='ltr'><strong><em>δύο,</em></strong></span> <span class='ocrx_word' id='word_1_426' title='bbox 774 2662 811 2697; x_wconf 79' lang='grc' dir='ltr'><strong><em>οἱ</em></strong></span> <span class='ocrx_word' id='word_1_427' title='bbox 830 2659 870 2697; x_wconf 77' lang='grc' dir='ltr'><strong><em>δὲ</em></strong></span> <span class='ocrx_word' id='word_1_428' title='bbox 889 2660 1059 2706; x_wconf 83' lang='grc' dir='ltr'><strong><em>τέταρτοι</em></strong></span> <span class='ocrx_word' id='word_1_429' title='bbox 1081 2662 1189 2706; x_wconf 77' lang='grc' dir='ltr'><strong><em>τρεῖς,</em></strong></span> <span class='ocrx_word' id='word_1_430' title='bbox 1219 2658 1253 2695; x_wconf 73' lang='grc' dir='ltr'><strong><em>οἱ</em></strong></span> <span class='ocrx_word' id='word_1_431' title='bbox 1276 2657 1315 2694; x_wconf 74' lang='grc' dir='ltr'><strong><em>δὲ</em></strong></span> <span class='ocrx_word' id='word_1_432' title='bbox 1336 2657 1499 2704; x_wconf 82' lang='grc' dir='ltr'><strong><em>πέμπτοι</em></strong></span> 
     </span>
    </p>
   </div>
   <div class='ocr_carea' id='block_1_6' title="bbox 106 2724 1497 2835">
    <p class='ocr_par' dir='ltr' id='par_1_6' title="bbox 106 2724 1497 2835">
     <span class='ocr_line' id='line_1_44' title="bbox 107 2724 1496 2780; baseline -0.001 -15"><span class='ocrx_word' id='word_1_433' title='bbox 107 2731 151 2775; x_wconf 86' lang='grc' dir='ltr'><strong><em>δ,</em></strong></span> <span class='ocrx_word' id='word_1_434' title='bbox 185 2730 248 2766; x_wconf 77' lang='grc' dir='ltr'><strong><em>καὶ</em></strong></span> <span class='ocrx_word' id='word_1_435' title='bbox 279 2724 338 2766; x_wconf 73' lang='grc' dir='ltr'><strong><em>ἀεὶ</em></strong></span> <span class='ocrx_word' id='word_1_436' title='bbox 365 2725 506 2776; x_wconf 68' lang='grc' dir='ltr'><strong><em>οὕτως,</em></strong></span> <span class='ocrx_word' id='word_1_437' title='bbox 534 2730 661 2778; x_wconf 81' lang='grc' dir='ltr'><strong><em>μέχρις</em></strong></span> <span class='ocrx_word' id='word_1_438' title='bbox 679 2725 725 2768; x_wconf 74' lang='grc' dir='ltr'><strong><em>οὗ</em></strong></span> <span class='ocrx_word' id='word_1_439' title='bbox 753 2729 890 2780; x_wconf 81' lang='grc' dir='ltr'><strong><em>βούλει.</em></strong></span> <span class='ocrx_word' id='word_1_440' title='bbox 929 2730 1012 2768; x_wconf 74' lang='lat' dir='ltr'><strong><em>”En</em></strong></span> <span class='ocrx_word' id='word_1_441' title='bbox 1035 2744 1074 2776; x_wconf 84' lang='grc' dir='ltr'><strong><em>γε</em></strong></span> <span class='ocrx_word' id='word_1_442' title='bbox 1093 2729 1170 2778; x_wconf 85' lang='grc' dir='ltr'><strong><em>μὴν</em></strong></span> <span class='ocrx_word' id='word_1_443' title='bbox 1198 2730 1259 2766; x_wconf 70' lang='grc' dir='ltr'><strong><em>καὶ</em></strong></span> <span class='ocrx_word' id='word_1_444' title='bbox 1281 2726 1341 2765; x_wconf 76' lang='grc' dir='ltr'><strong><em>ὅτι</em></strong></span> <span class='ocrx_word' id='word_1_445' title='bbox 1363 2725 1406 2765; x_wconf 87' lang='grc' dir='ltr'>τὸ</span> <span class='ocrx_word' id='word_1_446' title='bbox 1429 2725 1496 2774; x_wconf 87' lang='grc' dir='ltr'><strong><em>μό-</em></strong></span> 
     </span>
     <span class='ocr_line' id='line_1_45' title="bbox 106 2781 1497 2835; baseline -0.002 -11"><span class='ocrx_word' id='word_1_447' title='bbox 106 2799 211 2832; x_wconf 81' lang='grc' dir='ltr'><strong><em>ριον,</em></strong></span> <span class='ocrx_word' id='word_1_448' title='bbox 240 2781 287 2824; x_wconf 74' lang='grc' dir='ltr'><strong><em>οὗ</em></strong></span> <span class='ocrx_word' id='word_1_449' title='bbox 315 2784 541 2834; x_wconf 77' lang='grc' dir='ltr'><strong><em>παρώνυμός</em></strong></span> <span class='ocrx_word' id='word_1_450' title='bbox 569 2787 668 2826; x_wconf 82' lang='grc' dir='ltr'><strong><em>ἐστιν</em></strong></span> <span class='ocrx_word' id='word_1_451' title='bbox 698 2787 849 2832; x_wconf 74' lang='grc' dir='ltr'><strong><em>’ἕκαστος</em></strong></span> <span class='ocrx_word' id='word_1_452' title='bbox 865 2790 939 2826; x_wconf 79' lang='grc' dir='ltr'><strong><em>τῶν</em></strong></span> <span class='ocrx_word' id='word_1_453' title='bbox 957 2787 1183 2835; x_wconf 80' lang='grc' dir='ltr'><strong><em>ἐπιμορίων,</em></strong></span> <span class='ocrx_word' id='word_1_454' title='bbox 1211 2785 1252 2824; x_wconf 81' lang='grc' dir='ltr'><strong><em>ἐν</em></strong></span> <span class='ocrx_word' id='word_1_455' title='bbox 1268 2790 1348 2830; x_wconf 84' lang='grc' dir='ltr'><strong><em>τοῖς</em></strong></span> <span class='ocrx_word' id='word_1_456' title='bbox 1367 2781 1497 2833; x_wconf 82' lang='grc' dir='ltr'><strong><em>ἥττοσι</em></strong></span> 
     </span>
    </p>
   </div>
  </div>
 </body>
</html>
