1764 3176
437 175 774 219 CIVITAS
820 175 1185 218 LIB.VHJ.562
1423 176 1479 217 77

101 290 290 347 γίγνεται
318 288 391 332 καὶ
427 288 474 331 ἐκ
504 289 801 344 δημοκρατίας
835 289 1064 341 τυραννίς;
1102 290 1229 339 Πως,·
1259 284 1315 329 ‘0
1343 284 1482 339 προῦ-
1511 285 1550 327 Β

100 363 253 408 asmo,
301 351 357 413 ἦν
398 355 441 399 δ’
473 356 581 411 ἐγω,
632 355 832 412 ἀγαθόν,
874 355 949 398 καὶ
990 353 1050 398 δι’
1092 350 1147 397 οὗ
1187 353 1215 411 ἡ
1256 353 1482 410 ὀλιγαρχία

101 426 337 468 καθίστατο
377 449 433 456 -
469 428 599 467 τοῦτο
638 423 685 468 δ’
719 426 775 480 ἡν
803 427 1004 474 πλοῦτος
1054 418 1082 478 ἦ
1121 423 1226 478 γάρ5
1270 424 1374 466 Ναί.
1430 422 1489 465 Ἡ

98 492 296 536 πλούτου
353 494 507 535 τοίνυν
565 490 779 548 απληστία
831 491 904 533 καὶ
954 489 982 546 ἡ
1036 494 1124 533 τῶν
1186 489 1328 534 ἄλλων
1379 490 1483 545 ἁμέ-

101 564 195 604 Ana
245 560 318 604 διὰ
366 560 664 617 χρηματισμόν
712 559 852 616 αὐτὴν
905 557 1096 602 ἀπώλλυ.

100 733 175 765 Ast.
199 743 251 777 pr.
282 731 473 776 γίγνεσθαι
504 727 762 785 ὑπέρπλουτος

99 778 184 822 legit
190 790 235 811 ar.
283 778 396 819 „Non
420 778 537 811 dubito
567 778 652 832 quin
676 778 763 811 scri-

100 824 246 858 bendum
269 804 314 857 sit
335 823 526 868 γίγνεσθαι
554 821 762 866 υπέρπλου-

101 881 179 904 τον
183 871 206 889 “
254 870 373 915 Steph.
401 876 513 904 annot.
540 882 574 914 p.
601 872 658 904 26.
683 871 762 902 Ste-

102 916 203 961 phani
226 916 451 950 coniecturam
476 918 592 950 Astius
626 917 660 949 in
693 927 761 949 sec.

102 965 138 995 et
171 965 251 996 tert.
281 966 417 995 secutus
452 959 762 1005 ε51;;υπέρπλου-

102 1019 184 1050 τος,
217 1008 306 1053 quod
330 1009 463 1042 codices
488 1011 523 1041 et
543 1009 682 1042 Ficinus
708 1008 764 1050 (id

104 1061 182 1089 erat
211 1056 412 1089 divitiarum
447 1056 572 1098 copia)
617 1055 763 1098 praebe-

103 1101 208 1141 bant,
261 1101 370 1134 eiecto
421 1102 525 1134 verbo
570 1100 762 1144 γίγνεσθαι

104 1147 282 1180 Bekkerus
313 1151 348 1180 et
371 1146 611 1180 Stallbaumius
644 1150 763 1179 tenue-

102 1197 193 1226 runt.
239 1193 311 1226 Iam
334 1204 418 1225 vero
454 1192 654 1225 adiectivum
687 1191 763 1236 quis

103 1239 223 1273 ferat?
255 1235 495 1272 Stallbauinius
529 1250 611 1271 saue
635 1240 704 1271 fert
729 1242 764 1270 et

105 1282 202 1328 α’νὴρ
226 1284 376 1329 suppleri
392 1284 504 1323 iubet,
529 1284 588 1317 sed
613 1289 680 1328 q'ua
705 1294 762 1316 ra-

104 1331 195 1365 tione
230 1330 348 1375 aliquis
380 1330 563 1374 praedives
595 1330 672 1362 finis
700 1330 761 1362 bo-

104 1387 222 1410 norum
254 1387 329 1409 esse
364 1376 489 1420 possit,
513 1387 579 1409 non
604 1376 760 1409 ostendit.

105 1423 360 1456 Substantivum
374 1425 483 1455 autem
501 1434 566 1467 quo
580 1422 686 1455 minus
704 1422 763 1454 ha-

105 1469 245 1511 beatur,
280 1469 423 1513 primum
467 1468 643 1512 analogia,
692 1471 763 1500 tum

104 1525 186 1548 usus
226 1526 292 1547 non
323 1514 427 1547 solum
462 1514 617 1568 Aeschyli
650 1514 761 1546 Proin.

104 1560 183 1595 466.
213 1556 379 1613 (ἄγαλμα
405 1560 472 1603 τῆς
501 1556 762 1603 υπερπλούτου

104 1606 247 1650 χλιδῆς)
274 1607 334 1639 sed
367 1607 472 1650 ipsius
496 1606 642 1639 Platonis
666 1605 765 1638 huius

106 1653 186 1685 libri
219 1664 252 1709 p.
286 1653 364 1686 552.
394 1653 432 1686 Β.
470 1649 515 1686 οὔ
547 1664 617 1695 γαρ
651 1647 697 1684 ἂν
728 1650 764 1684 οἱ

106 1695 172 1741 μὲν
207 1695 460 1741 υπέρπλουτοι
490 1698 606 1742 ήσαν,
654 1697 689 1730 οἱ
725 1694 763 1730 δὲ

106 1742 323 1777 παντάπασι
347 1742 500 1787 πένητες
525 1743 680 1784 dicentis,
705 1743 765 1776 de-

107 1790 211 1835 nique
234 1789 417 1844 Phrynichi
448 1790 634 1823 auctoritas
658 1789 766 1833 impe—

107 1836 179 1878 dit,
214 1836 272 1882 qui
302 1836 449 1869 Bekkeii
482 1836 598 1868 anecd.
642 1847 674 1879 p.
709 1837 765 1876 67,

107 1884 163 1917 ΞΟ.
195 1882 237 1916 de
264 1881 394 1915 nomine
413 1878 767 1924 Τπερθεμιστοκλῆς

107 1928 155 1962 ita
195 1928 364 1972 disputat,
404 1931 442 1961 ut
486 1928 574 1961 hunc
615 1927 766 1960 Platonis

106 1970 366 2018 ’ὑπέρπλουτον
403 1985 543 2028 prorsus
588 1973 766 2027 ignorasse

106 2020 273 2054 videatur.
314 2017 537 2076 καινοτάτῃ,
579 2019 709 2075 inquit,
739 2015 761 2062 ἦ

109 2063 227 2110 φωνή.
260 2065 428 2121 σημαίνει
465 2063 546 2099 οἷον
575 2061 669 2120 ὑπὲρ
698 2064 765 2098 Θε-

134 2109 299 2146 ιστοκλέα
352 2112 397 2156 τῇ
453 2111 578 2167 σοφίᾳ.
634 2108 765 2154 ὅμοιον

119 2158 391 2217 Τπερπερικλῆς
423 2158 486 2192 καὶ
512 2155 765 2212 Τπερσωκροὶ-

108 2217 175 2260 τη,ς
206 2204 269 2238 καὶ
302 2204 339 2238 εἴ
371 2216 407 2237 τι
441 2204 626 2238 τοιοῦτον.
672 2201 765 2236 αλλὰ

109 2247 202 2284 κοῖπὶ
238 2247 460 2284 τούναντίου
496 2246 766 2305 Τπερευρύβα-

111 2308 175 2335 τος
207 2292 226 2330 ὁ
268 2292 511 2341 ’ὑπερβάλλων
540 2293 766 2340 Εὐρύβατον

110 2342 285 2389 πονηρίᾳ.
331 2342 472 2375 Accedit
495 2343 585 2386 quod
612 2342 695 2375 nihil
714 2347 766 2375 at-

111 2389 243 2422 tinebat
265 2387 383 2421 nimias
406 2388 541 2421 divitias
571 2393 675 2443 atque
705 2388 768 2420 1111-

110 2435 259 2468 modicas
277 2434 389 2467 vocari
406 2446 475 2475 eas,
494 2446 635 2479 quarum
652 2431 767 2477 ἄπλη-

113 2481 196 2514 στία
224 2480 394 2513 civitatem
419 2481 563 2525 denique
587 2483 766 2513 θνετῐειεῖ.

110 2526 354 2560 Insatiabi!iter
387 2526 472 2560 enim
503 2526 617 2571 cupita
649 2526 767 2559 immo-

113 2573 190 2606 dica
210 2583 284 2605 esse
303 2575 446 2616 oportet.
494 2572 559 2605 His
577 2572 618 2606 de
637 2574 767 2605 causs²s

109 2619 192 2652 libro
216 2618 303 2651 bono
333 2622 368 2650 et
393 2618 449 2662 qui
480 2618 666 2662 antiquitus
694 2618 768 2651 vul-

111 2669 224 2709 gatam
251 2663 454 2707 scripturam
475 2664 644 2697 interdum
667 2664 768 2705 solus,

113 2711 310 2754 plerumque
339 2720 413 2741 cuin
443 2711 528 2754 Ang.
547 2710 586 2743 B.
615 2713 650 2742 et
673 2710 766 2742 Flor.

112 2757 155 2790 R.
197 2755 352 2796 exhibet,
393 2756 502 2789 fretus
543 2755 770 2800 praepositio-

112 2813 187 2835 nem
217 2801 330 2842 0111151,
365 2812 451 2844 quae
481 2802 645 2845 quomodo
679 2801 769 2834 inter

113 2848 249 2882 litteras
281 2859 303 2879 ν
335 2852 371 2880 et
394 2858 439 2889 π,
473 2848 502 2880 51
534 2848 664 2889 altera,
697 2849 767 2879 tum

1160 556 1321 616 Ἀληθῆ
1334 592 1343 611 ,
1386 559 1482 615 ἔφη.

819 734 965 776 utraque
990 742 1052 775 per
1083 730 1245 764 incuriam
1277 729 1330 763 bis
1355 728 1486 774 scripta

820 781 928 815 esset,
963 777 1044 810 miri
1073 775 1483 822 pot11e1it‚Bastiitab.

818 823 992 876 palaeogr.
1018 823 1066 856 II.
1099 824 1133 857 3.
1167 828 1203 855 et
1239 822 1315 855 V.II
1343 823 1396 855 12.
1431 820 1484 854 in-

819 868 974 913 spicienti
1007 872 1043 901 et
1074 872 1249 901 comment.
1287 879 1320 911 p.
1343 868 1425 902 735.
1448 871 1485 900 et

820 916 899 950 846.
931 927 981 959 sq.
1040 915 1226 948 conferenti
1268 914 1484 958 perspicuum

820 960 898 994 erit.
961 959 1050 994 Nam
1092 972 1133 993 ex
1167 959 1364 1004 compendio
1399 959 1482 992 scri·

820 1005 920 1039 bendi
945 1018 1017 1039 eam
1038 1011 1148 1039 ortam
1171 1018 1246 1039 esse
1272 1009 1373 1039 etiam
1398 1006 1483 1050 Aug.

820 1054 860 1086 B.
886 1052 984 1085 lectio
1006 1052 1086 1085 mihi
1115 1052 1308 1096 persuadet.

866 1093 915 1142 η’]
950 1094 972 1141 ἢ
1011 1098 1107 1132 Vind.
1132 1099 1170 1132 F.
1192 1097 1331 1130 ’HA1d.
1361 1096 1481 1142 Steph.

820 1145 892 1178 Ast.
929 1156 952 1175 11

866 1156 1054 1233 πλὲυτου]
1105 1187 1244 1222 τούτου
1292 1188 1392 1222 Vind.
1438 1188 1481 1222 E.

820 1237 909 1280 quod
939 1235 981 1268 ad
1012 1235 1273 1268 continuandam
1298 1235 1483 1268 orationem

820 1281 1006 1315 interiectis
1053 1282 1167 1314 veibis
1208 1281 1321 1314 τοῦτο
1357 1277 1396 1315 δ’
1435 1280 1483 1325 ἠν

818 1327 1000 1369 πλοῦτος,
1025 1321 1049 1371 ἦ
1071 1325 1164 1370 γάρς
1191 1328 1369 1379 abruptam
1393 1327 1483 1372 peri-

819 1375 961 1407 doneum
998 1380 1062 1406 est.
1111 1373 1266 1418 Demptis
1302 1374 1390 1406 enim
1417 1373 1483 1406 illis

821 1427 857 1453 et
885 1423 996 1453 amota
1025 1419 1191 1472 particula
1220 1419 1370 1460 τοίνυν,
1396 1430 1484 1464 quae

820 1468 967 1510 abiupta
999 1466 1187 1498 continuari
1224 1465 1415 1508 significat,
1450 1464 1484 1497 id

820 1512 929 1556 ipsum
957 1517 1093 1552 exstat,
1112 1511 1207 1564 quod
1233 1512 1385 1544 dicturus
1410 1512 1483 1544 fue-

821 1565 877 1591 rat
900 1560 1083 1591 Socrates:
1110 1554 1129 1591 ὃ
1154 1553 1367 1611 προύθεντο
1396 1554 1485 1612 dyoc-

821 1602 920 1646 θὸν,
964 1600 986 1646 ἡ
1022 1601 1158 1636 τούτου
1205 1600 1386 1646 α’πληστία
1419 1600 1485 1636 αὐ-

822 1647 891 1693 τήν
923 1646 1087 1683 α’πῶλλυ
1135 1649 1250 1682 Nihilo
1283 1655 1398 1682 tamen
1422 1649 1484 1682 1111-

822 1707 884 1729 11115
924 1696 1106 1728 accedente
1147 1695 1317 1739 particula
1356 1695 1486 1728 τοίνυν

822 1741 1025 1787 pronominis
1056 1741 1127 1773 loco
1154 1753 1272 1773 nomen
1302 1753 1343 1773 ex
1378 1741 1486 1774 inter-

821 1787 1005 1832 pellatione
1030 1787 1172 1820 adscisci
1202 1790 1236 1819 et
1256 1787 1386 1820 initium
1411 1799 1484 1820 ser-

824 1833 929 1866 monis
962 1833 1198 1876 praecedentis
1235 1833 1347 1876 paullo
1377 1834 1484 1877 inagis

822 1879 1044 1912 anacoluthon
1070 1878 1146 1911 fieri
1165 1882 1314 1922 poteifflat
1362 1879 1484 1925 Itaque

820 1937 873 1959 vu
869 1925 990 1978 'gatam
1013 1924 1117 1958 tenui.

868 1967 932 2004 δια
942 1968 1205 2014 χρηματισμὸν]
1218 1969 1333 2014 &⁶069-
1338 1969 1436 2004 Vind.
1441 1971 1482 2005 Ε.

869 2014 1010 2073 αυτῂν]
1037 2029 1101 2050 om.
1127 2017 1208 2050 Lob.
1236 2018 1303 2050 Vat
1342 2017 1388 2049 M.

867 2060 1039 2106 ἀπώλλυ]
1078 2063 1129 2096 Ita
1164 2063 1240 2095 Par.
1275 2062 1345 2095 AD.
1380 2062 1480 2097 Vind.

822 2109 861 2144 B.
895 2110 987 2143 Mon.
1006 2110 1045 2142 B.
1080 2109 1173 2141 Flor.
1197 2108 1336 2141 ACUV.
1357 2120 1481 2163 quam·

822 2168 923 2200 quam
948 2155 1212 2188 Stallbaumius
1206 2167 1237 2187 111
1263 2165 1312 2198 pr.
1342 2151 1484 2188 ἅπόλλυ

824 2214 862 2235 se
886 2213 928 2234 ex
956 2202 1006 2234 his
1031 2200 1204 2244 recepisse
1230 2200 1289 2233 ait.
1338 2201 1485 2254 Recepit

822 2253 933 2282 autem
964 2245 1112 2280 α’πιόλλυ
1137 2246 1192 2290 idq
1196 2258 1237 2279 ue
1264 2245 1299 2278 in
1332 2258 1398 2280 sec.
1426 2247 1487 2280 iis-

823 2294 899 2327 dem
923 2293 1086 2337 assignat.
1135 2292 1257 2336 Itaque
1286 2303 1387 2326 unum
1420 2293 1485 2327 hoc

824 2352 866 2373 ex
895 2339 1006 2373 multis
1036 2339 1168 2372 illarum
1206 2339 1248 2372 V.
1281 2337 1322 2371 L.
1357 2339 1486 2373 mendis

822 2386 1017 2430 putandum.
1070 2381 1200 2417 α’πώλυ
1231 2384 1308 2418 Par.
1333 2384 1377 2418 K.
1413 2397 1481 2418 sec.

823 2433 930 2466 Bekk.
956 2428 1097 2466 α’πόλλυ
1123 2431 1208 2463 Ven.
1228 2430 1268 2463 C.
1292 2431 1388 2464 Vind.
1409 2431 1485 2464 EF.

823 2480 902 2512 Vat.
932 2478 976 2510 H.
1017 2474 1218 2510 α’πόλλυσιν
1250 2476 1333 2509 Lob.
1360 2477 1484 2520 (Flor.

823 2525 920 2566 ΚΤ.)
954 2524 1027 2556 Ald.
1054 2524 1133 2556 Bas.
1168 2522 1222 2554 ab.
1257 2523 1377 2567 Steph.
1412 2525 1485 2557 Ast.

822 2568 1155 2613 p1r‹1untFic.De
1187 2569 1266 2601 Vat.
1294 2569 1373 2602 ΒΜ.
1399 2569 1484 2603 Ven.

822 2617 862 2649 Β.
891 2617 975 2659 Ang.
1000 2616 1040 2648 B.
1069 2614 1248 2647 Bekkerus
1280 2615 1364 2648 nihil
1389 2615 1485 2649 dixit.

822 2661 1016 2715 Imperfecti
1044 2661 1162 2693 eadem
1186 2660 1274 2693 ratio
1299 2664 1372 2702 est,
1396 2672 1485 2707 quae

823 2709 858 2741 in
868 2705 1070 2763 μετέβαλλε
1095 2717 1127 2751 p.
1153 2706 1230 2740 559.
1258 2706 1300 2740 Ε.

868 2750 1019 2807 Αληθῆ]
1048 2749 1194 2795 αληθῆς
1218 2752 1309 2786 Mon.
1335 2753 1374 2785 B.
1403 2763 1484 2787 am.

823 2811 874 2844 pr.
901 2796 1054 2841 α’ληθῶς
1077 2810 1096 2832 a
1118 2810 1159 2831 m.
1181 2808 1209 2832 5.

870 2842 965 2889 ἔφη]
1002 2842 1073 2888 ἐφυ
1108 2843 1192 2877 Lob.
