1764 3176
245 138 332 179 216

235 245 420 302 {Efflw7’2
468 246 566 302 ἔφη·

672 107 1145 179 PLATONIS

641 244 844 299 Ου’κοῦν,
877 241 948 303 -ἦν
999 244 1043 291 δ’
1083 244 1192 302 ἐγώ,
1243 245 1356 290 ἔοικε
1401 250 1494 297 τοῖς
1539 248 1629 289 τῶν

249 313 424 369 ὡραίων
457 312 734 368 προσώποις,
779 318 925 358 καλῶν
958 316 1005 359 δὲ
1044 313 1125 370 μὴ,
1167 310 1240 356 οἶα
1277 315 1467 370 γίγνεται
1507 315 1630 364 ἰδεῖν,

246 382 353 426 ὅταν
392 379 504 425 αὐτοὶ
543 380 594 425 τὸ
632 381 773 434 ἄνθος
816 385 1034 441 προλίπῃς
1075 383 1388 435 Παντάπασιν,
1425 377 1454 437 ἦ
1491 378 1532 425 δ’
1566 380 1630 432 ὅς.

235 448 327 491 Ἴθι
356 446 431 504 δὴ,
474 446 573 492 τόδε
605 448 754 503 ἄθρει·

810 449 834 494 ὁ
875 456 957 495 τοῦ
987 450 1173 495 εἰδώλου
1212 449 1416 507 ποιητής,
1448 446 1471 492 ὁ
1502 466 1632 506 μιμη-
1655 493 1676 510 ,,

247 515 346 572 τὴς,
381 515 550 572 φαμὲν,
578 518 660 559 τοῦ
698 517 777 571 μὲν
816 517 944 570 ὄντος
973 518 1105 562 οὐδὲν
1148 519 1305 571 ἐπαΐει,
1337 520 1417 561 τοῦ
1454 517 1499 560 δὲ
1529 534 1632 573 φαι-

189 583 220 626 C
251 583 456 638 νομένου.
516 582 597 640 οὐχ
639 583 779 635 οὕτω,-

829 587 934 629 Ναί.

251 652 556 707 καταλίπωμεν
597 650 753 705 ῥηθὲν,
792 650 887 695 ἀλλ’
931 654 1092 704 ἱκανῶς
1128 654 1303 709 ἴδωμεν.

993 586 1074 642 ,Μή
1109 589 1264 630 τοίνυν
1304 585 1492 642 ἡμίσεως
1523 582 1632 627 αὐτὸ

1372 652 1503 708 Λέγε,
1535 651 1632 708 ἔφη.

252 718 520 775 Ζωγράφος,
551 717 719 773 φαμὲν,
755 718 884 774 ἡνίας
915 737 960 764 τε
995 719 1150 777 γράψει
1181 722 1254 764 καὶ
1281 719 1485 776 χαλινόνς
1528 721 1632 762 Ναί.

251 788 436 857 Ποιήσει
466 786 511 830 δέ
540 802 587 842 γε
618 784 887 842 σκυτοτόμος
916 789 989 832 καὶ
1018 788 1222 845 χαλκεύς,
1264 786 1394 831 Πάνυ
1423 803 1483 843 γε.

1537 784 1630 842 ’Ἆρ’

251 858 335 899 οὐν
364 854 505 898 ἐπαΐει
545 855 641 904 οἵας
671 855 739 897 δεῖ
774 854 854 906 τοὶς
882 853 1010 911 ἡνίας
1040 855 1155 900 εἶναι
1190 857 1263 900 καὶ
1293 855 1371 898 τὸν
1399 856 1579 910 χαλινὸν
1608 853 1632 898 ὁ

251 920 473 979 γραφεύςς
518 920 548 978 ἢ
578 918 680 966 οὐδ’
713 920 739 966 o‘
777 921 984 981 ποιήσας,
1022 923 1050 968 ὅ
1078 940 1122 968 τε
1153 924 1337 981 χαλκεύς
1365 922 1441 966 καὶ
1470 921 1495 966 ὁ
1527 932 1636 966 σκυ-

255 1059 328 1094 sine
361 1059 635 1104 interpunctione
666 1061 751 1094 Lob.
787 1063 842 1103 et,
877 1063 916 1095 ut

254 1105 419 1150 suspicari
446 1106 548 1148 licet,
581 1107 660 1140 Par.
685 1107 728 1142 K.
762 1108 840 1141 vat.
865 1107 916 1140 Μ.

253 1152 610 1208 (animadvertistine)
636 1153 816 1197 unquam?
837 1153 913 1186 Fic.

290 1194 357 1240 ’'yE
351 1209 409 1241 ωγ
417 1194 450 1241 >]
476 1196 584 1242 ε’γωγε
610 1198 695 1233 Lob.

297 1244 481 1288 προλίπῃ]
520 1245 700 1297 προλείπη
734 1244 836 1278 Vind.
869 1244 912 1277 F.

251 1289 348 1323 Flor.
374 1290 415 1322 R.
442 1288 605 1332 προοίπει
629 1294 717 1344 Ang.
742 1291 783 1325 B.

300 1331 319 1369 ὁ
338 1334 513 1390 μιμητὴς,
538 1334 673 1380 φαμὲν]
703 1331 723 1370 ο“
753 1333 912 1380 μιμητὴς

252 1392 376 1425 φαμεν
410 1381 501 1415 Μοιι.
529 1382 569 1417 C.
603 1382 724 1437 Steph.
760 1384 833 1415 Ast.
861 1393 912 1426 pr.

252 1428 316 1469 „In
338 1427 498 1482 praeced.
523 1428 603 1462 edit.
629 1424 648 1462 ὁ
675 1428 836 1473 scriptum
861 1430 914 1461 est

253 1477 332 1507 ante
346 1471 526 1516 μιμητὴςε
551 1485 653 1518 quam
664 1474 842 1507 lectionem
859 1485 916 1507 se-

253 1519 406 1564 quendo,
427 1520 511 1553 baec
535 1520 627 1553 velut
649 1531 710 1564 per
725 1521 915 1575 parentbe

252 1565 304 1598 sin
328 1565 533 1607 dicerentur,
559 1561 579 1599 ὁ
604 1564 761 1609 μιμητὴς
781 1565 915 1609 φαμέν.

253 1610 366 1644 Locus
399 1615 509 1644 autem
549 1610 583 1644 in
617 1623 683 1656 quo
719 1611 754 1645 id
789 1612 915 1645 dictum

252 1657 338 1699 fuit,
359 1663 412 1690 est
442 1657 477 1691 in
501 1657 570 1691 fine
604 1657 750 1711 paginae
774 1670 918 1712 praece-

253 1683 385 1742 dentis,
409 1701 553 1743 πάντας
577 1715 666 1742 τους
690 1701 917 1753 ποιητικοῦς,

252 1747 413 1792 μιμητὰς
438 1747 600 1783 εἰδώλων
627 1747 761 1793 ἀρετῆς
786 1753 906 1783 εἰναι.6

255 1796 376 1839 Steph.
402 1801 515 1829 annot.
540 1807 572 1839 p.
590 1797 645 1829 27.
695 1796 747 1829 De
772 1797 919 1829 Floren-

254 1841 335 1874 tinis
371 1842 543 1874 codicibus
569 1842 768 1874 Stanbaum
773 1854 810 1875 us
838 1842 919 1874 nihil

255 1888 385 1928 refert,
414 1887 479 1920 nisi
501 1887 536 1920 in
559 1887 604 1919 U.
632 1888 770 1920 verbum
797 1887 919 1930 φαμὲν

256 1933 397 1973 deesse,
426 1933 462 1966 in
498 1934 540 1966 Τ.
576 1928 596 1966 ὁ
630 1931 790 1986 μιμητὴς
825 1933 920 1976 φημὶ

256 1979 336 2023 legi.
361 1979 540 2012 Bekkerus
564 1974 584 2012 ὃ
605 1977 763 2022 μιμητής
778 1979 811 2012 in
825 1980 919 2013 Mon.

256 2026 298 2060 B.
319 2025 478 2058 omissum
494 2030 745 2070 praetereaque
762 2025 843 2058 nihil
861 2037 920 2059 no-

257 2071 355 2105 tavit.

305 2113 428 2173 ὄντος]
455 2112 566 2155 οὕτος
591 2116 666 2150 Ald.

259 2160 440 2242 Αιέπαΐει]
460 2159 605 2197 επαΐειν
621 2163 697 2196 v.at
712 2163 752 2197 B.
778 2159 921 2204 ἐπαὶ”ει;

309 2266 428 2288 ουτω·
419 2254 449 2298 ,]
478 2250 618 2295 ου’τωςς
642 2255 832 2289 B.ekkerus

309 2298 487 2345 ἡμίσεως]
535 2298 702 2356 ἦμισέως,
737 2301 837 2334 Vind.
882 2301 924 2335 Β.

261 2346 355 2380 Mon.
390 2347 431 2379 C.
463 2349 537 2381 Ast.
572 2359 640 2381 sec.
678 2345 871 2403 ἠμησέως,
905 2359 924 2379 e

262 2403 349 2426 corr.
373 2389 551 2435 η’μισέως,
581 2394 680 2426 Vind.
707 2394 750 2427 E.
774 2390 924 2437 ἡμίσεος

262 2438 348 2472 Lob.
373 2439 474 2472 Σίιιά.
499 2439 542 2472 F.
571 2440 646 2473 Vat.
670 2440 749 2473 BM.
775 2446 809 2473 et
835 2451 923 2472 corr.

261 2484 342 2518 Par.
367 2484 406 2517 A.
432 2481 560 2527 ημίσες
584 2486 671 2529 Ang.
697 2486 738 2519 Β.
763 2486 858 2520 Flor.
879 2486 921 2519 R.

263 2526 330 2573 ἐφ’
364 2526 521 2573 ἡμίσεως
552 2531 646 2566 Mon.
670 2532 708 2564 Β
748 2532 843 2564 F101.
878 2531 923 2564 U.

263 2575 516 2610 Stallbaumius.
547 2577 679 2617 „Forte
696 2574 735 2619 ἐξ
748 2574 925 2620 ἡμίσεωςτ

264 2622 327 2656 nisi
360 2625 490 2655 mutata
522 2623 603 2655 sede
638 2628 798 2657 accentus
823 2623 926 2656 scribi

264 2667 373 2713 possit
402 2664 581 2711 ἡμισέως,
614 2674 652 2701 ut
686 2669 730 2702 sit
761 2669 927 2702 adverb.“

264 2714 386 2758 steph.
411 2715 444 2748 in
469 2719 511 2746 ιιι.
546 2714 658 2753 Quum
683 2715 846 2748 adverbia
867 2726 926 2748 ac-

265 2764 397 2793 centum
431 2760 574 2803 genitivi
611 2761 749 2804 pluralis
781 2772 926 2805 sequan-

266 2810 344 2847 tur,
378 2818 442 2848 qua
475 2806 517 2839 de
552 2817 592 2838 re
624 2807 667 2839 cf.
702 2807 927 2840 Buttmannus

971 1061 1355 1116 gramm.11.p.264.‚
1379 1059 1550 1105 genitivus
1574 1070 1635 1093 au-

972 1112 1040 1142 tem
1084 1107 1239 1141 neutrius
1287 1103 1400 1151 ἥμισυ
1444 1106 1635 1149 Phrynicho

971 1157 1062 1187 teste
1097 1154 1249 1188 Bekkeri
1279 1153 1396 1187 anecd.
1429 1163 1463 1196 p.
1488 1152 1553 1193 41,
1578 1153 1636 1187 32.

971 1197 1130 1256 ἡμίσεως
1173 1199 1237 1241 sit,
1274 1199 1370 1232 cuius
1405 1197 1546 1243 pluralis
1584 1201 1638 1230 est

970 1246 1153 1289 ημίσεων,
1188 1242 1348 1288 ἡμίσεως
1378 1256 1441 1289 pro
1474 1243 1637 1276 adverbio

972 1292 1090 1325 haberi
1122 1295 1248 1335 potest.
1307 1290 1450 1324 Accedit
1481 1289 1639 1323 testimo-

971 1337 1063 1370 nium
1098 1336 1352 1370 Antiatticistae
1392 1348 1424 1380 p.
1465 1335 1533 1376 98,
1571 1337 1636 1371 30·

968 1380 1147 1426 ἡμίσεως·
1194 1379 1405 1438 ἐπίρρημα.
1476 1379 1637 1414 Πλάτων

972 1428 1169 1467 Πολιτείας
1192 1425 1294 1473 ἕκτῳ.
1319 1427 1409 1481 quod
1432 1426 1569 1460 videtur
1594 1426 1639 1460 ad

971 1479 1125 1509 nostrum
1159 1474 1268 1507 locum
1292 1474 1476 1518 pertinere.
1523 1472 1639 1506 Minus

970 1520 1198 1576 probabiliter
1239 1519 1441 1562 Bernhardy
1477 1523 1567 1561 sy.nt
1603 1530 1638 1563 p.

974 1568 1051 1602 138.
1078 1562 1237 1609 ἡμίσεως
1261 1566 1446 1609 genitivum
1468 1570 1503 1597 et
1520 1565 1581 1606 ita,
1601 1568 1641 1598 ut

976 1610 1115 1656 ὀλίγον,
1140 1612 1273 1656 μικροῦ
1296 1617 1331 1645 et
1349 1611 1489 1644 πολλοῦ
1515 1611 1640 1644 dictum

974 1670 1050 1692 esse
1073 1658 1205 1691 statuit.

1022 1701 1140 1758 αὕτὸ]
1176 1699 1297 1738 αὐτὸν
1327 1702 1427 1736 Vind.
1450 1701 1494 1736 F.
1521 1698 1641 1736 αὕτῶι

974 1751 1061 1784 Lob.
1088 1750 1191 1783 αυτῶ
1215 1752 1295 1784 Vat.
1316 1750 1357 1783 B.
1382 1750 1468 1783 Ven.
1494 1749 1535 1782 C.

1020 1796 1302 1840 καταλίπωμεν]
1362 1795 1641 1837 καταλείπωμεν

976 1842 1057 1876 vat.
1083 1842 1130 1875 M.
1164 1841 1431 1884 καταλείπομεν
1470 1841 1572 1876 Vind.
1595 1840 1640 1874 F.

977 1891 1030 1929 et,
1055 1899 1129 1932 sup.
1156 1900 1183 1921 ω
1209 1899 1312 1931 super
1338 1899 1370 1927 0,
1398 1888 1484 1931 Aug.
1508 1887 1547 1920 B.

1021 1914 1172 1988 9ἴδωμεν]
1201 1933 1337 1975 ἰδώμεν
1361 1912 1461 1968 'Vind.
1485 1933 1524 1966 F.

1028 1981 1096 2013 Ζω
1089 1977 1245 2023 χράφος]
1271 1976 1469 2022 ζωγράφου
1485 1977 1586 2014 Vind.
1598 1977 1640 2011 B.

978 2024 1070 2058 Μοιι.
1088 2006 1129 2058 ‘C.

1025 2068 1132 2113 ἡνίας
1155 2071 1209 2113 τε]
1235 2080 1273 2103 τε
1298 2081 1361 2102 om.
1387 2071 1472 2105 V.en
1497 2070 1535 2103 B.

1025 2115 1067 2150 δέ
1091 2118 1144 2160 γε]
1170 2127 1208 2159 γε
1232 2128 1296 2149 om.
1320 2116 1414 2149 Mon.
1441 2116 1482 2149 C.

1027 2160 1263 2216 σκυτοτόμος]
1292 2159 1541 2205 σκυτοτόμους
1562 2163 1643 2196 Bas.

980 2220 1011 2242 a.
1038 2205 1243 2250 σκυτόμονς
1267 2209 1348 2242 Bas.
1373 2209 1406 2243 b.

1026 2252 1192 2308 χαλκεύς]
1219 2251 1376 2309 χαλκούς
1401 2252 1476 2287 Ald.
1485 2253 1566 2286 Bas.
1587 2254 1641 2286 ab.

1029 2298 1138 2333 Πάνυ
1157 2320 1200 2324 -
1214 2297 1385 2355 χαλκευς]
1415 2311 1480 2333 om.
1504 2299 1582 2333 Vat.
1601 2299 1642 2332 Β.

1025 2344 1100 2389 Ἀρ
1112 2347 1123 2390 ]
1155 2341 1202 2388 ἄρ
1251 2347 1350 2380 Vind.
1377 2346 1415 2379 F.

1025 2393 1104 2445 δεῖ]
1133 2390 1197 2446 δὴ,
1205 2392 1294 2425 idem
1320 2398 1355 2425 et
1377 2392 1463 2435 Aug.
1487 2390 1528 2425 B.

1029 2435 1051 2473 ὅ
1075 2441 1129 2480 τε]
1160 2433 1246 2471 οὕτε
1274 2440 1358 2471 Ven.
1384 2438 1425 2471 C.
1432 2403 1527 2470 g.Par
1554 2437 1596 2470 D.

1029 2482 1158 2528 ὅσπερ]
1185 2479 1307 2526 ω’σπερ
1333 2484 1421 2517 Lob.
1443 2484 1523 2517 iat.
1548 2483 1597 2517 M.

983 2543 1093 2611 ΙΣῙιῖιίιΕιὶί7
1080 2530 1310 2610 σΒθῖιοίῐιιλίιῗιῆ
1316 2531 1430 2620 giis?
1417 2587 1439 2617 μ
1446 2528 1645 2614 όδιιίιῗὲὴεείξη

1027 2621 1142 2677 μόνος
1167 2619 1210 2665 ὁ]
1242 2620 1359 2664 μόνος
1384 2621 1482 2656 Vind.
1507 2621 1550 2654 F.
1577 2618 1644 2664 μό-

981 2679 1049 2702 νον
1076 2664 1095 2702 ὁ
1121 2669 1197 2723 Al,d·
1222 2668 1302 2701 Bas.
1327 2680 1358 2702 a.

1024 2708 1100 2757 'Ap’
1102 2716 1125 2770 ]
1153 2710 1220 2756 ἄρ’
1247 2713 1341 2746 Vind.
1368 2713 1409 2746 F.

1029 2772 1133 2799 τινας
1161 2759 1280 2803 τρεῖς]
1316 2755 1420 2797 τινας
1455 2770 1520 2792 om.
1556 2756 1642 2792 Lob.
1671 2756 1711 2798 D

984 2806 1381 2841 Vat.BM.P1·onomen
1406 2815 1469 2848 ego
1496 2815 1582 2846 non,
1606 2807 1644 2838 ut
