1764 3176
497 168 771 210 CIVITA
795 168 824 210 S
860 168 982 212 LIB.
1012 169 1146 212 VIIII.
1178 175 1246 209 572

1467 174 1550 214 113

163 284 336 338 μεστοῖς
383 274 448 323 ὧν
497 278 595 334 ἄρτι
633 278 872 336 διήλθομεν
923 279 1195 336 ἐπιθυμιῶν,
1243 280 1441 338 ὁρμήσας
1490 283 1551 332 εἰς

163 349 296 406 ὕβριν
337 364 382 392 τε
419 350 567 392 πᾶσαν
606 348 681 391 καὶ
725 346 774 390 τὸ
814 346 992 390 ἐκείνων
1033 348 1150 401 εἶδος
1191 351 1308 405 μίσει
1350 354 1427 406 τῆς
1466 352 1546 392 τοῦ

163 416 326 473 πατρὸς
355 419 613 473 φειδωλίας,
643 416 781 473 φύσιν
810 414 857 458 δὲ
885 419 974 458 τῶν
1005 417 1359 473 διαφθειρόντων
1395 419 1545 473 βελτίω
1578 415 1616 456 D

163 485 294 542 ἔχων,
336 482 548 541 ἀγόμενος
586 484 868 541 ἀμφοτέρωσε
903 484 1084 541 κατέστη
1123 485 1183 541 εἰς
1215 484 1350 540 μέσον
1380 482 1551 541 ἀμφοῖν

163 559 260 597 τοῖν
295 551 482 607 τρόποιν
519 554 594 597 καὶ
622 555 806 609 μετρίως
843 552 921 609 δή,
953 570 1013 604 ως
1044 552 1175 609 ᾤετο,
1215 552 1410 596 ἑκάστων
1441 553 1549 597 ἀπο-

163 621 315 667 λαύων
344 621 446 666 οὔτε
477 620 768 676 ἀνελεύθερον
797 618 900 664 οὔτε
929 621 1194 676 παράνομον
1225 623 1326 677 βίον
1365 625 1436 678 ζῆ,
1474 624 1550 678 δη-

164 689 345 748 μοτικὸς
383 690 426 742 εξ
464 686 748 744 ὀλιγαρχικοῦ
788 688 995 745 γεγονώς.

165 760 283 804 ε’στιν
315 757 426 814 αὕτη
466 755 493 814 ἡ
527 756 632 810 δόξα
661 759 760 812 περὶ
789 758 866 802 τὸν
895 761 1117 802 τοιοῦτον.

1056 685 1139 733 Ἠν
1179 688 1288 745 γάρ,
1328 689 1435 744 ἔφη,
1478 690 1553 732 καὶ

1180 757 1261 808 Θὲς
1290 759 1466 810 τοίνυν,
1498 760 1553 814 ἠν

165 826 212 873 δ’
242 827 348 883 ἐγώ,
386 824 521 870 πάλιν
559 830 641 869 τοῦ
681 826 890 870 τοιούτου
922 825 1006 882 ἤδη
1044 825 1345 881 πρεσβυτέρου
1375 825 1553 882 γεγονό-

165 913 242 947 τος
282 894 387 939 νέον
425 894 529 938 υἱὸν
567 894 615 938 ἐν
654 900 744 946 τοῖς
783 893 947 938 τούτου
987 890 1044 936 αὖ
1073 893 1201 949 ἤθεσι
1231 891 1552 948 τεθραμμένον.

171 966 346 1021 Τίθημι.

214 1128 297 1170 τοῖν
316 1131 487 1178 τρόποιν]
507 1130 575 1177 τήν
594 1131 739 1177 τρόπην
756 1144 832 1166 cor-

168 1186 282 1216 rectus
305 1181 340 1214 in
369 1180 479 1214 altero
503 1192 525 1223 η
553 1179 650 1214 Vind.
677 1180 717 1214 E.

214 1238 384 1283 μετρίως]
408 1235 566 1281 μετρίων
585 1238 670 1270 Lob.
692 1237 769 1270 Vat.
783 1236 832 1270 M.

216 1304 379 1341 ἑκάστων
417 1302 644 1350 ἀπολαύων]
679 1302 834 1339 ἕκαστον

170 1350 375 1387 ἀπολαύων
400 1352 479 1385 Par.
505 1355 544 1386 A.
570 1353 651 1387 Vat.
679 1353 723 1386 H.
749 1349 832 1385 ἕκα-

168 1410 257 1434 στον
287 1395 492 1453 ἀπολαβών
524 1398 624 1433 Vind.
648 1398 722 1431 BE.
749 1395 831 1431 ἑκά-

168 1456 265 1479 στων
298 1441 500 1489 ἀπολαβων
533 1456 607 1477 cum
632 1456 654 1478 v
681 1455 784 1488 super
809 1443 832 1489 β

167 1493 247 1526 Vat.
261 1491 302 1526 B.
321 1497 503 1534 utrumque
521 1497 657 1525 secutus
675 1490 746 1525 Fic.
771 1490 832 1523 iln-

168 1550 221 1572 mo
246 1538 400 1571 omnibus
415 1540 552 1579 fruens,
577 1537 660 1570 nihil
684 1548 749 1569 non
768 1536 833 1570 sibi

167 1584 346 1628 indulgens
389 1588 425 1617 et
466 1594 670 1628 unaquaque
702 1582 833 1626 cupidi-

169 1636 243 1665 tate
285 1629 358 1664 sine
411 1629 623 1662 dubitatione
665 1628 834 1673 explenda

170 1675 330 1720 gaudium
353 1675 419 1709 sibi
442 1679 477 1707 et
495 1675 705 1719 voluptatem
729 1674 834 1707 desti-

170 1733 274 1765 nans,
299 1721 592 1775 quemadmodum
636 1732 740 1765 agere
778 1720 835 1753 ille

170 1775 276 1814 atque
297 1766 348 1801 ita
373 1767 504 1800 demum
536 1779 657 1810 sapere
688 1766 752 1799 sibi
781 1766 835 1799 vi-

172 1815 247 1848 deri
272 1813 450 1847 dicebatur
474 1813 513 1846 L.
532 1813 628 1847 VIII.
655 1824 686 1857 p.
700 1814 778 1847 561.
792 1813 833 1845 B.

172 1858 339 1895 εκάστων
364 1859 452 1892 idem
470 1864 534 1899 est,
553 1859 643 1903 quod
668 1856 834 1901 πάντων,

172 1919 226 1941 ων
247 1917 294 1940 αν
320 1902 492 1939 ἑκάστοτε
517 1903 694 1949 ἐπιθυμῇ,
721 1910 755 1937 et
773 1916 835 1947 ge-

170 1953 294 1987 nitivus
327 1963 484 1985 caussam
510 1951 683 2006 significat
715 1946 754 1994 (ἦ
780 1961 834 1993 γε-

172 1997 254 2043 νικὴ
290 1995 515 2042 λαμβάνεται
550 2009 601 2036 ως
638 1996 761 2039 αἰτία,
797 1999 836 2029 ut

173 2045 223 2079 ait
254 2045 297 2078 de
327 2043 427 2077 huius
458 2043 554 2077 verbi
584 2048 696 2076 consti
701 2042 837 2076 uct1one

171 2091 351 2136 disputans
384 2090 623 2133 grammaticus
647 2089 836 2123 Hermanni

172 2149 208 2183 p.
224 2138 323 2180 382.)
349 2135 562 2170 accusativus
587 2141 711 2176 autem,
736 2147 837 2180 quem

174 2183 282 2217 codex
313 2182 458 2227 optimus
484 2182 640 2224 exhibet,
667 2162 750 2215 seiri
774 2193 835 2214 ne-

174 2229 249 2273 quit
282 2231 316 2262 et
347 2228 455 2261 eidem
479 2228 612 2261 scribae
643 2227 752 2261 errori
776 2239 836 2261 ac-

174 2278 294 2330 ceptus
316 2273 515 2307 referendus
538 2279 612 2315 est,
640 2273 698 2319 qui
731 2285 836 2319 supra

174 2322 215 2354 A.
250 2316 364 2360 ἐλθὸν
397 2325 433 2353 et
464 2319 506 2356 L.
522 2320 600 2352 VII.
625 2331 660 2365 p.
680 2320 758 2354 534.
793 2320 834 2353 B.

176 2362 266 2401 ὅσον
291 2377 352 2410 pro
370 2361 469 2400 ὅσων
489 2366 635 2410 peperit.
667 2365 755 2399 Alibi
773 2378 836 2410 ge-

174 2411 305 2446 nitivus
327 2415 436 2445 totum
466 2411 614 2454 indicat,
638 2415 677 2445 ut
697 2411 762 2445 illis
786 2412 836 2445 lo-

175 2459 246 2499 cis,
281 2458 325 2491 de
347 2458 582 2502 quibus'Vol.
615 2458 645 2492 Ι.
687 2469 720 2502 p.
754 2457 837 2499 244,

178 2517 209 2538 a.
232 2504 339 2537 verba
362 2504 451 2544 feci3
482 2516 570 2548 quae
593 2504 621 2537 si
646 2504 757 2548 paullo
782 2504 836 2536 di-

173 2550 333 2594 ligentius
355 2549 604 2584 considerasset
621 2549 748 2591 Astius‚
765 2551 838 2583 for-

176 2602 271 2630 tasse
301 2607 367 2629 non
391 2595 586 2640 scripsisset
608 2607 696 2641 quae
719 2596 753 2629 in
777 2608 838 2629 no-

176 2642 314 2675 vissima
338 2641 485 2675 Phaedri
514 2641 683 2675 Platonici
715 2641 839 2675 editio-

178 2700 221 2721 ne
246 2700 277 2721 a.
306 2689 405 2723 1830.
437 2699 471 2732 p.
496 2689 572 2723 107.
606 2688 649 2722 de
683 2687 725 2721 iis
751 2687 839 2721 scri-

175 2735 289 2768 benda
310 2733 456 2778 putavit.

225 2792 292 2837 ζῇ]
317 2791 434 2824 Astius
465 2790 499 2824 in
528 2796 608 2826 tert.
641 2788 701 2834 ἔζη
735 2790 839 2824 male—

177 2838 261 2879 bat,
292 2838 437 2878 ductus,
469 2837 609 2881 opinor,
642 2849 705 2877 eo,
747 2837 837 2881 quod

225 2896 432 2936 PLAToms
464 2896 538 2934 ΟΡ.
572 2894 643 2935 ΠΙ.

411 964 534 1007 Τίθει
572 964 727 1007 τοίνυν
767 964 842 1006 καὶ
878 963 932 1007 τοὶ
967 960 1077 1007 αὐτοὶ
1115 960 1260 1006 ἐκεῖνα
1290 961 1389 1017 περὶ
1420 960 1555 1005 αὐτὸν

890 1128 983 1178 ᾠέτο
1010 1131 1209 1176 praecessit.
1258 1130 1327 1164 Sed
1360 1131 1423 1164 hoc
1446 1130 1555 1184 perti-

890 1183 948 1211 net
973 1179 1015 1211 ad
1040 1183 1172 1230 tempus
1196 1177 1291 1218 illud,
1319 1188 1385 1221 quo
1414 1179 1555 1214 plinium

888 1224 1082 1268 ingrediens
1106 1225 1140 1256 in
1163 1224 1263 1256 istam
1286 1222 1421 1255 vivendi
1448 1222 1555 1256 ratio-

889 1282 964 1304 nem
997 1270 1159 1314 optimum
1195 1272 1288 1302 factu
1313 1280 1390 1302 esse
1425 1274 1556 1302 statue—

890 1318 950 1349 bat
989 1315 1143 1349 omnibus
1187 1315 1321 1359 pariter
1362 1315 1557 1359 cupiditati-

889 1363 953 1396 bus
993 1363 1242 1405 obtemperare.
1304 1361 1382 1400 Quo
1418 1361 1556 1394 decreto

890 1409 1049 1451 deinceps
1070 1408 1242 1441 commode
1254 1413 1285 1441 et
1306 1413 1410 1449 recte,
1429 1413 1466 1441 ut
1483 1413 1557 1441 tum

889 1456 1079 1495 statuebat,
1104 1454 1258 1487 omnibus
1270 1455 1398 1496 fruens
1415 1454 1515 1487 vivit.

936 1509 1155 1554 δημοτικὸς]
1179 1508 1453 1554 δημοκρατικὸς
1476 1510 1556 1544 Par.

889 1557 934 1591 K.
961 1558 1056 1590 Flor.
1082 1558 1126 1590 T.

937 1611 975 1656 ἐξ
1011 1611 1269 1668 ὀλιγαρχικοῦ]
1323 1610 1417 1655 εξόλ.
1470 1613 1558 1647 Lob.

890 1658 1126 1704 ἐξολιγάρχου
1156 1661 1254 1694 Vind.
1280 1660 1319 1692 F.
1348 1657 1385 1701 ἐξ
1412 1656 1490 1703 ὄλιγ
1495 1657 1559 1703 (ἕρ-

891 1718 958 1750 χου
984 1710 1069 1750 Ang.
1089 1707 1127 1740 B.
1156 1707 1249 1740 Idem
1274 1706 1307 1739 in
1327 1706 1419 1740 Flor.
1439 1708 1479 1739 A.
1500 1707 1559 1749 (an

891 1753 968 1797 11⁴3)
1010 1758 1183 1797 repertum
1219 1753 1376 1793 videtur,
1420 1752 1454 1784 in
1491 1764 1560 1807 quo

892 1799 1136 1834 Stallbaumius
1160 1798 1195 1831 in
1220 1810 1271 1842 pr.
1298 1796 1499 1841 δημοτικὸς
1525 1794 1562 1839 ἐξ

894 1840 1128 1888 ὀλιγαρχικοῦ
1155 1849 1293 1878 exstare
1317 1844 1412 1877 dicit.
1459 1844 1562 1885 Quod

892 1903 995 1935 quum
1035 1891 1209 1935 vulgatum
1247 1890 1313 1932 sit,
1347 1901 1471 1934 operas
1504 1889 1559 1924 vel

890 1937 1038 1970 scribam
1062 1948 1196 1970 errasse
1221 1948 1359 1970 necesse
1383 1941 1447 1970 est.

939 1979 1053 2027 αὕτη]
1080 1979 1175 2027 αύτὴ
1203 1983 1289 2016 Lob.

937 2043 1019 2080 τοῖς
1059 2038 1220 2084 τούτου]
1268 2036 1457 2079 τοιούτοις
1502 2040 1558 2073 vel

892 2091 972 2127 τοῖς
991 2085 1181 2126 τοιούτοις
1198 2086 1251 2119 vel
1269 2084 1459 2124 τοιούτοις
1470 2084 1557 2119 τού-

891 2146 959 2167 του
995 2135 1067 2178 (tot
1099 2132 1208 2166 modis
1233 2132 1387 2165 Bekkeri
1424 2132 1558 2176 signifi-

892 2180 980 2214 catio
1005 2179 1146 2223 intelligi
1170 2178 1301 2223 potest)
1329 2178 1413 2212 Ven.
1438 2179 1481 2212 B.

938 2231 1002 2282 αὖ]
1029 2249 1095 2270 om.
1119 2236 1196 2269 Fic.

890 2295 1094 2377 ν.Ί(;ίθτέ;μι.
1133 2294 1256 2338 Τίθει]
1293 2292 1426 2336 τίθιμι.
1467 2292 1558 2336 τίθη

924 2353 955 2375 ιιι
983 2367 992 2376 .
1052 2365 1061 2373 .

937 2398 1067 2433 τοίνυν
1091 2395 1167 2441 καὶ]
1191 2398 1316 2431 iterum
1341 2396 1416 2430 Fic.

940 2453 1050 2501 ἅπερ]
1078 2452 1200 2497 ὥσπερ
1226 2455 1305 2487 Vat.
1331 2453 1381 2486 M.

939 2502 1016 2547 καὶ]
1044 2515 1109 2537 om.
1125 2502 1210 2534 Lob.
1229 2501 1309 2535 vat.
1319 2499 1400 2534 ΒΜ.
1419 2500 1559 2534 Ven.B.

1013 2559 1020 2571 x
1096 2557 1104 2569 x
1210 2557 1217 2569 ι
1265 2557 1287 2574 7·

894 2607 935 2641 B.
939 2561 1053 2639 qudffln
1063 2571 1111 2638 viz
1135 2569 1231 2638 ἔξοιξ.
1245 2558 1359 2637 {³13}-
1367 2557 1447 2647 [ξιξ]
1465 2558 1561 2648 ἒιίίῑὲ,

894 2664 980 2698 quos
995 2650 1265 2685 Stallbaumius'
1256 2661 1290 2683 1n
1309 2661 1362 2705 pr.
1383 2661 1456 2705 pro
1464 2649 1555 2693 paul

894 2701 927 2732 lo
965 2702 1043 2731 ante
1075 2696 1212 2750 positis.
1228 2693 1276 2729 τὰ
1313 2693 1412 2729 αὐτὰ
1440 2692 1561 2728 εκεῖνα

893 2743 978 2787 περὶ
1010 2743 1114 2784 nihil,
1150 2742 1216 2776 nisi
1249 2754 1296 2775 τα
1322 2740 1406 2784 περι
1431 2741 1561 2773 duobus

894 2790 1012 2824 mediis
1055 2789 1187 2822 omissis
1229 2788 1391 2822 exhibexe
1426 2787 1560 2820 demon-

895 2840 995 2869 strat.

1302 2892 1341 2931 H
