<?xml version="1.0" encoding="UTF-8"?>
<!DOCTYPE html PUBLIC "-//W3C//DTD XHTML 1.0 Transitional//EN"
    "http://www.w3.org/TR/xhtml1/DTD/xhtml1-transitional.dtd">
<html xmlns="http://www.w3.org/1999/xhtml" xml:lang="en" lang="en">
 <head>
  <title>
</title>
<meta http-equiv="Content-Type" content="text/html;charset=utf-8" />
  <meta name='ocr-system' content='tesseract 3.04.00' />
  <meta name='ocr-capabilities' content='ocr_page ocr_carea ocr_par ocr_line ocrx_word'/>
</head>
<body>
  <div class='ocr_page' id='page_1' title='image "./operagraecerecen01platuoft_0379.png"; bbox 0 0 1764 3176; ppageno 0'>
   <div class='ocr_carea' id='block_1_1' title="bbox 466 178 1140 223">
    <p class='ocr_par' dir='ltr' id='par_1_1' title="bbox 466 178 1140 223">
     <span class='ocr_line' id='line_1_1' title="bbox 466 178 1140 223; baseline -0.01 0"><span class='ocrx_word' id='word_1_1' title='bbox 466 178 801 223; x_wconf 89' lang='lat' dir='ltr'><strong>CIVITAS</strong></span> <span class='ocrx_word' id='word_1_2' title='bbox 841 178 964 221; x_wconf 87' lang='lat' dir='ltr'><strong>LIB.</strong></span> <span class='ocrx_word' id='word_1_3' title='bbox 989 178 1047 222; x_wconf 88' lang='lat' dir='ltr'>X.</span> <span class='ocrx_word' id='word_1_4' title='bbox 1073 181 1140 217; x_wconf 86' lang='lat'>603</span> 
     </span>
    </p>
   </div>
   <div class='ocr_carea' id='block_1_2' title="bbox 1407 176 1493 218">
    <p class='ocr_par' dir='ltr' id='par_1_2' title="bbox 1407 176 1493 218">
     <span class='ocr_line' id='line_1_2' title="bbox 1407 176 1493 218; baseline 0 0"><span class='ocrx_word' id='word_1_5' title='bbox 1407 176 1493 218; x_wconf 76' lang='lat'>223</span> 
     </span>
    </p>
   </div>
   <div class='ocr_carea' id='block_1_3' title="bbox 113 287 1495 350">
    <p class='ocr_par' dir='ltr' id='par_1_3' title="bbox 113 287 1495 350">
     <span class='ocr_line' id='line_1_3' title="bbox 113 287 1495 350; baseline -0.005 -12"><span class='ocrx_word' id='word_1_6' title='bbox 113 293 189 338; x_wconf 79' lang='grc' dir='ltr'><strong><em>καὶ</em></strong></span> <span class='ocrx_word' id='word_1_7' title='bbox 218 292 474 350; x_wconf 80' lang='grc' dir='ltr'><strong><em>σημαίνοντι</em></strong></span> <span class='ocrx_word' id='word_1_8' title='bbox 505 292 633 348; x_wconf 83' lang='grc' dir='ltr'><em>μείζω</em></span> <span class='ocrx_word' id='word_1_9' title='bbox 663 289 768 334; x_wconf 77' lang='grc' dir='ltr'><strong><em>ἅττα</em></strong></span> <span class='ocrx_word' id='word_1_10' title='bbox 798 288 910 333; x_wconf 71' lang='grc' dir='ltr'><strong><em>εἶναι</em></strong></span> <span class='ocrx_word' id='word_1_11' title='bbox 938 289 968 345; x_wconf 81' lang='grc' dir='ltr'><strong><em>ἢ</em></strong></span> <span class='ocrx_word' id='word_1_12' title='bbox 996 288 1155 333; x_wconf 76' lang='grc' dir='ltr'><strong><em>ἐλάττω</em></strong></span> <span class='ocrx_word' id='word_1_13' title='bbox 1185 289 1308 344; x_wconf 77' lang='grc' dir='ltr'><strong><em>ἔτερα</em></strong></span> <span class='ocrx_word' id='word_1_14' title='bbox 1334 287 1495 342; x_wconf 77' lang='grc' dir='ltr'><strong><em>ἑτέρων</em></strong></span> 
     </span>
    </p>
   </div>
   <div class='ocr_carea' id='block_1_4' title="bbox 112 357 1341 419">
    <p class='ocr_par' dir='ltr' id='par_1_4' title="bbox 112 357 1341 419">
     <span class='ocr_line' id='line_1_4' title="bbox 112 357 1341 419; baseline -0.005 -13"><span class='ocrx_word' id='word_1_15' title='bbox 112 363 142 419; x_wconf 71' lang='grc' dir='ltr'><em>ἢ</em></span> <span class='ocrx_word' id='word_1_16' title='bbox 176 365 252 406; x_wconf 70' lang='lat' dir='ltr'>wa</span> <span class='ocrx_word' id='word_1_17' title='bbox 289 359 498 405; x_wconf 69' lang='grc' dir='ltr'><strong><em>τάναντία</em></strong></span> <span class='ocrx_word' id='word_1_18' title='bbox 539 360 740 415; x_wconf 74' lang='grc' dir='ltr'><strong><em>φαίνδΐαι</em></strong></span> <span class='ocrx_word' id='word_1_19' title='bbox 781 358 869 415; x_wconf 58' lang='grc' dir='ltr'>ἅμα</span> <span class='ocrx_word' id='word_1_20' title='bbox 908 358 1007 411; x_wconf 72' lang='grc' dir='ltr'><strong>περὶ</strong></span> <span class='ocrx_word' id='word_1_21' title='bbox 1037 357 1185 401; x_wconf 73' lang='grc' dir='ltr'><strong><em>ταύτά.</em></strong></span> <span class='ocrx_word' id='word_1_22' title='bbox 1234 358 1341 400; x_wconf 76' lang='grc' dir='ltr'><strong><em>Ναι-</em></strong></span> 
     </span>
    </p>
   </div>
   <div class='ocr_carea' id='block_1_5' title="bbox 1403 354 1493 400">
    <p class='ocr_par' dir='ltr' id='par_1_5' title="bbox 1403 354 1493 400">
     <span class='ocr_line' id='line_1_5' title="bbox 1403 354 1493 400; baseline 0 0"><span class='ocrx_word' id='word_1_23' title='bbox 1403 354 1493 400; x_wconf 82' lang='grc' dir='ltr'>Οὐ-</span> 
     </span>
    </p>
   </div>
   <div class='ocr_carea' id='block_1_6' title="bbox 110 423 1495 485">
    <p class='ocr_par' dir='ltr' id='par_1_6' title="bbox 110 423 1495 485">
     <span class='ocr_line' id='line_1_6' title="bbox 110 423 1495 485; baseline -0.006 -10"><span class='ocrx_word' id='word_1_24' title='bbox 110 434 227 475; x_wconf 79' lang='grc' dir='ltr'><strong><em>κοῦν</em></strong></span> <span class='ocrx_word' id='word_1_25' title='bbox 258 429 425 485; x_wconf 76' lang='grc' dir='ltr'><strong><em>ἔφαμεν</em></strong></span> <span class='ocrx_word' id='word_1_26' title='bbox 453 431 516 484; x_wconf 76' lang='grc' dir='ltr'>τῷ</span> <span class='ocrx_word' id='word_1_27' title='bbox 537 425 657 485; x_wconf 74' lang='grc' dir='ltr'><strong><em>αὐτῷ</em></strong></span> <span class='ocrx_word' id='word_1_28' title='bbox 687 426 780 482; x_wconf 80' lang='grc' dir='ltr'><strong><em>ἅμα</em></strong></span> <span class='ocrx_word' id='word_1_29' title='bbox 807 426 905 481; x_wconf 81' lang='grc' dir='ltr'><em>περὶ</em></span> <span class='ocrx_word' id='word_1_30' title='bbox 933 424 1070 468; x_wconf 80' lang='grc' dir='ltr'><strong><em>ταύτοὶ</em></strong></span> <span class='ocrx_word' id='word_1_31' title='bbox 1100 425 1275 469; x_wconf 77' lang='grc' dir='ltr'><strong><em>ἐναντία</em></strong></span> <span class='ocrx_word' id='word_1_32' title='bbox 1306 423 1495 478; x_wconf 81' lang='grc' dir='ltr'><em>δοξάζειν</em></span> 
     </span>
    </p>
   </div>
   <div class='ocr_carea' id='block_1_7' title="bbox 112 492 1124 550">
    <p class='ocr_par' dir='ltr' id='par_1_7' title="bbox 112 492 1124 550">
     <span class='ocr_line' id='line_1_7' title="bbox 112 492 1124 550; baseline -0.006 -8"><span class='ocrx_word' id='word_1_33' title='bbox 112 496 334 542; x_wconf 73' lang='grc' dir='ltr'><strong><em>ἀδύνατον</em></strong></span> <span class='ocrx_word' id='word_1_34' title='bbox 364 493 503 546; x_wconf 80' lang='grc' dir='ltr'><strong><em>εἶναι;</em></strong></span> <span class='ocrx_word' id='word_1_35' title='bbox 549 495 640 538; x_wconf 86' lang='grc' dir='ltr'><strong><em>Καὶ</em></strong></span> <span class='ocrx_word' id='word_1_36' title='bbox 679 493 830 548; x_wconf 78' lang='grc' dir='ltr'><strong><em>ὀρθῶς</em></strong></span> <span class='ocrx_word' id='word_1_37' title='bbox 866 492 913 550; x_wconf 75' lang='grc' dir='ltr'>γ’</span> <span class='ocrx_word' id='word_1_38' title='bbox 944 494 1124 549; x_wconf 76' lang='grc' dir='ltr'><strong><em>ἔφαμεν.</em></strong></span> 
     </span>
    </p>
   </div>
   <div class='ocr_carea' id='block_1_8' title="bbox 1188 492 1584 549">
    <p class='ocr_par' dir='ltr' id='par_1_8' title="bbox 1188 492 1584 549">
     <span class='ocr_line' id='line_1_8' title="bbox 1188 492 1584 549; baseline -0.013 -13"><span class='ocrx_word' id='word_1_39' title='bbox 1188 493 1248 538; x_wconf 70' lang='lat' dir='ltr'>To*</span> <span class='ocrx_word' id='word_1_40' title='bbox 1290 493 1408 549; x_wconf 73' lang='lat' dir='ltr'>napo?</span> <span class='ocrx_word' id='word_1_41' title='bbox 1437 492 1492 536; x_wconf 79' lang='grc' dir='ltr'>τὰ</span> <span class='ocrx_word' id='word_1_42' title='bbox 1515 497 1584 532; x_wconf 85' lang='grc'>603</span> 
     </span>
    </p>
   </div>
   <div class='ocr_carea' id='block_1_9' title="bbox 110 559 1496 622">
    <p class='ocr_par' dir='ltr' id='par_1_9' title="bbox 110 559 1496 622">
     <span class='ocr_line' id='line_1_9' title="bbox 110 559 1496 622; baseline -0.004 -11"><span class='ocrx_word' id='word_1_43' title='bbox 110 567 245 621; x_wconf 82' lang='grc' dir='ltr'><strong><em>μέτρα</em></strong></span> <span class='ocrx_word' id='word_1_44' title='bbox 282 565 370 619; x_wconf 72' lang='grc' dir='ltr'><strong><em>ἄρα</em></strong></span> <span class='ocrx_word' id='word_1_45' title='bbox 405 562 588 617; x_wconf 78' lang='grc' dir='ltr'><em>δοξάζον</em></span> <span class='ocrx_word' id='word_1_46' title='bbox 623 567 699 618; x_wconf 81' lang='grc' dir='ltr'>τῆς</span> <span class='ocrx_word' id='word_1_47' title='bbox 736 567 878 620; x_wconf 82' lang='grc' dir='ltr'><em>ψυχῆς</em></span> <span class='ocrx_word' id='word_1_48' title='bbox 915 566 979 622; x_wconf 78' lang='grc' dir='ltr'>τῷ</span> <span class='ocrx_word' id='word_1_49' title='bbox 1009 561 1119 606; x_wconf 78' lang='grc' dir='ltr'><strong><em>κατὰ</em></strong></span> <span class='ocrx_word' id='word_1_50' title='bbox 1157 562 1211 605; x_wconf 82' lang='grc' dir='ltr'>τοὶ</span> <span class='ocrx_word' id='word_1_51' title='bbox 1246 561 1381 618; x_wconf 79' lang='grc' dir='ltr'><strong><em>μέτρα</em></strong></span> <span class='ocrx_word' id='word_1_52' title='bbox 1411 559 1496 606; x_wconf 77' lang='grc' dir='ltr'>οὐκ</span> 
     </span>
    </p>
   </div>
   <div class='ocr_carea' id='block_1_10' title="bbox 109 631 470 691">
    <p class='ocr_par' dir='ltr' id='par_1_10' title="bbox 109 631 470 691">
     <span class='ocr_line' id='line_1_10' title="bbox 109 631 470 691; baseline -0.006 -14"><span class='ocrx_word' id='word_1_53' title='bbox 109 632 168 677; x_wconf 78' lang='grc' dir='ltr'>ἂν</span> <span class='ocrx_word' id='word_1_54' title='bbox 198 635 265 691; x_wconf 82' lang='grc' dir='ltr'><strong><em>ε’ίη</em></strong></span> <span class='ocrx_word' id='word_1_55' title='bbox 294 631 470 677; x_wconf 81' lang='grc' dir='ltr'><strong><em>ταύτόν.</em></strong></span> 
     </span>
    </p>
   </div>
   <div class='ocr_carea' id='block_1_11' title="bbox 107 628 1413 765">
    <p class='ocr_par' dir='ltr' id='par_1_11' title="bbox 107 628 1365 757">
     <span class='ocr_line' id='line_1_11' title="bbox 536 628 853 687; baseline 0 -12"><span class='ocrx_word' id='word_1_56' title='bbox 536 629 601 675; x_wconf 84' lang='grc' dir='ltr'>Οὐ</span> <span class='ocrx_word' id='word_1_57' title='bbox 634 631 718 687; x_wconf 71' lang='grc' dir='ltr'>γάρ</span> <span class='ocrx_word' id='word_1_58' title='bbox 757 628 853 676; x_wconf 76' lang='grc' dir='ltr'><strong><em>οὖν.</em></strong></span> 
     </span>
     <span class='ocr_line' id='line_1_12' title="bbox 107 699 1413 765; baseline -0.003 -20"><span class='ocrx_word' id='word_1_59' title='bbox 107 702 182 745; x_wconf 76' lang='grc' dir='ltr'><strong><em>καὶ</em></strong></span> <span class='ocrx_word' id='word_1_60' title='bbox 211 704 406 765; x_wconf 74' lang='grc' dir='ltr'><strong><em>λογισμῳ</em></strong></span> <span class='ocrx_word' id='word_1_61' title='bbox 434 704 641 744; x_wconf 80' lang='grc' dir='ltr'><strong><em>πιστεῦον</em></strong></span> <span class='ocrx_word' id='word_1_62' title='bbox 671 700 898 757; x_wconf 83' lang='grc' dir='ltr'><strong><em>βέλτιστον</em></strong></span> <span class='ocrx_word' id='word_1_63' title='bbox 935 699 994 743; x_wconf 72' lang='grc' dir='ltr'>ἂν</span> <span class='ocrx_word' id='word_1_64' title='bbox 1024 701 1088 755; x_wconf 81' lang='grc' dir='ltr'>εἴη</span> <span class='ocrx_word' id='word_1_65' title='bbox 1118 702 1194 755; x_wconf 82' lang='grc' dir='ltr'>τῆς</span> <span class='ocrx_word' id='word_1_66' title='bbox 1225 702 1413 754; x_wconf 79' lang='grc' dir='ltr'><strong>ψυχῆς.</strong></span> 
     </span>
    </p>
   </div>
   <div class='ocr_carea' id='block_1_12' title="bbox 911 629 1582 741">
    <p class='ocr_par' dir='ltr' id='par_1_12' title="bbox 911 629 1582 741">
     <span class='ocr_line' id='line_1_13' title="bbox 911 629 1582 688; baseline -0.003 -12.988"><span class='ocrx_word' id='word_1_67' title='bbox 911 630 1037 675; x_wconf 71' lang='grc' dir='ltr'>Ἀλλά</span> <span class='ocrx_word' id='word_1_68' title='bbox 1067 629 1152 686; x_wconf 73' lang='grc' dir='ltr'>μὴν</span> <span class='ocrx_word' id='word_1_69' title='bbox 1189 629 1238 673; x_wconf 89' lang='grc' dir='ltr'>τὸ</span> <span class='ocrx_word' id='word_1_70' title='bbox 1270 629 1413 688; x_wconf 78' lang='grc' dir='ltr'><strong><em>μέτρῳ</em></strong></span> <span class='ocrx_word' id='word_1_71' title='bbox 1449 646 1498 685; x_wconf 74' lang='grc' dir='ltr'>γε</span> <span class='ocrx_word' id='word_1_72' title='bbox 1566 636 1582 639; x_wconf 74' lang='grc'><em>“</em></span> 
     </span>
     <span class='ocr_line' id='line_1_14' title="bbox 1444 699 1498 741; baseline 0 0"><span class='ocrx_word' id='word_1_73' title='bbox 1444 699 1498 741; x_wconf 91' lang='grc' dir='ltr'><strong><em>Τί</em></strong></span> 
     </span>
    </p>
   </div>
   <div class='ocr_carea' id='block_1_13' title="bbox 106 764 1495 828">
    <p class='ocr_par' dir='ltr' id='par_1_13' title="bbox 106 764 1495 828">
     <span class='ocr_line' id='line_1_15' title="bbox 106 764 1495 828; baseline -0.002 -16"><span class='ocrx_word' id='word_1_74' title='bbox 106 768 218 825; x_wconf 74' lang='grc' dir='ltr'>μήνς</span> <span class='ocrx_word' id='word_1_75' title='bbox 264 768 327 813; x_wconf 81' lang='grc' dir='ltr'>Τὰ</span> <span class='ocrx_word' id='word_1_76' title='bbox 366 767 452 825; x_wconf 76' lang='grc' dir='ltr'><strong><em>ἄρα</em></strong></span> <span class='ocrx_word' id='word_1_77' title='bbox 480 767 622 828; x_wconf 84' lang='grc' dir='ltr'><strong><em>τούτῳ</em></strong></span> <span class='ocrx_word' id='word_1_78' title='bbox 653 769 998 825; x_wconf 80' lang='grc' dir='ltr'>ἐναντιούμενον</span> <span class='ocrx_word' id='word_1_79' title='bbox 1031 786 1120 812; x_wconf 89' lang='grc' dir='ltr'>των</span> <span class='ocrx_word' id='word_1_80' title='bbox 1151 765 1337 824; x_wconf 83' lang='grc' dir='ltr'><strong><em>φαύλων</em></strong></span> <span class='ocrx_word' id='word_1_81' title='bbox 1368 764 1423 809; x_wconf 76' lang='grc' dir='ltr'>ἅν</span> <span class='ocrx_word' id='word_1_82' title='bbox 1451 783 1495 810; x_wconf 93' lang='grc' dir='ltr'>τι</span> 
     </span>
    </p>
   </div>
   <div class='ocr_carea' id='block_1_14' title="bbox 106 835 658 894">
    <p class='ocr_par' dir='ltr' id='par_1_14' title="bbox 106 835 658 894">
     <span class='ocr_line' id='line_1_16' title="bbox 106 835 658 894; baseline 0 -14"><span class='ocrx_word' id='word_1_83' title='bbox 106 839 173 894; x_wconf 80' lang='grc' dir='ltr'><strong><em>ε’ίη</em></strong></span> <span class='ocrx_word' id='word_1_84' title='bbox 204 837 252 880; x_wconf 81' lang='grc' dir='ltr'>ἐν</span> <span class='ocrx_word' id='word_1_85' title='bbox 284 836 403 893; x_wconf 83' lang='grc' dir='ltr'><strong><em>ἡμῖν.</em></strong></span> <span class='ocrx_word' id='word_1_86' title='bbox 455 835 658 892; x_wconf 77' lang='grc' dir='ltr'><strong><em>Ἀνάγκη.</em></strong></span> 
     </span>
    </p>
   </div>
   <div class='ocr_carea' id='block_1_15' title="bbox 723 835 1495 892">
    <p class='ocr_par' dir='ltr' id='par_1_15' title="bbox 723 835 1495 892">
     <span class='ocr_line' id='line_1_17' title="bbox 723 835 1495 892; baseline -0.004 -11"><span class='ocrx_word' id='word_1_87' title='bbox 723 842 867 881; x_wconf 83' lang='grc' dir='ltr'><strong><em>Τοῦτο</em></strong></span> <span class='ocrx_word' id='word_1_88' title='bbox 903 840 1060 881; x_wconf 86' lang='grc' dir='ltr'><strong><em>τοίνυν</em></strong></span> <span class='ocrx_word' id='word_1_89' title='bbox 1090 835 1495 892; x_wconf 79' lang='grc' dir='ltr'><em>διομολογήσασθαι</em></span> 
     </span>
    </p>
   </div>
   <div class='ocr_carea' id='block_1_16' title="bbox 107 903 1493 964">
    <p class='ocr_par' dir='ltr' id='par_1_16' title="bbox 107 903 1493 964">
     <span class='ocr_line' id='line_1_18' title="bbox 107 903 1493 964; baseline -0.001 -16"><span class='ocrx_word' id='word_1_90' title='bbox 107 903 378 961; x_wconf 83' lang='grc' dir='ltr'><strong><em>βουλόμενος</em></strong></span> <span class='ocrx_word' id='word_1_91' title='bbox 406 905 568 962; x_wconf 76' lang='grc' dir='ltr'><strong><em>ἔλεγον,</em></strong></span> <span class='ocrx_word' id='word_1_92' title='bbox 605 905 673 950; x_wconf 84' lang='grc' dir='ltr'>ὅτι</span> <span class='ocrx_word' id='word_1_93' title='bbox 702 904 729 964; x_wconf 83' lang='grc' dir='ltr'><em>ἦ</em></span> <span class='ocrx_word' id='word_1_94' title='bbox 759 905 952 964; x_wconf 79' lang='grc' dir='ltr'><strong><em>γραφική</em></strong></span> <span class='ocrx_word' id='word_1_95' title='bbox 982 906 1056 949; x_wconf 83' lang='grc' dir='ltr'><strong><em>καὶ</em></strong></span> <span class='ocrx_word' id='word_1_96' title='bbox 1087 904 1198 957; x_wconf 83' lang='grc' dir='ltr'><em>ὅλως</em></span> <span class='ocrx_word' id='word_1_97' title='bbox 1228 903 1254 961; x_wconf 82' lang='grc' dir='ltr'><strong><em>ἡ</em></strong></span> <span class='ocrx_word' id='word_1_98' title='bbox 1285 903 1493 960; x_wconf 80' lang='grc' dir='ltr'><strong><em>μιμητική</em></strong></span> 
     </span>
    </p>
   </div>
   <div class='ocr_carea' id='block_1_17' title="bbox 97 1054 770 2886">
    <p class='ocr_par' dir='ltr' id='par_1_17' title="bbox 100 1054 770 1654">
     <span class='ocr_line' id='line_1_19' title="bbox 106 1054 769 1100; baseline 0.003 -13"><span class='ocrx_word' id='word_1_99' title='bbox 106 1054 273 1088; x_wconf 81' lang='lat' dir='ltr'>exemeris</span> <span class='ocrx_word' id='word_1_100' title='bbox 305 1058 342 1088; x_wconf 85' lang='lat' dir='ltr'>et</span> <span class='ocrx_word' id='word_1_101' title='bbox 372 1065 487 1089; x_wconf 81' lang='lat' dir='ltr'>menso</span> <span class='ocrx_word' id='word_1_102' title='bbox 518 1067 582 1100; x_wconf 91' lang='lat' dir='ltr'>pro</span> <span class='ocrx_word' id='word_1_103' title='bbox 605 1056 769 1090; x_wconf 78' lang='lat' dir='ltr'><em>metiente</em></span> 
     </span>
     <span class='ocr_line' id='line_1_20' title="bbox 106 1101 766 1147; baseline 0.003 -14"><span class='ocrx_word' id='word_1_104' title='bbox 106 1101 284 1144; x_wconf 85' lang='lat' dir='ltr'>posueris,</span> <span class='ocrx_word' id='word_1_105' title='bbox 319 1101 403 1134; x_wconf 82' lang='lat' dir='ltr'>ferri</span> <span class='ocrx_word' id='word_1_106' title='bbox 434 1102 565 1147; x_wconf 86' lang='lat' dir='ltr'>reliqua</span> <span class='ocrx_word' id='word_1_107' title='bbox 597 1107 766 1146; x_wconf 84' lang='lat' dir='ltr'>poterunt.</span> 
     </span>
     <span class='ocr_line' id='line_1_21' title="bbox 106 1146 768 1191; baseline 0.003 -12"><span class='ocrx_word' id='word_1_108' title='bbox 106 1146 220 1180; x_wconf 82' lang='lat' dir='ltr'>Minus</span> <span class='ocrx_word' id='word_1_109' title='bbox 245 1147 430 1191; x_wconf 77' lang='lat' dir='ltr'>probabilis</span> <span class='ocrx_word' id='word_1_110' title='bbox 461 1152 515 1182; x_wconf 87' lang='lat' dir='ltr'>est</span> <span class='ocrx_word' id='word_1_111' title='bbox 538 1148 768 1182; x_wconf 78' lang='lat' dir='ltr'>Schleierma-</span> 
     </span>
     <span class='ocr_line' id='line_1_22' title="bbox 104 1192 770 1248; baseline 0.006 -24"><span class='ocrx_word' id='word_1_112' title='bbox 104 1192 200 1225; x_wconf 87' lang='lat' dir='ltr'>cheri</span> <span class='ocrx_word' id='word_1_113' title='bbox 222 1192 487 1248; x_wconf 81' lang='lat' dir='ltr'>interpretatio,</span> <span class='ocrx_word' id='word_1_114' title='bbox 492 1195 551 1239; x_wconf 90' lang='lat' dir='ltr'>qui</span> <span class='ocrx_word' id='word_1_115' title='bbox 575 1195 770 1238; x_wconf 74' lang='lat' dir='ltr'>suffnagan-</span> 
     </span>
     <span class='ocr_line' id='line_1_23' title="bbox 105 1239 767 1287; baseline 0.002 -16"><span class='ocrx_word' id='word_1_116' title='bbox 105 1242 141 1272; x_wconf 79' lang='lat' dir='ltr'>te</span> <span class='ocrx_word' id='word_1_117' title='bbox 165 1239 389 1274; x_wconf 80' lang='lat' dir='ltr'>Stallbaumio</span> <span class='ocrx_word' id='word_1_118' title='bbox 411 1251 533 1286; x_wconf 84' lang='grc' dir='ltr'><strong><em>τουτῳ</em></strong></span> <span class='ocrx_word' id='word_1_119' title='bbox 560 1240 593 1274; x_wconf 85' lang='lat' dir='ltr'>in</span> <span class='ocrx_word' id='word_1_120' title='bbox 617 1241 669 1287; x_wconf 82' lang='grc' dir='ltr'>τῷ</span> <span class='ocrx_word' id='word_1_121' title='bbox 695 1252 767 1273; x_wconf 89' lang='lat' dir='ltr'>mu-</span> 
     </span>
     <span class='ocr_line' id='line_1_24' title="bbox 105 1275 769 1331; baseline 0.003 -14"><span class='ocrx_word' id='word_1_122' title='bbox 105 1287 159 1318; x_wconf 81' lang='lat' dir='ltr'>tat</span> <span class='ocrx_word' id='word_1_123' title='bbox 179 1286 354 1331; x_wconf 83' lang='lat' dir='ltr'>verboque</span> <span class='ocrx_word' id='word_1_124' title='bbox 377 1275 568 1329; x_wconf 57' lang='grc' dir='ltr'><strong><em>σημαίνειν</em></strong></span> <span class='ocrx_word' id='word_1_125' title='bbox 584 1294 702 1321; x_wconf 86' lang='lat' dir='ltr'>no&#39;vam</span> <span class='ocrx_word' id='word_1_126' title='bbox 720 1286 769 1319; x_wconf 85' lang='lat' dir='ltr'>si-</span> 
     </span>
     <span class='ocr_line' id='line_1_25' title="bbox 103 1330 768 1375; baseline 0.005 -12"><span class='ocrx_word' id='word_1_127' title='bbox 103 1330 355 1375; x_wconf 83' lang='lat' dir='ltr'>gnificationem</span> <span class='ocrx_word' id='word_1_128' title='bbox 373 1332 514 1366; x_wconf 78' lang='lat' dir='ltr'>tribuit:</span> <span class='ocrx_word' id='word_1_129' title='bbox 549 1333 660 1366; x_wconf 80' lang='lat' dir='ltr'>lVenn</span> <span class='ocrx_word' id='word_1_130' title='bbox 674 1334 768 1366; x_wconf 81' lang='lat' dir='ltr'>einer</span> 
     </span>
     <span class='ocr_line' id='line_1_26' title="bbox 104 1378 768 1423; baseline 0.003 -13"><span class='ocrx_word' id='word_1_131' title='bbox 104 1378 189 1411; x_wconf 82' lang='lat' dir='ltr'>aber</span> <span class='ocrx_word' id='word_1_132' title='bbox 214 1379 304 1412; x_wconf 80' lang='lat' dir='ltr'>auch</span> <span class='ocrx_word' id='word_1_133' title='bbox 330 1379 417 1411; x_wconf 83' lang='lat' dir='ltr'>noch</span> <span class='ocrx_word' id='word_1_134' title='bbox 437 1390 472 1411; x_wconf 82' lang='lat' dir='ltr'>so</span> <span class='ocrx_word' id='word_1_135' title='bbox 491 1379 570 1412; x_wconf 77' lang='lat' dir='ltr'>sehr</span> <span class='ocrx_word' id='word_1_136' title='bbox 588 1390 768 1423; x_wconf 79' lang='lat' dir='ltr'>gemesscn</span> 
     </span>
     <span class='ocr_line' id='line_1_27' title="bbox 103 1423 767 1466; baseline -0.002 -9"><span class='ocrx_word' id='word_1_137' title='bbox 103 1423 180 1466; x_wconf 73' lang='lat' dir='ltr'>hat,</span> <span class='ocrx_word' id='word_1_138' title='bbox 194 1424 266 1458; x_wconf 78' lang='lat' dir='ltr'>und</span> <span class='ocrx_word' id='word_1_139' title='bbox 285 1436 357 1458; x_wconf 83' lang='lat' dir='ltr'>mm</span> <span class='ocrx_word' id='word_1_140' title='bbox 378 1425 560 1466; x_wconf 80' lang='lat' dir='ltr'>bestimmt‚</span> <span class='ocrx_word' id='word_1_141' title='bbox 579 1426 660 1458; x_wconf 81' lang='lat' dir='ltr'><strong><em>dass</em></strong></span> <span class='ocrx_word' id='word_1_142' title='bbox 680 1426 767 1458; x_wconf 80' lang='lat' dir='ltr'>eini-</span> 
     </span>
     <span class='ocr_line' id='line_1_28' title="bbox 101 1472 768 1515; baseline 0.001 -12"><span class='ocrx_word' id='word_1_143' title='bbox 101 1481 167 1515; x_wconf 84' lang='lat' dir='ltr'>ges</span> <span class='ocrx_word' id='word_1_144' title='bbox 192 1473 332 1515; x_wconf 75' lang='lat' dir='ltr'>griisser</span> <span class='ocrx_word' id='word_1_145' title='bbox 361 1472 412 1504; x_wconf 80' lang='lat' dir='ltr'>sei</span> <span class='ocrx_word' id='word_1_146' title='bbox 438 1472 523 1505; x_wconf 82' lang='lat' dir='ltr'>oder</span> <span class='ocrx_word' id='word_1_147' title='bbox 550 1472 682 1505; x_wconf 80' lang='lat' dir='ltr'>kleiner</span> <span class='ocrx_word' id='word_1_148' title='bbox 715 1473 768 1504; x_wconf 83' lang='lat' dir='ltr'>als</span> 
     </span>
     <span class='ocr_line' id='line_1_29' title="bbox 102 1516 767 1562; baseline 0.002 -13"><span class='ocrx_word' id='word_1_149' title='bbox 102 1516 252 1550; x_wconf 73' lang='lat' dir='ltr'>anderes</span> <span class='ocrx_word' id='word_1_150' title='bbox 277 1517 361 1551; x_wconf 82' lang='lat' dir='ltr'>oder</span> <span class='ocrx_word' id='word_1_151' title='bbox 377 1517 494 1561; x_wconf 78' lang='lat' dir='ltr'>gleich</span> <span class='ocrx_word' id='word_1_152' title='bbox 515 1529 634 1562; x_wconf 82' lang='lat' dir='ltr'>gross:</span> <span class='ocrx_word' id='word_1_153' title='bbox 658 1530 693 1551; x_wconf 90' lang='lat' dir='ltr'>so</span> <span class='ocrx_word' id='word_1_154' title='bbox 714 1529 767 1550; x_wconf 84' lang='lat' dir='ltr'>er-</span> 
     </span>
     <span class='ocr_line' id='line_1_30' title="bbox 101 1562 768 1608; baseline 0.004 -13"><span class='ocrx_word' id='word_1_155' title='bbox 101 1562 234 1596; x_wconf 74' lang='lat' dir='ltr'>scheint</span> <span class='ocrx_word' id='word_1_156' title='bbox 265 1564 338 1596; x_wconf 72' lang='lat' dir='ltr'>ihm</span> <span class='ocrx_word' id='word_1_157' title='bbox 369 1564 455 1597; x_wconf 79' lang='lat' dir='ltr'>doch</span> <span class='ocrx_word' id='word_1_158' title='bbox 481 1564 678 1608; x_wconf 78' lang='lat' dir='ltr'>dasselbige</span> <span class='ocrx_word' id='word_1_159' title='bbox 707 1577 768 1597; x_wconf 74' lang='lat' dir='ltr'>zu-</span> 
     </span>
     <span class='ocr_line' id='line_1_31' title="bbox 100 1608 542 1664; baseline 0.002 -24"><span class='ocrx_word' id='word_1_160' title='bbox 100 1608 218 1663; x_wconf 71' lang='lat' dir='ltr'>gleich</span> <span class='ocrx_word' id='word_1_161' title='bbox 238 1615 542 1664; x_wconf 73' lang='lat' dir='ltr'>entgegengesezt</span> 
     </span>
    </p>

    <p class='ocr_par' dir='ltr' id='par_1_18' title="bbox 100 1650 768 1872">
     <span class='ocr_line' id='line_1_32' title="bbox 148 1650 766 1699; baseline 0.002 -12"><span class='ocrx_word' id='word_1_162' title='bbox 148 1650 204 1699; x_wconf 74' lang='grc' dir='ltr'>δὲ]</span> <span class='ocrx_word' id='word_1_163' title='bbox 229 1652 276 1699; x_wconf 80' lang='grc' dir='ltr'><em>δὴ</em></span> <span class='ocrx_word' id='word_1_164' title='bbox 303 1655 388 1689; x_wconf 90' lang='lat' dir='ltr'><strong>Lob.</strong></span> <span class='ocrx_word' id='word_1_165' title='bbox 415 1656 494 1689; x_wconf 84' lang='lat' dir='ltr'><strong>Vat.</strong></span> <span class='ocrx_word' id='word_1_166' title='bbox 517 1655 596 1689; x_wconf 91' lang='grc' dir='ltr'>ΒΜ.</span> <span class='ocrx_word' id='word_1_167' title='bbox 622 1656 708 1689; x_wconf 85' lang='lat' dir='ltr'><strong>Ven.</strong></span> <span class='ocrx_word' id='word_1_168' title='bbox 724 1655 766 1688; x_wconf 87' lang='lat' dir='ltr'>B.</span> 
     </span>
     <span class='ocr_line' id='line_1_33' title="bbox 102 1668 767 1744; baseline 0.002 -11"><span class='ocrx_word' id='word_1_169' title='bbox 102 1700 180 1744; x_wconf 83' lang='lat' dir='ltr'>Ang</span> <span class='ocrx_word' id='word_1_170' title='bbox 215 1701 254 1734; x_wconf 97' lang='grc' dir='ltr'><strong>Β.</strong></span> <span class='ocrx_word' id='word_1_171' title='bbox 256 1668 381 1736; x_wconf 71' lang='grc' dir='ltr'><strong><em>ηΡΙοτ.</em></strong></span> <span class='ocrx_word' id='word_1_172' title='bbox 416 1701 520 1734; x_wconf 82' lang='lat' dir='ltr'><strong>ACR.</strong></span> <span class='ocrx_word' id='word_1_173' title='bbox 557 1713 632 1735; x_wconf 89' lang='lat' dir='ltr'>cum</span> <span class='ocrx_word' id='word_1_174' title='bbox 667 1701 767 1734; x_wconf 85' lang='lat' dir='ltr'>editis</span> 
     </span>
     <span class='ocr_line' id='line_1_34' title="bbox 101 1747 768 1792; baseline 0 -13"><span class='ocrx_word' id='word_1_175' title='bbox 101 1751 183 1779; x_wconf 86' lang='lat' dir='ltr'>ante</span> <span class='ocrx_word' id='word_1_176' title='bbox 205 1747 422 1787; x_wconf 83' lang='lat' dir='ltr'>Bekkermn‚</span> <span class='ocrx_word' id='word_1_177' title='bbox 456 1748 546 1792; x_wconf 91' lang='lat' dir='ltr'>quod</span> <span class='ocrx_word' id='word_1_178' title='bbox 576 1747 612 1780; x_wconf 88' lang='lat' dir='ltr'>in</span> <span class='ocrx_word' id='word_1_179' title='bbox 636 1759 768 1780; x_wconf 69' lang='lat' dir='ltr'>assiun-</span> 
     </span>
     <span class='ocr_line' id='line_1_35' title="bbox 102 1790 766 1838; baseline 0.005 -14"><span class='ocrx_word' id='word_1_180' title='bbox 102 1792 217 1836; x_wconf 82' lang='lat' dir='ltr'>ptione</span> <span class='ocrx_word' id='word_1_181' title='bbox 243 1805 310 1826; x_wconf 88' lang='lat' dir='ltr'>non</span> <span class='ocrx_word' id='word_1_182' title='bbox 326 1794 478 1838; x_wconf 86' lang='lat' dir='ltr'>ineptum</span> <span class='ocrx_word' id='word_1_183' title='bbox 502 1797 588 1828; x_wconf 84' lang='lat' dir='ltr'>erat.</span> <span class='ocrx_word' id='word_1_184' title='bbox 636 1794 706 1827; x_wconf 88' lang='lat' dir='ltr'>Sed</span> <span class='ocrx_word' id='word_1_185' title='bbox 726 1790 766 1827; x_wconf 85' lang='grc' dir='ltr'>δε</span> 
     </span>
     <span class='ocr_line' id='line_1_36' title="bbox 100 1838 240 1872; baseline 0.007 -1"><span class='ocrx_word' id='word_1_186' title='bbox 100 1838 240 1872; x_wconf 79' lang='lat' dir='ltr'>sufficit.</span> 
     </span>
    </p>

    <p class='ocr_par' dir='ltr' id='par_1_19' title="bbox 97 1882 765 2654">
     <span class='ocr_line' id='line_1_37' title="bbox 149 1882 764 1929; baseline 0.002 -12"><span class='ocrx_word' id='word_1_187' title='bbox 149 1884 388 1928; x_wconf 80' lang='grc' dir='ltr'><strong><em>σημαίνοντι]</em></strong></span> <span class='ocrx_word' id='word_1_188' title='bbox 426 1882 645 1929; x_wconf 79' lang='grc' dir='ltr'><strong><em>σημήιναντι</em></strong></span> <span class='ocrx_word' id='word_1_189' title='bbox 677 1885 764 1918; x_wconf 86' lang='lat' dir='ltr'><strong>Lob.</strong></span> 
     </span>
     <span class='ocr_line' id='line_1_38' title="bbox 102 1929 765 1974; baseline 0 -10"><span class='ocrx_word' id='word_1_190' title='bbox 102 1929 307 1974; x_wconf 84' lang='grc' dir='ltr'><strong><em>σημήναντι</em></strong></span> <span class='ocrx_word' id='word_1_191' title='bbox 346 1932 428 1966; x_wconf 83' lang='lat' dir='ltr'><strong>vat.</strong></span> <span class='ocrx_word' id='word_1_192' title='bbox 463 1931 513 1966; x_wconf 88' lang='grc' dir='ltr'>Μ.</span> <span class='ocrx_word' id='word_1_193' title='bbox 558 1929 765 1974; x_wconf 80' lang='grc' dir='ltr'><strong><em>σημάναντι</em></strong></span> 
     </span>
     <span class='ocr_line' id='line_1_39' title="bbox 100 1976 764 2022; baseline 0.002 -12"><span class='ocrx_word' id='word_1_194' title='bbox 100 1977 188 2021; x_wconf 82' lang='lat' dir='ltr'><strong>Ang.</strong></span> <span class='ocrx_word' id='word_1_195' title='bbox 214 1977 255 2010; x_wconf 89' lang='grc' dir='ltr'>Β.</span> <span class='ocrx_word' id='word_1_196' title='bbox 292 1976 389 2012; x_wconf 86' lang='lat' dir='ltr'><strong>Flor.</strong></span> <span class='ocrx_word' id='word_1_197' title='bbox 423 1977 500 2011; x_wconf 85' lang='lat' dir='ltr'>RT.</span> <span class='ocrx_word' id='word_1_198' title='bbox 531 1979 700 2022; x_wconf 85' lang='lat' dir='ltr'>probante</span> <span class='ocrx_word' id='word_1_199' title='bbox 729 1978 764 2011; x_wconf 92' lang='lat' dir='ltr'>in</span> 
     </span>
     <span class='ocr_line' id='line_1_40' title="bbox 99 2023 764 2068; baseline 0.002 -12"><span class='ocrx_word' id='word_1_200' title='bbox 99 2034 155 2067; x_wconf 84' lang='lat' dir='ltr'>pr.</span> <span class='ocrx_word' id='word_1_201' title='bbox 178 2023 411 2064; x_wconf 63' lang='lat' dir='ltr'>Stalibaumim</span> <span class='ocrx_word' id='word_1_202' title='bbox 427 2023 462 2057; x_wconf 86' lang='lat' dir='ltr'>in</span> <span class='ocrx_word' id='word_1_203' title='bbox 481 2035 549 2057; x_wconf 88' lang='lat' dir='ltr'><strong>sec.</strong></span> <span class='ocrx_word' id='word_1_204' title='bbox 567 2024 764 2068; x_wconf 85' lang='lat' dir='ltr'>improban-</span> 
     </span>
     <span class='ocr_line' id='line_1_41' title="bbox 100 2069 762 2115; baseline 0.002 -13"><span class='ocrx_word' id='word_1_205' title='bbox 100 2072 146 2103; x_wconf 83' lang='lat' dir='ltr'><strong>te.</strong></span> <span class='ocrx_word' id='word_1_206' title='bbox 193 2069 360 2103; x_wconf 71' lang='lat' dir='ltr'>Praesens</span> <span class='ocrx_word' id='word_1_207' title='bbox 384 2076 518 2114; x_wconf 81' lang='lat' dir='ltr'>tempus</span> <span class='ocrx_word' id='word_1_208' title='bbox 543 2070 668 2115; x_wconf 85' lang='lat' dir='ltr'>partim</span> <span class='ocrx_word' id='word_1_209' title='bbox 682 2081 762 2115; x_wconf 83' lang='lat' dir='ltr'>per-</span> 
     </span>
     <span class='ocr_line' id='line_1_42' title="bbox 98 2114 763 2170; baseline 0.002 -22"><span class='ocrx_word' id='word_1_210' title='bbox 98 2114 291 2170; x_wconf 85' lang='lat' dir='ltr'>spicuitatis</span> <span class='ocrx_word' id='word_1_211' title='bbox 313 2127 448 2157; x_wconf 84' lang='lat' dir='ltr'><strong>caussa,</strong></span> <span class='ocrx_word' id='word_1_212' title='bbox 467 2127 533 2160; x_wconf 90' lang='lat' dir='ltr'>quo</span> <span class='ocrx_word' id='word_1_213' title='bbox 547 2116 682 2150; x_wconf 70' lang='lat' dir='ltr'>facilius</span> <span class='ocrx_word' id='word_1_214' title='bbox 701 2117 763 2149; x_wconf 89' lang='lat' dir='ltr'>boc</span> 
     </span>
     <span class='ocr_line' id='line_1_43' title="bbox 98 2159 761 2215; baseline 0.002 -21"><span class='ocrx_word' id='word_1_215' title='bbox 98 2172 120 2195; x_wconf 87' lang='lat' dir='ltr'>a</span> <span class='ocrx_word' id='word_1_216' title='bbox 143 2159 364 2215; x_wconf 84' lang='grc' dir='ltr'><strong><em>μετρήσαντι</em></strong></span> <span class='ocrx_word' id='word_1_217' title='bbox 391 2162 616 2206; x_wconf 83' lang='lat' dir='ltr'>separandum</span> <span class='ocrx_word' id='word_1_218' title='bbox 648 2167 684 2195; x_wconf 83' lang='lat' dir='ltr'>et</span> <span class='ocrx_word' id='word_1_219' title='bbox 715 2162 761 2196; x_wconf 87' lang='lat' dir='ltr'>ad</span> 
     </span>
     <span class='ocr_line' id='line_1_44' title="bbox 98 2204 759 2253; baseline 0.002 -12"><span class='ocrx_word' id='word_1_220' title='bbox 98 2204 220 2253; x_wconf 78' lang='grc' dir='ltr'><strong><em>τούτῳ</em></strong></span> <span class='ocrx_word' id='word_1_221' title='bbox 245 2207 468 2252; x_wconf 83' lang='lat' dir='ltr'>appositionis</span> <span class='ocrx_word' id='word_1_222' title='bbox 483 2208 580 2242; x_wconf 88' lang='lat' dir='ltr'>modo</span> <span class='ocrx_word' id='word_1_223' title='bbox 604 2210 759 2242; x_wconf 82' lang='lat' dir='ltr'>referen-</span> 
     </span>
     <span class='ocr_line' id='line_1_45' title="bbox 98 2252 758 2300; baseline 0.005 -15"><span class='ocrx_word' id='word_1_224' title='bbox 98 2252 175 2286; x_wconf 87' lang='lat' dir='ltr'>dum</span> <span class='ocrx_word' id='word_1_225' title='bbox 200 2264 276 2286; x_wconf 84' lang='lat' dir='ltr'>esse</span> <span class='ocrx_word' id='word_1_226' title='bbox 297 2253 518 2298; x_wconf 74' lang='lat' dir='ltr'>intelligatur,</span> <span class='ocrx_word' id='word_1_227' title='bbox 537 2255 660 2296; x_wconf 84' lang='lat' dir='ltr'>partim</span> <span class='ocrx_word' id='word_1_228' title='bbox 676 2267 758 2300; x_wconf 87' lang='lat' dir='ltr'>pro—</span> 
     </span>
     <span class='ocr_line' id='line_1_46' title="bbox 98 2299 757 2346; baseline 0.003 -14"><span class='ocrx_word' id='word_1_229' title='bbox 98 2302 219 2343; x_wconf 65' lang='lat' dir='ltr'>pterea</span> <span class='ocrx_word' id='word_1_230' title='bbox 250 2299 453 2343; x_wconf 86' lang='lat' dir='ltr'>requiritur,</span> <span class='ocrx_word' id='word_1_231' title='bbox 486 2300 576 2343; x_wconf 87' lang='lat' dir='ltr'>quod</span> <span class='ocrx_word' id='word_1_232' title='bbox 612 2300 666 2341; x_wconf 88' lang='lat' dir='ltr'>ei,</span> <span class='ocrx_word' id='word_1_233' title='bbox 697 2301 757 2346; x_wconf 88' lang='lat' dir='ltr'>qui</span> 
     </span>
     <span class='ocr_line' id='line_1_47' title="bbox 98 2345 757 2386; baseline 0.003 -8"><span class='ocrx_word' id='word_1_234' title='bbox 98 2356 234 2378; x_wconf 81' lang='lat' dir='ltr'>mensus</span> <span class='ocrx_word' id='word_1_235' title='bbox 256 2350 329 2386; x_wconf 88' lang='lat' dir='ltr'>est,</span> <span class='ocrx_word' id='word_1_236' title='bbox 361 2345 535 2379; x_wconf 83' lang='lat' dir='ltr'>contraria</span> <span class='ocrx_word' id='word_1_237' title='bbox 566 2345 608 2379; x_wconf 89' lang='lat' dir='ltr'>de</span> <span class='ocrx_word' id='word_1_238' title='bbox 637 2346 757 2380; x_wconf 86' lang='lat' dir='ltr'>iisdem</span> 
     </span>
     <span class='ocr_line' id='line_1_48' title="bbox 99 2391 761 2437; baseline 0.003 -13"><span class='ocrx_word' id='word_1_239' title='bbox 99 2402 166 2424; x_wconf 86' lang='lat' dir='ltr'>non</span> <span class='ocrx_word' id='word_1_240' title='bbox 200 2391 288 2433; x_wconf 84' lang='lat' dir='ltr'>alio,</span> <span class='ocrx_word' id='word_1_241' title='bbox 322 2391 388 2424; x_wconf 82' lang='lat' dir='ltr'>nisi</span> <span class='ocrx_word' id='word_1_242' title='bbox 420 2391 556 2432; x_wconf 83' lang='lat' dir='ltr'>eodem,</span> <span class='ocrx_word' id='word_1_243' title='bbox 582 2404 650 2437; x_wconf 88' lang='lat' dir='ltr'>quo</span> <span class='ocrx_word' id='word_1_244' title='bbox 673 2393 761 2427; x_wconf 86' lang='lat' dir='ltr'>ratio</span> 
     </span>
     <span class='ocr_line' id='line_1_49' title="bbox 97 2437 763 2483; baseline 0.003 -13"><span class='ocrx_word' id='word_1_245' title='bbox 97 2448 214 2470; x_wconf 87' lang='lat' dir='ltr'>veram</span> <span class='ocrx_word' id='word_1_246' title='bbox 237 2448 425 2471; x_wconf 88' lang='lat' dir='ltr'>mensuram</span> <span class='ocrx_word' id='word_1_247' title='bbox 448 2437 587 2480; x_wconf 82' lang='lat' dir='ltr'>indicat,</span> <span class='ocrx_word' id='word_1_248' title='bbox 610 2443 763 2483; x_wconf 85' lang='lat' dir='ltr'>tempore</span> 
     </span>
     <span class='ocr_line' id='line_1_50' title="bbox 99 2483 763 2527; baseline 0.005 -12"><span class='ocrx_word' id='word_1_249' title='bbox 99 2483 207 2516; x_wconf 86' lang='lat' dir='ltr'>videri</span> <span class='ocrx_word' id='word_1_250' title='bbox 229 2488 381 2527; x_wconf 85' lang='lat' dir='ltr'>possunt.</span> <span class='ocrx_word' id='word_1_251' title='bbox 428 2483 585 2518; x_wconf 84' lang='lat' dir='ltr'>Rationis</span> <span class='ocrx_word' id='word_1_252' title='bbox 607 2484 694 2518; x_wconf 90' lang='lat' dir='ltr'>enim</span> <span class='ocrx_word' id='word_1_253' title='bbox 714 2485 763 2518; x_wconf 77' lang='lat' dir='ltr'>si-</span> 
     </span>
     <span class='ocr_line' id='line_1_51' title="bbox 99 2527 763 2571; baseline 0.003 -9"><span class='ocrx_word' id='word_1_254' title='bbox 99 2527 275 2571; x_wconf 83' lang='lat' dir='ltr'>gnificatio</span> <span class='ocrx_word' id='word_1_255' title='bbox 284 2529 382 2562; x_wconf 77' lang='lat' dir='ltr'>simu}</span> <span class='ocrx_word' id='word_1_256' title='bbox 395 2541 471 2562; x_wconf 88' lang='lat' dir='ltr'>cum</span> <span class='ocrx_word' id='word_1_257' title='bbox 487 2540 644 2564; x_wconf 84' lang='lat' dir='ltr'>sensuum</span> <span class='ocrx_word' id='word_1_258' title='bbox 663 2531 763 2564; x_wconf 84' lang='lat' dir='ltr'>testi-</span> 
     </span>
     <span class='ocr_line' id='line_1_52' title="bbox 99 2575 764 2611; baseline 0.005 -3"><span class='ocrx_word' id='word_1_259' title='bbox 99 2575 209 2608; x_wconf 86' lang='lat' dir='ltr'>monio</span> <span class='ocrx_word' id='word_1_260' title='bbox 244 2575 413 2609; x_wconf 82' lang='lat' dir='ltr'>contrario</span> <span class='ocrx_word' id='word_1_261' title='bbox 453 2576 496 2610; x_wconf 90' lang='lat' dir='ltr'>ad</span> <span class='ocrx_word' id='word_1_262' title='bbox 530 2577 676 2610; x_wconf 84' lang='lat' dir='ltr'>animum</span> <span class='ocrx_word' id='word_1_263' title='bbox 710 2578 764 2611; x_wconf 84' lang='lat' dir='ltr'>af-</span> 
     </span>
     <span class='ocr_line' id='line_1_53' title="bbox 97 2621 219 2654; baseline 0 0"><span class='ocrx_word' id='word_1_264' title='bbox 97 2621 219 2654; x_wconf 78' lang='lat' dir='ltr'>fertur.</span> 
     </span>
    </p>

    <p class='ocr_par' dir='ltr' id='par_1_20' title="bbox 100 2662 764 2794">
     <span class='ocr_line' id='line_1_54' title="bbox 147 2662 764 2709; baseline 0 -8"><span class='ocrx_word' id='word_1_265' title='bbox 147 2663 256 2709; x_wconf 77' lang='grc' dir='ltr'><strong><em>ἄττα]</em></strong></span> <span class='ocrx_word' id='word_1_266' title='bbox 283 2662 377 2700; x_wconf 71' lang='grc' dir='ltr'><strong><em>ἅττα</em></strong></span> <span class='ocrx_word' id='word_1_267' title='bbox 394 2667 480 2702; x_wconf 85' lang='lat' dir='ltr'><strong>Lob.</strong></span> <span class='ocrx_word' id='word_1_268' title='bbox 498 2667 594 2702; x_wconf 76' lang='grc' dir='ltr'><strong><em>ἅττα</em></strong></span> <span class='ocrx_word' id='word_1_269' title='bbox 610 2668 764 2703; x_wconf 76' lang='lat' dir='ltr'><strong>Vind.F.</strong></span> 
     </span>
     <span class='ocr_line' id='line_1_55' title="bbox 100 2708 764 2794; baseline 0.006 -49"><span class='ocrx_word' id='word_1_270' title='bbox 100 2759 128 2794; x_wconf 78' lang='grc' dir='ltr'><strong>Β</strong></span> <span class='ocrx_word' id='word_1_271' title='bbox 146 2709 170 2758; x_wconf 87' lang='grc' dir='ltr'><em>ἢ</em></span> <span class='ocrx_word' id='word_1_272' title='bbox 196 2709 356 2757; x_wconf 77' lang='grc' dir='ltr'><strong><em>ἐλάττω]</em></strong></span> <span class='ocrx_word' id='word_1_273' title='bbox 381 2708 406 2757; x_wconf 76' lang='grc' dir='ltr'><em>ἢ</em></span> <span class='ocrx_word' id='word_1_274' title='bbox 431 2712 494 2747; x_wconf 82' lang='grc' dir='ltr'><strong><em>καὶ</em></strong></span> <span class='ocrx_word' id='word_1_275' title='bbox 519 2711 545 2748; x_wconf 83' lang='grc' dir='ltr'><strong>ε’.</strong></span> <span class='ocrx_word' id='word_1_276' title='bbox 571 2714 659 2749; x_wconf 92' lang='lat' dir='ltr'><strong>Lob.</strong></span> <span class='ocrx_word' id='word_1_277' title='bbox 683 2715 764 2750; x_wconf 83' lang='lat' dir='ltr'><strong>vat.</strong></span> 
     </span>
    </p>

    <p class='ocr_par' dir='ltr' id='par_1_21' title="bbox 98 2800 763 2886">
     <span class='ocr_line' id='line_1_56' title="bbox 147 2800 763 2849; baseline 0 -10"><span class='ocrx_word' id='word_1_278' title='bbox 147 2805 234 2849; x_wconf 83' lang='grc' dir='ltr'><strong><em>ἴσα]</em></strong></span> <span class='ocrx_word' id='word_1_279' title='bbox 278 2800 343 2839; x_wconf 81' lang='grc' dir='ltr'><strong><em>ἶσα</em></strong></span> <span class='ocrx_word' id='word_1_280' title='bbox 378 2804 466 2840; x_wconf 88' lang='lat' dir='ltr'><strong>Lob.</strong></span> <span class='ocrx_word' id='word_1_281' title='bbox 493 2804 587 2839; x_wconf 87' lang='lat' dir='ltr'><strong>Mon.</strong></span> <span class='ocrx_word' id='word_1_282' title='bbox 615 2805 657 2839; x_wconf 89' lang='lat' dir='ltr'>B.</span> <span class='ocrx_word' id='word_1_283' title='bbox 687 2805 763 2840; x_wconf 75' lang='lat' dir='ltr'><strong>Ald.</strong></span> 
     </span>
     <span class='ocr_line' id='line_1_57' title="bbox 98 2851 258 2886; baseline 0.006 -2"><span class='ocrx_word' id='word_1_284' title='bbox 98 2851 179 2886; x_wconf 76' lang='lat' dir='ltr'><strong>Bas.</strong></span> <span class='ocrx_word' id='word_1_285' title='bbox 202 2852 258 2886; x_wconf 88' lang='lat' dir='ltr'>ab.</span> 
     </span>
    </p>
   </div>
   <div class='ocr_carea' id='block_1_18' title="bbox 824 1052 1492 1365">
    <p class='ocr_par' dir='ltr' id='par_1_22' title="bbox 824 1052 1492 1365">
     <span class='ocr_line' id='line_1_58' title="bbox 872 1052 1490 1098; baseline -0.002 -10"><span class='ocrx_word' id='word_1_286' title='bbox 872 1052 1018 1098; x_wconf 60' lang='grc' dir='ltr'><strong><em>ταύτά]</em></strong></span> <span class='ocrx_word' id='word_1_287' title='bbox 1029 1054 1161 1088; x_wconf 80' lang='grc' dir='ltr'><strong><em>ταῦτα.</em></strong></span> <span class='ocrx_word' id='word_1_288' title='bbox 1173 1054 1257 1088; x_wconf 90' lang='lat' dir='ltr'><strong>Lob.</strong></span> <span class='ocrx_word' id='word_1_289' title='bbox 1270 1053 1371 1088; x_wconf 74' lang='lat' dir='ltr'><strong>Vind.</strong></span> <span class='ocrx_word' id='word_1_290' title='bbox 1382 1053 1490 1087; x_wconf 81' lang='lat' dir='ltr'><strong>BEF.</strong></span> 
     </span>
     <span class='ocr_line' id='line_1_59' title="bbox 827 1100 1492 1145; baseline 0 -12"><span class='ocrx_word' id='word_1_291' title='bbox 827 1101 904 1135; x_wconf 85' lang='lat' dir='ltr'><strong>Vat.</strong></span> <span class='ocrx_word' id='word_1_292' title='bbox 931 1102 980 1135; x_wconf 88' lang='lat' dir='ltr'>M.</span> <span class='ocrx_word' id='word_1_293' title='bbox 1006 1101 1098 1134; x_wconf 82' lang='lat' dir='ltr'><strong>Flor.</strong></span> <span class='ocrx_word' id='word_1_294' title='bbox 1124 1101 1168 1134; x_wconf 98' lang='lat' dir='ltr'>U.</span> <span class='ocrx_word' id='word_1_295' title='bbox 1194 1104 1239 1141; x_wconf 78' lang='lat' dir='ltr'>et,</span> <span class='ocrx_word' id='word_1_296' title='bbox 1263 1100 1359 1145; x_wconf 82' lang='lat' dir='ltr'>signo</span> <span class='ocrx_word' id='word_1_297' title='bbox 1383 1101 1492 1134; x_wconf 86' lang='lat' dir='ltr'>inter-</span> 
     </span>
     <span class='ocr_line' id='line_1_60' title="bbox 826 1147 1490 1191; baseline 0 -11"><span class='ocrx_word' id='word_1_298' title='bbox 826 1147 969 1191; x_wconf 84' lang='lat' dir='ltr'>rogandi</span> <span class='ocrx_word' id='word_1_299' title='bbox 994 1147 1121 1187; x_wconf 83' lang='lat' dir='ltr'>addito,</span> <span class='ocrx_word' id='word_1_300' title='bbox 1142 1147 1235 1181; x_wconf 81' lang='lat' dir='ltr'><strong>Mon.</strong></span> <span class='ocrx_word' id='word_1_301' title='bbox 1250 1147 1290 1180; x_wconf 92' lang='lat' dir='ltr'>B.</span> <span class='ocrx_word' id='word_1_302' title='bbox 1314 1147 1388 1180; x_wconf 74' lang='lat' dir='ltr'><strong>Ald.</strong></span> <span class='ocrx_word' id='word_1_303' title='bbox 1409 1147 1490 1180; x_wconf 82' lang='lat' dir='ltr'>Bas</span> 
     </span>
     <span class='ocr_line' id='line_1_61' title="bbox 825 1173 1490 1238; baseline 0 -12"><span class='ocrx_word' id='word_1_304' title='bbox 825 1195 880 1227; x_wconf 85' lang='lat' dir='ltr'>ab.</span> <span class='ocrx_word' id='word_1_305' title='bbox 928 1194 969 1227; x_wconf 93' lang='lat' dir='ltr'>In</span> <span class='ocrx_word' id='word_1_306' title='bbox 994 1193 1086 1227; x_wconf 81' lang='grc' dir='ltr'><strong><em>Μοιι.</em></strong></span> <span class='ocrx_word' id='word_1_307' title='bbox 1112 1173 1154 1226; x_wconf 91' lang='lat' dir='ltr'>C.</span> <span class='ocrx_word' id='word_1_308' title='bbox 1189 1192 1304 1226; x_wconf 82' lang='lat' dir='ltr'>littera</span> <span class='ocrx_word' id='word_1_309' title='bbox 1334 1193 1447 1238; x_wconf 84' lang='lat' dir='ltr'>prima</span> <span class='ocrx_word' id='word_1_310' title='bbox 1469 1205 1490 1226; x_wconf 90' lang='grc' dir='ltr'><strong><em>τ</em></strong></span> 
     </span>
     <span class='ocr_line' id='line_1_62' title="bbox 825 1239 1491 1283; baseline -0.002 -10"><span class='ocrx_word' id='word_1_311' title='bbox 825 1240 888 1274; x_wconf 86' lang='lat' dir='ltr'><strong>int.</strong></span> <span class='ocrx_word' id='word_1_312' title='bbox 912 1251 1002 1272; x_wconf 83' lang='lat' dir='ltr'>vers.</span> <span class='ocrx_word' id='word_1_313' title='bbox 1029 1239 1203 1283; x_wconf 77' lang='lat' dir='ltr'>adscripta</span> <span class='ocrx_word' id='word_1_314' title='bbox 1228 1245 1263 1272; x_wconf 90' lang='lat' dir='ltr'>et</span> <span class='ocrx_word' id='word_1_315' title='bbox 1289 1240 1491 1273; x_wconf 86' lang='lat' dir='ltr'>vocabulum</span> 
     </span>
     <span class='ocr_line' id='line_1_63' title="bbox 826 1284 1490 1329; baseline 0.002 -11"><span class='ocrx_word' id='word_1_316' title='bbox 826 1297 868 1318; x_wconf 82' lang='lat' dir='ltr'>ex</span> <span class='ocrx_word' id='word_1_317' title='bbox 888 1297 951 1328; x_wconf 68' lang='lat' dir='ltr'>ox)</span> <span class='ocrx_word' id='word_1_318' title='bbox 956 1289 1034 1318; x_wconf 87' lang='lat' dir='ltr'>tono</span> <span class='ocrx_word' id='word_1_319' title='bbox 1047 1284 1370 1329; x_wconf 83' lang='lat' dir='ltr'>properispomenon</span> <span class='ocrx_word' id='word_1_320' title='bbox 1381 1297 1401 1319; x_wconf 90' lang='lat' dir='ltr'>a</span> <span class='ocrx_word' id='word_1_321' title='bbox 1414 1296 1490 1320; x_wconf 90' lang='lat' dir='ltr'>cor-</span> 
     </span>
     <span class='ocr_line' id='line_1_64' title="bbox 824 1332 1199 1365; baseline -0.005 0"><span class='ocrx_word' id='word_1_322' title='bbox 824 1336 960 1365; x_wconf 72' lang='lat' dir='ltr'>rectore</span> <span class='ocrx_word' id='word_1_323' title='bbox 984 1332 1111 1365; x_wconf 74' lang='lat' dir='ltr'>factum</span> <span class='ocrx_word' id='word_1_324' title='bbox 1136 1336 1199 1365; x_wconf 82' lang='lat' dir='ltr'><strong>est.</strong></span> 
     </span>
    </p>
   </div>
   <div class='ocr_carea' id='block_1_19' title="bbox 823 1375 1492 1615">
    <p class='ocr_par' dir='ltr' id='par_1_23' title="bbox 873 1375 1419 1422">
     <span class='ocr_line' id='line_1_65' title="bbox 873 1375 1419 1422; baseline -0.002 -10"><span class='ocrx_word' id='word_1_325' title='bbox 873 1375 1027 1421; x_wconf 76' lang='grc' dir='ltr'><strong><em>ἔφαμεν]</em></strong></span> <span class='ocrx_word' id='word_1_326' title='bbox 1053 1377 1093 1410; x_wconf 82' lang='lat' dir='ltr'>I..</span> <span class='ocrx_word' id='word_1_327' title='bbox 1118 1377 1198 1410; x_wconf 84' lang='lat'><strong>1111.</strong></span> <span class='ocrx_word' id='word_1_328' title='bbox 1224 1389 1257 1422; x_wconf 90' lang='lat' dir='ltr'><strong>p.</strong></span> <span class='ocrx_word' id='word_1_329' title='bbox 1278 1376 1407 1412; x_wconf 81' lang='lat' dir='ltr'><strong>435.B</strong></span> <span class='ocrx_word' id='word_1_330' title='bbox 1410 1402 1419 1411; x_wconf 93' lang='lat'>.</span> 
     </span>
    </p>

    <p class='ocr_par' dir='ltr' id='par_1_24' title="bbox 823 1431 1492 1608">
     <span class='ocr_line' id='line_1_66' title="bbox 871 1431 1490 1478; baseline 0 -9"><span class='ocrx_word' id='word_1_331' title='bbox 871 1431 1009 1478; x_wconf 75' lang='grc' dir='ltr'><strong><em>ταῦτοέ]</em></strong></span> <span class='ocrx_word' id='word_1_332' title='bbox 1035 1433 1081 1468; x_wconf 79' lang='grc' dir='ltr'>τὰ</span> <span class='ocrx_word' id='word_1_333' title='bbox 1109 1432 1206 1468; x_wconf 75' lang='grc' dir='ltr'><strong><em>αὐτὰ</em></strong></span> <span class='ocrx_word' id='word_1_334' title='bbox 1229 1435 1320 1469; x_wconf 84' lang='grc' dir='ltr'><strong><em>Μοιι.</em></strong></span> <span class='ocrx_word' id='word_1_335' title='bbox 1335 1435 1373 1469; x_wconf 91' lang='grc' dir='ltr'><strong>Β.</strong></span> <span class='ocrx_word' id='word_1_336' title='bbox 1392 1435 1490 1470; x_wconf 89' lang='lat' dir='ltr'><strong>Flor.</strong></span> 
     </span>
     <span class='ocr_line' id='line_1_67' title="bbox 825 1481 1491 1525; baseline 0 -10"><span class='ocrx_word' id='word_1_337' title='bbox 825 1482 870 1515; x_wconf 93' lang='lat' dir='ltr'><strong>U.</strong></span> <span class='ocrx_word' id='word_1_338' title='bbox 926 1482 1004 1515; x_wconf 83' lang='lat' dir='ltr'>Huc</span> <span class='ocrx_word' id='word_1_339' title='bbox 1029 1482 1116 1515; x_wconf 88' lang='lat' dir='ltr'>enim</span> <span class='ocrx_word' id='word_1_340' title='bbox 1152 1481 1325 1525; x_wconf 86' lang='lat' dir='ltr'>pertinere</span> <span class='ocrx_word' id='word_1_341' title='bbox 1357 1481 1491 1516; x_wconf 80' lang='lat' dir='ltr'>videtur</span> 
     </span>
     <span class='ocr_line' id='line_1_68' title="bbox 827 1527 1492 1573; baseline 0.002 -13"><span class='ocrx_word' id='word_1_342' title='bbox 827 1528 916 1572; x_wconf 84' lang='lat' dir='ltr'>quod</span> <span class='ocrx_word' id='word_1_343' title='bbox 931 1527 1176 1561; x_wconf 78' lang='lat' dir='ltr'>Stallbaurnius</span> <span class='ocrx_word' id='word_1_344' title='bbox 1201 1527 1236 1560; x_wconf 86' lang='lat' dir='ltr'>in</span> <span class='ocrx_word' id='word_1_345' title='bbox 1262 1539 1311 1567; x_wconf 77' lang='lat' dir='ltr'><strong>pr.</strong></span> <span class='ocrx_word' id='word_1_346' title='bbox 1342 1528 1384 1561; x_wconf 87' lang='lat' dir='ltr'>ad</span> <span class='ocrx_word' id='word_1_347' title='bbox 1407 1539 1492 1573; x_wconf 88' lang='lat' dir='ltr'>pro-</span> 
     </span>
     <span class='ocr_line' id='line_1_69' title="bbox 823 1570 1491 1615; baseline 0.001 -8"><span class='ocrx_word' id='word_1_348' title='bbox 823 1574 947 1607; x_wconf 77' lang='lat' dir='ltr'>xiniurn</span> <span class='ocrx_word' id='word_1_349' title='bbox 973 1570 1155 1607; x_wconf 70' lang='grc' dir='ltr'><strong><em>τάναντία</em></strong></span> <span class='ocrx_word' id='word_1_350' title='bbox 1174 1573 1301 1615; x_wconf 78' lang='lat' dir='ltr'>retulit,</span> <span class='ocrx_word' id='word_1_351' title='bbox 1326 1574 1397 1607; x_wconf 88' lang='lat' dir='ltr'>eius</span> <span class='ocrx_word' id='word_1_352' title='bbox 1416 1574 1491 1608; x_wconf 78' lang='lat' dir='ltr'>loco</span> 
     </span>
    </p>
   </div>
   <div class='ocr_carea' id='block_1_20' title="bbox 821 1616 1489 1707">
    <p class='ocr_par' dir='ltr' id='par_1_25' title="bbox 821 1616 1489 1707">
     <span class='ocr_line' id='line_1_70' title="bbox 821 1616 1489 1662; baseline -0.001 -9"><span class='ocrx_word' id='word_1_353' title='bbox 821 1617 868 1653; x_wconf 78' lang='grc' dir='ltr'>τὰ</span> <span class='ocrx_word' id='word_1_354' title='bbox 895 1616 994 1653; x_wconf 75' lang='grc' dir='ltr'><strong><em>αυτοὶ</em></strong></span> <span class='ocrx_word' id='word_1_355' title='bbox 1015 1618 1166 1652; x_wconf 78' lang='grc' dir='ltr'><strong><em>ἐναντία</em></strong></span> <span class='ocrx_word' id='word_1_356' title='bbox 1189 1620 1224 1652; x_wconf 87' lang='lat' dir='ltr'>in</span> <span class='ocrx_word' id='word_1_357' title='bbox 1249 1619 1340 1654; x_wconf 78' lang='lat' dir='ltr'><strong>Flor.</strong></span> <span class='ocrx_word' id='word_1_358' title='bbox 1356 1621 1400 1654; x_wconf 91' lang='lat' dir='ltr'><strong>U.</strong></span> <span class='ocrx_word' id='word_1_359' title='bbox 1422 1620 1489 1662; x_wconf 68' lang='lat' dir='ltr'>legi</span> 
     </span>
     <span class='ocr_line' id='line_1_71' title="bbox 822 1665 1487 1707; baseline 0.003 -9"><span class='ocrx_word' id='word_1_360' title='bbox 822 1678 882 1707; x_wconf 76' lang='lat' dir='ltr'>per</span> <span class='ocrx_word' id='word_1_361' title='bbox 870 1666 1015 1700; x_wconf 79' lang='lat' dir='ltr'>rbibens.</span> <span class='ocrx_word' id='word_1_362' title='bbox 1038 1666 1160 1699; x_wconf 86' lang='grc' dir='ltr'><strong><em>ταῦτα</em></strong></span> <span class='ocrx_word' id='word_1_363' title='bbox 1174 1665 1258 1698; x_wconf 89' lang='lat' dir='ltr'><strong>Lob.</strong></span> <span class='ocrx_word' id='word_1_364' title='bbox 1271 1666 1370 1702; x_wconf 77' lang='lat' dir='ltr'><strong>Vind.</strong></span> <span class='ocrx_word' id='word_1_365' title='bbox 1381 1666 1487 1700; x_wconf 83' lang='lat' dir='ltr'><strong>BEF.</strong></span> 
     </span>
    </p>
   </div>
   <div class='ocr_carea' id='block_1_21' title="bbox 821 1711 1264 1746">
    <p class='ocr_par' dir='ltr' id='par_1_26' title="bbox 821 1711 1264 1746">
     <span class='ocr_line' id='line_1_72' title="bbox 821 1711 1264 1746; baseline -0.002 -1"><span class='ocrx_word' id='word_1_366' title='bbox 821 1711 915 1746; x_wconf 91' lang='lat' dir='ltr'><strong>Mon.</strong></span> <span class='ocrx_word' id='word_1_367' title='bbox 942 1712 982 1745; x_wconf 89' lang='lat' dir='ltr'>C.</span> <span class='ocrx_word' id='word_1_368' title='bbox 1007 1712 1080 1745; x_wconf 92' lang='lat' dir='ltr'><strong>Ald.</strong></span> <span class='ocrx_word' id='word_1_369' title='bbox 1107 1712 1186 1746; x_wconf 87' lang='lat' dir='ltr'><strong>Bas.</strong></span> <span class='ocrx_word' id='word_1_370' title='bbox 1210 1712 1264 1746; x_wconf 85' lang='lat' dir='ltr'>ab.</span> 
     </span>
    </p>
   </div>
   <div class='ocr_carea' id='block_1_22' title="bbox 820 1766 1575 2010">
    <p class='ocr_par' dir='ltr' id='par_1_27' title="bbox 820 1766 1575 2010">
     <span class='ocr_line' id='line_1_73' title="bbox 870 1766 1488 1825; baseline -0.002 -22"><span class='ocrx_word' id='word_1_371' title='bbox 870 1767 1043 1813; x_wconf 77' lang='grc' dir='ltr'><strong><em>ἐναντία]</em></strong></span> <span class='ocrx_word' id='word_1_372' title='bbox 1076 1766 1146 1803; x_wconf 69' lang='grc' dir='ltr'>τᾶν</span> <span class='ocrx_word' id='word_1_373' title='bbox 1149 1769 1258 1803; x_wconf 88' lang='grc' dir='ltr'><strong><em>αντία</em></strong></span> <span class='ocrx_word' id='word_1_374' title='bbox 1281 1769 1399 1825; x_wconf 85' lang='lat' dir='ltr'>idque</span> <span class='ocrx_word' id='word_1_375' title='bbox 1408 1771 1488 1803; x_wconf 81' lang='lat' dir='ltr'>ante</span> 
     </span>
     <span class='ocr_line' id='line_1_74' title="bbox 820 1812 1485 1858; baseline -0.003 -8"><span class='ocrx_word' id='word_1_376' title='bbox 820 1827 906 1858; x_wconf 73' lang='grc' dir='ltr'><strong><em>περι</em></strong></span> <span class='ocrx_word' id='word_1_377' title='bbox 930 1828 959 1849; x_wconf 93' lang='grc' dir='ltr'><strong><em>τ.</em></strong></span> <span class='ocrx_word' id='word_1_378' title='bbox 993 1815 1078 1849; x_wconf 84' lang='lat' dir='ltr'><strong>Lob.</strong></span> <span class='ocrx_word' id='word_1_379' title='bbox 1104 1816 1182 1850; x_wconf 84' lang='lat' dir='ltr'><strong>Vat.</strong></span> <span class='ocrx_word' id='word_1_380' title='bbox 1207 1816 1286 1849; x_wconf 88' lang='grc' dir='ltr'><strong>ΒΜ.</strong></span> <span class='ocrx_word' id='word_1_381' title='bbox 1312 1813 1360 1849; x_wconf 74' lang='grc' dir='ltr'>τὰ</span> <span class='ocrx_word' id='word_1_382' title='bbox 1383 1812 1485 1849; x_wconf 74' lang='grc' dir='ltr'><strong><em>ἐναν-</em></strong></span> 
     </span>
     <span class='ocr_line' id='line_1_75' title="bbox 821 1861 1421 1905; baseline -0.002 -10"><span class='ocrx_word' id='word_1_383' title='bbox 821 1862 885 1896; x_wconf 84' lang='grc' dir='ltr'><strong><em>τίοι</em></strong></span> <span class='ocrx_word' id='word_1_384' title='bbox 908 1863 988 1895; x_wconf 89' lang='lat' dir='ltr'>item</span> <span class='ocrx_word' id='word_1_385' title='bbox 1013 1867 1093 1895; x_wconf 84' lang='lat' dir='ltr'>ante</span> <span class='ocrx_word' id='word_1_386' title='bbox 1116 1861 1201 1905; x_wconf 75' lang='grc' dir='ltr'><em>περὶ</em></span> <span class='ocrx_word' id='word_1_387' title='bbox 1225 1874 1257 1897; x_wconf 89' lang='grc' dir='ltr'><strong><em>τ.</em></strong></span> <span class='ocrx_word' id='word_1_388' title='bbox 1282 1862 1363 1896; x_wconf 85' lang='lat' dir='ltr'><strong>Bas.</strong></span> <span class='ocrx_word' id='word_1_389' title='bbox 1386 1862 1421 1895; x_wconf 94' lang='lat' dir='ltr'>b.</span> 
     </span>
     <span class='ocr_line' id='line_1_76' title="bbox 867 1917 1347 1963; baseline -0.004 -9"><span class='ocrx_word' id='word_1_390' title='bbox 867 1918 1054 1963; x_wconf 73' lang='grc' dir='ltr'><strong><em>δοξάζειν]</em></strong></span> <span class='ocrx_word' id='word_1_391' title='bbox 1080 1917 1249 1961; x_wconf 78' lang='grc' dir='ltr'><strong><em>δοξάξειν</em></strong></span> <span class='ocrx_word' id='word_1_392' title='bbox 1273 1918 1347 1952; x_wconf 89' lang='lat' dir='ltr'><strong>Ald.</strong></span> 
     </span>
     <span class='ocr_line' id='line_1_77' title="bbox 866 1963 1575 2010; baseline -0.003 -10"><span class='ocrx_word' id='word_1_393' title='bbox 866 1964 994 2010; x_wconf 79' lang='grc' dir='ltr'><strong><em>παρὰ]</em></strong></span> <span class='ocrx_word' id='word_1_394' title='bbox 1025 1965 1109 2010; x_wconf 74' lang='grc' dir='ltr'><em>περὶ</em></span> <span class='ocrx_word' id='word_1_395' title='bbox 1134 1966 1211 2000; x_wconf 76' lang='lat' dir='ltr'><strong>Bas.</strong></span> <span class='ocrx_word' id='word_1_396' title='bbox 1237 1966 1292 2001; x_wconf 84' lang='lat' dir='ltr'>ab.</span> <span class='ocrx_word' id='word_1_397' title='bbox 1317 1976 1360 1999; x_wconf 85' lang='lat' dir='ltr'>ex</span> <span class='ocrx_word' id='word_1_398' title='bbox 1386 1963 1482 1998; x_wconf 82' lang='lat' dir='ltr'>Aldi-</span> <span class='ocrx_word' id='word_1_399' title='bbox 1505 1963 1575 1998; x_wconf 85' lang='lat'>603</span> 
     </span>
    </p>
   </div>
   <div class='ocr_carea' id='block_1_23' title="bbox 819 2013 1482 2103">
    <p class='ocr_par' dir='ltr' id='par_1_28' title="bbox 819 2013 1482 2103">
     <span class='ocr_line' id='line_1_78' title="bbox 819 2013 1115 2056; baseline 0.003 -10"><span class='ocrx_word' id='word_1_400' title='bbox 819 2023 883 2046; x_wconf 83' lang='lat' dir='ltr'>nae</span> <span class='ocrx_word' id='word_1_401' title='bbox 909 2013 1115 2056; x_wconf 85' lang='lat' dir='ltr'>compendio.</span> 
     </span>
     <span class='ocr_line' id='line_1_79' title="bbox 864 2056 1482 2103; baseline -0.005 -11"><span class='ocrx_word' id='word_1_402' title='bbox 864 2056 959 2092; x_wconf 77' lang='grc' dir='ltr'><strong><em>κατὰ</em></strong></span> <span class='ocrx_word' id='word_1_403' title='bbox 981 2057 1043 2103; x_wconf 86' lang='grc' dir='ltr'><strong><em>τὰ]</em></strong></span> <span class='ocrx_word' id='word_1_404' title='bbox 1068 2056 1114 2091; x_wconf 81' lang='grc' dir='ltr'>τὰ</span> <span class='ocrx_word' id='word_1_405' title='bbox 1142 2070 1206 2092; x_wconf 87' lang='lat' dir='ltr'>om.</span> <span class='ocrx_word' id='word_1_406' title='bbox 1232 2057 1326 2091; x_wconf 85' lang='lat' dir='ltr'><strong>Mon.</strong></span> <span class='ocrx_word' id='word_1_407' title='bbox 1346 2057 1385 2092; x_wconf 84' lang='lat' dir='ltr'>B.</span> <span class='ocrx_word' id='word_1_408' title='bbox 1402 2056 1482 2090; x_wconf 86' lang='lat' dir='ltr'><strong>Par.</strong></span> 
     </span>
    </p>
   </div>
   <div class='ocr_carea' id='block_1_24' title="bbox 814 2102 1482 2299">
    <p class='ocr_par' dir='ltr' id='par_1_29' title="bbox 818 2102 1482 2184">
     <span class='ocr_line' id='line_1_80' title="bbox 818 2102 1482 2183; baseline -0.005 -44"><span class='ocrx_word' id='word_1_409' title='bbox 818 2103 896 2183; x_wconf 59' lang='grc' dir='ltr'>ἓΚ.</span> <span class='ocrx_word' id='word_1_410' title='bbox 932 2116 1000 2138; x_wconf 89' lang='lat' dir='ltr'><strong>sec.</strong></span> <span class='ocrx_word' id='word_1_411' title='bbox 1047 2105 1158 2138; x_wconf 81' lang='lat' dir='ltr'><strong>Bekk.</strong></span> <span class='ocrx_word' id='word_1_412' title='bbox 1193 2103 1284 2137; x_wconf 86' lang='lat' dir='ltr'><strong>Flor.</strong></span> <span class='ocrx_word' id='word_1_413' title='bbox 1316 2103 1361 2137; x_wconf 89' lang='lat' dir='ltr'>U.</span> <span class='ocrx_word' id='word_1_414' title='bbox 1406 2102 1482 2136; x_wconf 81' lang='lat' dir='ltr'><strong>Ald.</strong></span> 
     </span>
     <span class='ocr_line' id='line_1_81' title="bbox 849 2162 952 2185; baseline 0 -1"><span class='ocrx_word' id='word_1_415' title='bbox 849 2162 898 2184; x_wconf 85' lang='lat' dir='ltr'>as.</span> <span class='ocrx_word' id='word_1_416' title='bbox 920 2163 952 2185; x_wconf 86' lang='lat' dir='ltr'>a.</span> 
     </span>
    </p>

    <p class='ocr_par' dir='ltr' id='par_1_30' title="bbox 814 2201 1482 2299">
     <span class='ocr_line' id='line_1_82' title="bbox 867 2201 1482 2252; baseline -0.007 -9"><span class='ocrx_word' id='word_1_417' title='bbox 867 2205 926 2243; x_wconf 86' lang='grc' dir='ltr'>Ου’</span> <span class='ocrx_word' id='word_1_418' title='bbox 943 2207 1014 2252; x_wconf 77' lang='grc' dir='ltr'>γὰρ</span> <span class='ocrx_word' id='word_1_419' title='bbox 1035 2201 1120 2252; x_wconf 86' lang='grc' dir='ltr'><strong><em>ουν]</em></strong></span> <span class='ocrx_word' id='word_1_420' title='bbox 1147 2202 1194 2241; x_wconf 78' lang='grc' dir='ltr'>οὔ</span> <span class='ocrx_word' id='word_1_421' title='bbox 1214 2219 1244 2251; x_wconf 82' lang='grc' dir='ltr'>γ.</span> <span class='ocrx_word' id='word_1_422' title='bbox 1267 2218 1298 2241; x_wconf 92' lang='grc' dir='ltr'>ο.</span> <span class='ocrx_word' id='word_1_423' title='bbox 1326 2206 1422 2241; x_wconf 88' lang='lat' dir='ltr'><strong>Vind.</strong></span> <span class='ocrx_word' id='word_1_424' title='bbox 1437 2205 1482 2239; x_wconf 85' lang='lat' dir='ltr'>F.</span> 
     </span>
     <span class='ocr_line' id='line_1_83' title="bbox 814 2252 1114 2299; baseline -0.003 -11"><span class='ocrx_word' id='word_1_425' title='bbox 814 2252 1004 2299; x_wconf 78' lang='grc' dir='ltr'><strong><em>ου’γαροῦν</em></strong></span> <span class='ocrx_word' id='word_1_426' title='bbox 1028 2255 1114 2288; x_wconf 90' lang='lat' dir='ltr'><strong>Lob.</strong></span> 
     </span>
    </p>
   </div>
   <div class='ocr_carea' id='block_1_25' title="bbox 816 2311 1481 2448">
    <p class='ocr_par' dir='ltr' id='par_1_31' title="bbox 816 2311 1481 2448">
     <span class='ocr_line' id='line_1_84' title="bbox 858 2311 1481 2358; baseline -0.003 -11"><span class='ocrx_word' id='word_1_427' title='bbox 858 2311 917 2358; x_wconf 89' lang='grc' dir='ltr'>τὸ]</span> <span class='ocrx_word' id='word_1_428' title='bbox 945 2313 998 2347; x_wconf 77' lang='grc' dir='ltr'>τῶ</span> <span class='ocrx_word' id='word_1_429' title='bbox 1024 2312 1123 2346; x_wconf 84' lang='lat' dir='ltr'><strong>Vind.</strong></span> <span class='ocrx_word' id='word_1_430' title='bbox 1147 2312 1190 2346; x_wconf 88' lang='lat' dir='ltr'>F.</span> <span class='ocrx_word' id='word_1_431' title='bbox 1217 2313 1311 2347; x_wconf 90' lang='lat' dir='ltr'><strong>Mon.</strong></span> <span class='ocrx_word' id='word_1_432' title='bbox 1330 2312 1373 2346; x_wconf 91' lang='lat' dir='ltr'>B.</span> <span class='ocrx_word' id='word_1_433' title='bbox 1392 2311 1481 2356; x_wconf 81' lang='lat' dir='ltr'><strong>Ang.</strong></span> 
     </span>
     <span class='ocr_line' id='line_1_85' title="bbox 816 2360 1416 2448; baseline -0.003 -9"><span class='ocrx_word' id='word_1_434' title='bbox 816 2360 1053 2448; x_wconf 47' lang='grc' dir='ltr'>Β’πιστεῦονζί</span> <span class='ocrx_word' id='word_1_435' title='bbox 1078 2401 1254 2438; x_wconf 79' lang='grc' dir='ltr'><strong><em>πιστεύον</em></strong></span> <span class='ocrx_word' id='word_1_436' title='bbox 1278 2403 1359 2438; x_wconf 86' lang='lat' dir='ltr'><strong>Bas.</strong></span> <span class='ocrx_word' id='word_1_437' title='bbox 1382 2403 1416 2437; x_wconf 92' lang='lat' dir='ltr'>b.</span> 
     </span>
    </p>
   </div>
   <div class='ocr_carea' id='block_1_26' title="bbox 818 2457 1485 2554">
    <p class='ocr_par' dir='ltr' id='par_1_32' title="bbox 818 2457 1485 2554">
     <span class='ocr_line' id='line_1_86' title="bbox 866 2457 1485 2506; baseline 0 -11"><span class='ocrx_word' id='word_1_438' title='bbox 866 2463 934 2506; x_wconf 87' lang='grc' dir='ltr'>τῆς</span> <span class='ocrx_word' id='word_1_439' title='bbox 951 2462 1129 2506; x_wconf 81' lang='grc' dir='ltr'><strong><em>ψυχῆς-</em></strong></span> <span class='ocrx_word' id='word_1_440' title='bbox 1144 2457 1192 2495; x_wconf 77' lang='grc' dir='ltr'>ἅν</span> <span class='ocrx_word' id='word_1_441' title='bbox 1208 2474 1245 2495; x_wconf 90' lang='grc' dir='ltr'>τι</span> <span class='ocrx_word' id='word_1_442' title='bbox 1266 2461 1337 2505; x_wconf 78' lang='grc' dir='ltr'>εἴη]</span> <span class='ocrx_word' id='word_1_443' title='bbox 1357 2461 1411 2495; x_wconf 89' lang='lat' dir='ltr'>bis</span> <span class='ocrx_word' id='word_1_444' title='bbox 1426 2461 1485 2496; x_wconf 80' lang='lat' dir='ltr'>de-</span> 
     </span>
     <span class='ocr_line' id='line_1_87' title="bbox 818 2508 1485 2554; baseline 0 -13"><span class='ocrx_word' id='word_1_445' title='bbox 818 2508 935 2554; x_wconf 85' lang='lat' dir='ltr'>inceps</span> <span class='ocrx_word' id='word_1_446' title='bbox 963 2510 1090 2552; x_wconf 84' lang='lat' dir='ltr'>scripta</span> <span class='ocrx_word' id='word_1_447' title='bbox 1115 2509 1218 2541; x_wconf 83' lang='lat' dir='ltr'>habet</span> <span class='ocrx_word' id='word_1_448' title='bbox 1242 2508 1342 2542; x_wconf 87' lang='lat' dir='ltr'><strong>Vind.</strong></span> <span class='ocrx_word' id='word_1_449' title='bbox 1364 2508 1408 2542; x_wconf 78' lang='lat' dir='ltr'>E.</span> <span class='ocrx_word' id='word_1_450' title='bbox 1443 2509 1485 2542; x_wconf 89' lang='lat' dir='ltr'>In</span> 
     </span>
    </p>
   </div>
   <div class='ocr_carea' id='block_1_27' title="bbox 819 2554 1486 2645">
    <p class='ocr_par' dir='ltr' id='par_1_33' title="bbox 819 2554 1486 2645">
     <span class='ocr_line' id='line_1_88' title="bbox 819 2554 1486 2599; baseline 0.001 -12"><span class='ocrx_word' id='word_1_451' title='bbox 819 2555 910 2588; x_wconf 80' lang='lat' dir='ltr'><strong>Flor.</strong></span> <span class='ocrx_word' id='word_1_452' title='bbox 933 2555 977 2588; x_wconf 90' lang='lat' dir='ltr'>T.</span> <span class='ocrx_word' id='word_1_453' title='bbox 1012 2555 1122 2588; x_wconf 85' lang='lat' dir='ltr'>verba</span> <span class='ocrx_word' id='word_1_454' title='bbox 1154 2554 1223 2597; x_wconf 87' lang='grc' dir='ltr'>τῆς</span> <span class='ocrx_word' id='word_1_455' title='bbox 1245 2554 1370 2599; x_wconf 81' lang='grc' dir='ltr'><strong><em>ψυχῆς</em></strong></span> <span class='ocrx_word' id='word_1_456' title='bbox 1405 2558 1486 2589; x_wconf 76' lang='lat' dir='ltr'>ante</span> 
     </span>
     <span class='ocr_line' id='line_1_89' title="bbox 819 2600 1205 2645; baseline -0.003 -11"><span class='ocrx_word' id='word_1_457' title='bbox 819 2613 868 2634; x_wconf 87' lang='grc' dir='ltr'>αν</span> <span class='ocrx_word' id='word_1_458' title='bbox 894 2600 950 2644; x_wconf 82' lang='grc' dir='ltr'>εἴη</span> <span class='ocrx_word' id='word_1_459' title='bbox 977 2600 1091 2645; x_wconf 86' lang='lat' dir='ltr'>posita</span> <span class='ocrx_word' id='word_1_460' title='bbox 1116 2604 1205 2634; x_wconf 86' lang='lat' dir='ltr'><strong>sunt.</strong></span> 
     </span>
    </p>
   </div>
   <div class='ocr_carea' id='block_1_28' title="bbox 818 2655 1485 2748">
    <p class='ocr_par' dir='ltr' id='par_1_34' title="bbox 818 2655 1485 2748">
     <span class='ocr_line' id='line_1_90' title="bbox 870 2655 1485 2702; baseline 0.003 -12"><span class='ocrx_word' id='word_1_461' title='bbox 870 2657 916 2691; x_wconf 88' lang='grc' dir='ltr'><strong><em>Τί</em></strong></span> <span class='ocrx_word' id='word_1_462' title='bbox 936 2655 1033 2702; x_wconf 67' lang='grc' dir='ltr'><strong><em>μήτις</em></strong></span> <span class='ocrx_word' id='word_1_463' title='bbox 1045 2657 1058 2700; x_wconf 98' lang='grc'>]</span> <span class='ocrx_word' id='word_1_464' title='bbox 1097 2668 1160 2691; x_wconf 86' lang='lat' dir='ltr'>om.</span> <span class='ocrx_word' id='word_1_465' title='bbox 1193 2656 1294 2693; x_wconf 79' lang='lat' dir='ltr'><strong>Vind.</strong></span> <span class='ocrx_word' id='word_1_466' title='bbox 1318 2657 1364 2692; x_wconf 88' lang='grc' dir='ltr'>Ε.</span> <span class='ocrx_word' id='word_1_467' title='bbox 1388 2662 1485 2692; x_wconf 87' lang='lat' dir='ltr'>utro-</span> 
     </span>
     <span class='ocr_line' id='line_1_91' title="bbox 818 2703 933 2748; baseline -0.01 -12"><span class='ocrx_word' id='word_1_468' title='bbox 818 2703 933 2748; x_wconf 85' lang='lat' dir='ltr'>bique.</span> 
     </span>
    </p>
   </div>
   <div class='ocr_carea' id='block_1_29' title="bbox 869 2757 1483 2805">
    <p class='ocr_par' dir='ltr' id='par_1_35' title="bbox 869 2757 1483 2805">
     <span class='ocr_line' id='line_1_92' title="bbox 869 2757 1483 2805; baseline 0.002 -11"><span class='ocrx_word' id='word_1_469' title='bbox 869 2760 1007 2804; x_wconf 81' lang='grc' dir='ltr'><strong><em>Τοῦτο]</em></strong></span> <span class='ocrx_word' id='word_1_470' title='bbox 1032 2757 1155 2794; x_wconf 74' lang='grc' dir='ltr'><strong><em>τούτω</em></strong></span> <span class='ocrx_word' id='word_1_471' title='bbox 1179 2759 1483 2815; x_wconf 74' lang='lat' dir='ltr'><strong>Ang.B.F10r.R.</strong></span> 
     </span>
    </p>
   </div>
   <div class='ocr_carea' id='block_1_30' title="bbox 819 2802 1484 2897">
    <p class='ocr_par' dir='ltr' id='par_1_36' title="bbox 819 2802 1484 2897">
     <span class='ocr_line' id='line_1_93' title="bbox 864 2802 1484 2851; baseline 0.002 -1"><span class='ocrx_word' id='word_1_472' title='bbox 864 2805 1026 2850; x_wconf 73' lang='grc' dir='ltr'><strong><em>γραφικὴ</em></strong></span> <span class='ocrx_word' id='word_1_473' title='bbox 1043 2825 1091 2832; x_wconf 83' lang='grc'>-</span> <span class='ocrx_word' id='word_1_474' title='bbox 1106 2805 1296 2851; x_wconf 74' lang='grc' dir='ltr'><strong><em>μιμητικὴ]</em></strong></span> <span class='ocrx_word' id='word_1_475' title='bbox 1319 2802 1484 2851; x_wconf 60' lang='grc' dir='ltr'><strong><em>γραφικοὶ</em></strong></span> 
     </span>
     <span class='ocr_line' id='line_1_94' title="bbox 819 2850 1326 2897; baseline 0.006 -12"><span class='ocrx_word' id='word_1_476' title='bbox 819 2872 866 2877; x_wconf 91' lang='grc'>--</span> <span class='ocrx_word' id='word_1_477' title='bbox 888 2850 1064 2897; x_wconf 66' lang='grc' dir='ltr'><strong><em>μιμητικὰ</em></strong></span> <span class='ocrx_word' id='word_1_478' title='bbox 1087 2853 1165 2888; x_wconf 83' lang='lat' dir='ltr'><strong>Ald.</strong></span> <span class='ocrx_word' id='word_1_479' title='bbox 1187 2853 1270 2889; x_wconf 87' lang='lat' dir='ltr'><strong>Bas.</strong></span> <span class='ocrx_word' id='word_1_480' title='bbox 1293 2864 1326 2888; x_wconf 79' lang='lat' dir='ltr'>a·</span> 
     </span>
    </p>
   </div>
  </div>
 </body>
</html>
