<?xml version="1.0" encoding="UTF-8"?>
<!DOCTYPE html PUBLIC "-//W3C//DTD XHTML 1.0 Transitional//EN"
    "http://www.w3.org/TR/xhtml1/DTD/xhtml1-transitional.dtd">
<html xmlns="http://www.w3.org/1999/xhtml" xml:lang="en" lang="en">
 <head>
  <title>
</title>
<meta http-equiv="Content-Type" content="text/html;charset=utf-8" />
  <meta name='ocr-system' content='tesseract 3.04.00' />
  <meta name='ocr-capabilities' content='ocr_page ocr_carea ocr_par ocr_line ocrx_word'/>
</head>
<body>
  <div class='ocr_page' id='page_1' title='image "./operagraecerecen01platuoft_0598.png"; bbox 0 0 1764 3176; ppageno 0'>
   <div class='ocr_carea' id='block_1_1' title="bbox 258 92 312 133">
    <p class='ocr_par' dir='ltr' id='par_1_1' title="bbox 258 92 312 133">
     <span class='ocr_line' id='line_1_1' title="bbox 258 92 312 133; baseline -0.019 0"><span class='ocrx_word' id='word_1_1' title='bbox 258 92 312 133; x_wconf 79' lang='lat'>64</span> 
     </span>
    </p>
   </div>
   <div class='ocr_carea' id='block_1_2' title="bbox 261 260 353 310">
    <p class='ocr_par' dir='ltr' id='par_1_2' title="bbox 261 260 353 310">
     <span class='ocr_line' id='line_1_2' title="bbox 261 260 353 310; baseline -0.022 -12"><span class='ocrx_word' id='word_1_2' title='bbox 261 260 353 310; x_wconf 81' lang='lat' dir='ltr'><strong>Pag.</strong></span> 
     </span>
    </p>
   </div>
   <div class='ocr_carea' id='block_1_3' title="bbox 261 430 354 480">
    <p class='ocr_par' dir='ltr' id='par_1_3' title="bbox 261 430 354 480">
     <span class='ocr_line' id='line_1_3' title="bbox 261 430 354 480; baseline 0.022 -13"><span class='ocrx_word' id='word_1_3' title='bbox 261 430 354 480; x_wconf 81' lang='lat' dir='ltr'><strong>Pag.</strong></span> 
     </span>
    </p>
   </div>
   <div class='ocr_carea' id='block_1_4' title="bbox 261 652 354 689">
    <p class='ocr_par' dir='ltr' id='par_1_4' title="bbox 261 652 354 689">
     <span class='ocr_line' id='line_1_4' title="bbox 261 652 354 689; baseline -0.011 0"><span class='ocrx_word' id='word_1_4' title='bbox 261 652 354 689; x_wconf 70' lang='lat' dir='ltr'><strong>Pacr.</strong></span> 
     </span>
    </p>
   </div>
   <div class='ocr_carea' id='block_1_5' title="bbox 318 685 339 701">
    <p class='ocr_par' dir='ltr' id='par_1_5' title="bbox 318 685 339 701">
     <span class='ocr_line' id='line_1_5' title="bbox 318 685 339 701; baseline 0 0"><span class='ocrx_word' id='word_1_5' title='bbox 318 685 339 701; x_wconf 78' lang='lat'><em>0</em></span> 
     </span>
    </p>
   </div>
   <div class='ocr_carea' id='block_1_6' title="bbox 263 764 357 813">
    <p class='ocr_par' dir='ltr' id='par_1_6' title="bbox 263 764 357 813">
     <span class='ocr_line' id='line_1_6' title="bbox 263 764 357 813; baseline 0.032 -13"><span class='ocrx_word' id='word_1_6' title='bbox 263 764 357 813; x_wconf 81' lang='lat' dir='ltr'><strong>Pag.</strong></span> 
     </span>
    </p>
   </div>
   <div class='ocr_carea' id='block_1_7' title="bbox 883 93 1129 135">
    <p class='ocr_par' dir='ltr' id='par_1_7' title="bbox 883 93 1129 135">
     <span class='ocr_line' id='line_1_7' title="bbox 883 93 1129 135; baseline 0.012 -5"><span class='ocrx_word' id='word_1_7' title='bbox 883 93 1028 135; x_wconf 69' lang='lat' dir='ltr'><strong>Votum.</strong></span> <span class='ocrx_word' id='word_1_8' title='bbox 1060 94 1129 133; x_wconf 86' lang='lat' dir='ltr'>HI.</span> 
     </span>
    </p>
   </div>
   <div class='ocr_carea' id='block_1_8' title="bbox 386 204 1226 316">
    <p class='ocr_par' dir='ltr' id='par_1_8' title="bbox 386 204 1226 311">
     <span class='ocr_line' id='line_1_8' title="bbox 479 204 1164 255; baseline 0.003 -16"><span class='ocrx_word' id='word_1_9' title='bbox 479 204 518 253; x_wconf 72' lang='lat' dir='ltr'>b,</span> <span class='ocrx_word' id='word_1_10' title='bbox 534 206 560 244; x_wconf 83' lang='lat'><strong>3</strong></span> <span class='ocrx_word' id='word_1_11' title='bbox 589 205 728 241; x_wconf 83' lang='lat' dir='ltr'>addas:</span> <span class='ocrx_word' id='word_1_12' title='bbox 759 204 849 255; x_wconf 76' lang='grc' dir='ltr'>(εἰλ.</span> <span class='ocrx_word' id='word_1_13' title='bbox 876 204 960 245; x_wconf 85' lang='lat' dir='ltr'><strong>Par.</strong></span> <span class='ocrx_word' id='word_1_14' title='bbox 990 205 1036 242; x_wconf 88' lang='lat' dir='ltr'>A.</span> <span class='ocrx_word' id='word_1_15' title='bbox 1066 205 1164 254; x_wconf 68' lang='lat' dir='ltr'><strong>Dii.)</strong></span> 
     </span>
     <span class='ocr_line' id='line_1_9' title="bbox 386 260 1226 316; baseline 0 -20"><span class='ocrx_word' id='word_1_16' title='bbox 386 260 454 309; x_wconf 81' lang='grc'>28,</span> <span class='ocrx_word' id='word_1_17' title='bbox 476 272 511 308; x_wconf 84' lang='lat' dir='ltr'>a,</span> <span class='ocrx_word' id='word_1_18' title='bbox 536 263 560 299; x_wconf 92' lang='lat'>7</span> <span class='ocrx_word' id='word_1_19' title='bbox 590 260 729 297; x_wconf 86' lang='lat' dir='ltr'>addas.</span> <span class='ocrx_word' id='word_1_20' title='bbox 761 260 914 315; x_wconf 78' lang='grc' dir='ltr'><strong>(λάθρα</strong></span> <span class='ocrx_word' id='word_1_21' title='bbox 944 260 1030 297; x_wconf 85' lang='lat' dir='ltr'><strong>Par.</strong></span> <span class='ocrx_word' id='word_1_22' title='bbox 1061 261 1104 297; x_wconf 92' lang='lat' dir='ltr'>A.</span> <span class='ocrx_word' id='word_1_23' title='bbox 1130 260 1226 316; x_wconf 80' lang='lat' dir='ltr'><strong>Du.)</strong></span> 
     </span>
    </p>
   </div>
   <div class='ocr_carea' id='block_1_9' title="bbox 538 311 1761 420">
    <p class='ocr_par' dir='ltr' id='par_1_9' title="bbox 538 311 1761 420">
     <span class='ocr_line' id='line_1_10' title="bbox 539 311 1760 368; baseline 0.004 -16"><span class='ocrx_word' id='word_1_24' title='bbox 539 317 638 352; x_wconf 84' lang='lat' dir='ltr'>inter</span> <span class='ocrx_word' id='word_1_25' title='bbox 666 328 699 352; x_wconf 87' lang='lat' dir='ltr'>v.</span> <span class='ocrx_word' id='word_1_26' title='bbox 732 317 756 355; x_wconf 90' lang='lat'>8</span> <span class='ocrx_word' id='word_1_27' title='bbox 786 321 824 352; x_wconf 86' lang='lat' dir='ltr'>et</span> <span class='ocrx_word' id='word_1_28' title='bbox 855 320 880 355; x_wconf 87' lang='lat'><strong>9</strong></span> <span class='ocrx_word' id='word_1_29' title='bbox 907 319 1071 353; x_wconf 86' lang='lat' dir='ltr'>inseras:</span> <span class='ocrx_word' id='word_1_30' title='bbox 1102 317 1232 366; x_wconf 81' lang='grc' dir='ltr'><em>εὐνοι)</em></span> <span class='ocrx_word' id='word_1_31' title='bbox 1269 311 1387 357; x_wconf 74' lang='grc' dir='ltr'><em>εύνυ.</em></span> <span class='ocrx_word' id='word_1_32' title='bbox 1402 346 1411 355; x_wconf 88' lang='grc'><strong>.</strong></span> <span class='ocrx_word' id='word_1_33' title='bbox 1440 329 1462 354; x_wconf 86' lang='lat' dir='ltr'>a</span> <span class='ocrx_word' id='word_1_34' title='bbox 1488 314 1760 368; x_wconf 67' lang='lat' dir='ltr'><strong>m.p1·.21&#39;1&#39;v0t</strong></span> 
     </span>
     <span class='ocr_line' id='line_1_11' title="bbox 538 371 1761 420; baseline 0.006 -13"><span class='ocrx_word' id='word_1_35' title='bbox 538 385 559 407; x_wconf 86' lang='lat' dir='ltr'>a</span> <span class='ocrx_word' id='word_1_36' title='bbox 589 383 637 407; x_wconf 92' lang='lat' dir='ltr'>m.</span> <span class='ocrx_word' id='word_1_37' title='bbox 661 384 735 408; x_wconf 90' lang='lat' dir='ltr'><strong>sec.</strong></span> <span class='ocrx_word' id='word_1_38' title='bbox 766 371 852 410; x_wconf 83' lang='lat' dir='ltr'><strong>Par.</strong></span> <span class='ocrx_word' id='word_1_39' title='bbox 885 372 929 408; x_wconf 88' lang='lat' dir='ltr'>A.</span> <span class='ocrx_word' id='word_1_40' title='bbox 961 372 1032 409; x_wconf 73' lang='lat' dir='ltr'><strong>Dii.</strong></span> <span class='ocrx_word' id='word_1_41' title='bbox 1621 378 1707 420; x_wconf 84' lang='grc' dir='ltr'><strong><em>τοὺς</em></strong></span> <span class='ocrx_word' id='word_1_42' title='bbox 1732 385 1761 414; x_wconf 59' lang='grc' dir='ltr'><em>ἢ</em></span> 
     </span>
    </p>
   </div>
   <div class='ocr_carea' id='block_1_10' title="bbox 383 425 1760 478">
    <p class='ocr_par' dir='ltr' id='par_1_10' title="bbox 383 425 1760 478">
     <span class='ocr_line' id='line_1_12' title="bbox 383 425 1760 478; baseline 0.005 -17"><span class='ocrx_word' id='word_1_43' title='bbox 383 431 450 476; x_wconf 78' lang='lat'>29,</span> <span class='ocrx_word' id='word_1_44' title='bbox 478 441 514 477; x_wconf 78' lang='lat' dir='ltr'>a,</span> <span class='ocrx_word' id='word_1_45' title='bbox 539 428 639 463; x_wconf 87' lang='lat' dir='ltr'>inter</span> <span class='ocrx_word' id='word_1_46' title='bbox 667 439 702 467; x_wconf 80' lang='lat' dir='ltr'>v,</span> <span class='ocrx_word' id='word_1_47' title='bbox 736 427 788 465; x_wconf 89' lang='grc'>10</span> <span class='ocrx_word' id='word_1_48' title='bbox 818 431 855 464; x_wconf 86' lang='lat' dir='ltr'>et</span> <span class='ocrx_word' id='word_1_49' title='bbox 887 429 938 466; x_wconf 86' lang='lat'>11</span> <span class='ocrx_word' id='word_1_50' title='bbox 970 428 1136 464; x_wconf 84' lang='lat' dir='ltr'>inseras:</span> <span class='ocrx_word' id='word_1_51' title='bbox 1170 442 1221 465; x_wconf 85' lang='grc' dir='ltr'>αυ</span> <span class='ocrx_word' id='word_1_52' title='bbox 1252 442 1346 474; x_wconf 82' lang='grc' dir='ltr'><strong><em>τους</em></strong></span> <span class='ocrx_word' id='word_1_53' title='bbox 1374 426 1463 478; x_wconf 85' lang='grc' dir='ltr'>τοῦ)</span> <span class='ocrx_word' id='word_1_54' title='bbox 1502 425 1760 477; x_wconf 71' lang='grc' dir='ltr'><em>αυτούς-τοῦ</em></span> 
     </span>
    </p>
   </div>
   <div class='ocr_carea' id='block_1_11' title="bbox 539 481 808 522">
    <p class='ocr_par' dir='ltr' id='par_1_11' title="bbox 539 481 808 522">
     <span class='ocr_line' id='line_1_13' title="bbox 539 481 808 522; baseline -0.004 -3"><span class='ocrx_word' id='word_1_55' title='bbox 539 482 626 521; x_wconf 88' lang='lat' dir='ltr'><strong>Par.</strong></span> <span class='ocrx_word' id='word_1_56' title='bbox 660 482 703 518; x_wconf 90' lang='lat' dir='ltr'>A.</span> <span class='ocrx_word' id='word_1_57' title='bbox 734 481 808 522; x_wconf 77' lang='lat' dir='ltr'>Dii,</span> 
     </span>
    </p>
   </div>
   <div class='ocr_carea' id='block_1_12' title="bbox 480 536 1759 589">
    <p class='ocr_par' dir='ltr' id='par_1_12' title="bbox 480 536 1759 589">
     <span class='ocr_line' id='line_1_14' title="bbox 480 536 1759 589; baseline 0.001 -13"><span class='ocrx_word' id='word_1_58' title='bbox 480 539 560 587; x_wconf 85' lang='lat' dir='ltr'>b,7</span> <span class='ocrx_word' id='word_1_59' title='bbox 591 551 612 574; x_wconf 86' lang='lat' dir='ltr'>a</span> <span class='ocrx_word' id='word_1_60' title='bbox 641 538 667 574; x_wconf 89' lang='lat' dir='ltr'>f.</span> <span class='ocrx_word' id='word_1_61' title='bbox 699 544 787 588; x_wconf 87' lang='lat' dir='ltr'>post</span> <span class='ocrx_word' id='word_1_62' title='bbox 817 536 1112 589; x_wconf 78' lang='grc' dir='ltr'><em>διεληλυθέναι)</em></span> <span class='ocrx_word' id='word_1_63' title='bbox 1141 539 1309 576; x_wconf 85' lang='lat' dir='ltr'>inseras:</span> <span class='ocrx_word' id='word_1_64' title='bbox 1341 540 1379 578; x_wconf 84' lang='grc' dir='ltr'>δι</span> <span class='ocrx_word' id='word_1_65' title='bbox 1406 561 1446 567; x_wconf 84' lang='grc'>-</span> <span class='ocrx_word' id='word_1_66' title='bbox 1482 541 1518 577; x_wconf 90' lang='lat' dir='ltr'>in</span> <span class='ocrx_word' id='word_1_67' title='bbox 1546 541 1654 578; x_wconf 85' lang='lat' dir='ltr'>litura</span> <span class='ocrx_word' id='word_1_68' title='bbox 1672 541 1759 578; x_wconf 81' lang='lat' dir='ltr'><strong>Par.</strong></span> 
     </span>
    </p>
   </div>
   <div class='ocr_carea' id='block_1_13' title="bbox 543 593 683 633">
    <p class='ocr_par' dir='ltr' id='par_1_13' title="bbox 543 593 683 633">
     <span class='ocr_line' id='line_1_15' title="bbox 543 593 683 633; baseline 0.014 -3"><span class='ocrx_word' id='word_1_69' title='bbox 543 593 587 630; x_wconf 91' lang='lat' dir='ltr'><strong>A.</strong></span> <span class='ocrx_word' id='word_1_70' title='bbox 613 593 683 633; x_wconf 74' lang='lat' dir='ltr'><strong>Dii.</strong></span> 
     </span>
    </p>
   </div>
   <div class='ocr_carea' id='block_1_14' title="bbox 381 648 1598 811">
    <p class='ocr_par' dir='ltr' id='par_1_14' title="bbox 381 648 1598 811">
     <span class='ocr_line' id='line_1_16' title="bbox 381 648 1598 698; baseline 0.006 -14"><span class='ocrx_word' id='word_1_71' title='bbox 381 653 450 698; x_wconf 82' lang='lat'>30,</span> <span class='ocrx_word' id='word_1_72' title='bbox 481 663 515 698; x_wconf 77' lang='lat' dir='ltr'>a,</span> <span class='ocrx_word' id='word_1_73' title='bbox 537 650 562 689; x_wconf 86' lang='lat'><strong>3</strong></span> <span class='ocrx_word' id='word_1_74' title='bbox 590 663 611 686; x_wconf 90' lang='lat' dir='ltr'>a</span> <span class='ocrx_word' id='word_1_75' title='bbox 637 649 661 688; x_wconf 86' lang='lat' dir='ltr'>f.</span> <span class='ocrx_word' id='word_1_76' title='bbox 694 648 833 686; x_wconf 78' lang='lat' dir='ltr'>addas:</span> <span class='ocrx_word' id='word_1_77' title='bbox 864 649 930 685; x_wconf 87' lang='lat' dir='ltr'>sed</span> <span class='ocrx_word' id='word_1_78' title='bbox 958 649 1004 687; x_wconf 84' lang='lat' dir='ltr'>ab</span> <span class='ocrx_word' id='word_1_79' title='bbox 1034 649 1166 686; x_wconf 86' lang='lat' dir='ltr'>eadem</span> <span class='ocrx_word' id='word_1_80' title='bbox 1194 651 1361 688; x_wconf 86' lang='lat' dir='ltr'>additum</span> <span class='ocrx_word' id='word_1_81' title='bbox 1388 652 1500 690; x_wconf 81' lang='lat' dir='ltr'>habet</span> <span class='ocrx_word' id='word_1_82' title='bbox 1528 653 1598 692; x_wconf 71' lang='lat' dir='ltr'><strong>Dii.</strong></span> 
     </span>
     <span class='ocr_line' id='line_1_17' title="bbox 476 699 1300 755; baseline 0 -13"><span class='ocrx_word' id='word_1_83' title='bbox 476 706 514 751; x_wconf 83' lang='lat' dir='ltr'>b,</span> <span class='ocrx_word' id='word_1_84' title='bbox 542 707 602 745; x_wconf 76' lang='grc'>18,</span> <span class='ocrx_word' id='word_1_85' title='bbox 626 709 714 755; x_wconf 89' lang='lat' dir='ltr'>post</span> <span class='ocrx_word' id='word_1_86' title='bbox 747 699 812 744; x_wconf 76' lang='grc' dir='ltr'>αὖ,</span> <span class='ocrx_word' id='word_1_87' title='bbox 838 704 1002 742; x_wconf 84' lang='lat' dir='ltr'>inseras:</span> <span class='ocrx_word' id='word_1_88' title='bbox 1036 705 1120 745; x_wconf 84' lang='lat' dir='ltr'><strong>Par.</strong></span> <span class='ocrx_word' id='word_1_89' title='bbox 1153 706 1196 743; x_wconf 92' lang='lat' dir='ltr'>A.</span> <span class='ocrx_word' id='word_1_90' title='bbox 1228 706 1300 744; x_wconf 85' lang='lat' dir='ltr'><strong>Dii.</strong></span> 
     </span>
     <span class='ocr_line' id='line_1_18' title="bbox 387 757 1503 811; baseline 0.001 -12"><span class='ocrx_word' id='word_1_91' title='bbox 387 763 456 811; x_wconf 81' lang='lat'>31,</span> <span class='ocrx_word' id='word_1_92' title='bbox 486 775 520 809; x_wconf 82' lang='lat' dir='ltr'>a,</span> <span class='ocrx_word' id='word_1_93' title='bbox 546 763 565 801; x_wconf 82' lang='lat' dir='ltr'>l</span> <span class='ocrx_word' id='word_1_94' title='bbox 597 765 684 810; x_wconf 84' lang='lat' dir='ltr'>post</span> <span class='ocrx_word' id='word_1_95' title='bbox 714 757 862 811; x_wconf 74' lang='grc' dir='ltr'><em>αὐτῶν)</em></span> <span class='ocrx_word' id='word_1_96' title='bbox 892 762 1056 797; x_wconf 84' lang='lat' dir='ltr'>inseras:</span> <span class='ocrx_word' id='word_1_97' title='bbox 1087 757 1210 800; x_wconf 74' lang='grc' dir='ltr'><em>αὕτῶι</em></span> <span class='ocrx_word' id='word_1_98' title='bbox 1238 762 1323 801; x_wconf 81' lang='lat' dir='ltr'><strong>Par.</strong></span> <span class='ocrx_word' id='word_1_99' title='bbox 1354 764 1398 804; x_wconf 89' lang='lat' dir='ltr'><strong>A.</strong></span> <span class='ocrx_word' id='word_1_100' title='bbox 1429 762 1503 800; x_wconf 83' lang='lat' dir='ltr'><strong>Dii.</strong></span> 
     </span>
    </p>
   </div>
   <div class='ocr_carea' id='block_1_15' title="bbox 536 816 1760 967">
    <p class='ocr_par' dir='ltr' id='par_1_15' title="bbox 536 816 1760 967">
     <span class='ocr_line' id='line_1_19' title="bbox 541 816 1328 866; baseline 0.004 -14"><span class='ocrx_word' id='word_1_101' title='bbox 541 819 566 856; x_wconf 83' lang='lat'><strong>9</strong></span> <span class='ocrx_word' id='word_1_102' title='bbox 595 822 684 866; x_wconf 80' lang='lat' dir='ltr'>post</span> <span class='ocrx_word' id='word_1_103' title='bbox 711 819 780 852; x_wconf 73' lang='lat' dir='ltr'>mei</span> <span class='ocrx_word' id='word_1_104' title='bbox 807 817 966 853; x_wconf 80' lang='lat' dir='ltr'>inseras:</span> <span class='ocrx_word' id='word_1_105' title='bbox 995 821 1033 852; x_wconf 88' lang='lat' dir='ltr'>et</span> <span class='ocrx_word' id='word_1_106' title='bbox 1060 816 1146 856; x_wconf 88' lang='lat' dir='ltr'><strong>Par.</strong></span> <span class='ocrx_word' id='word_1_107' title='bbox 1181 819 1223 858; x_wconf 84' lang='lat' dir='ltr'>A.</span> <span class='ocrx_word' id='word_1_108' title='bbox 1256 818 1328 855; x_wconf 69' lang='lat' dir='ltr'><strong>Dii.</strong></span> 
     </span>
     <span class='ocr_line' id='line_1_20' title="bbox 536 870 1760 924; baseline 0.004 -16"><span class='ocrx_word' id='word_1_109' title='bbox 536 874 634 909; x_wconf 83' lang='lat' dir='ltr'>inter</span> <span class='ocrx_word' id='word_1_110' title='bbox 664 884 699 908; x_wconf 80' lang='lat' dir='ltr'>v,</span> <span class='ocrx_word' id='word_1_111' title='bbox 734 872 786 911; x_wconf 90' lang='lat'>10</span> <span class='ocrx_word' id='word_1_112' title='bbox 814 877 851 909; x_wconf 79' lang='lat' dir='ltr'>et</span> <span class='ocrx_word' id='word_1_113' title='bbox 877 874 901 911; x_wconf 89' lang='lat'>9</span> <span class='ocrx_word' id='word_1_114' title='bbox 927 887 948 909; x_wconf 90' lang='lat' dir='ltr'>a</span> <span class='ocrx_word' id='word_1_115' title='bbox 978 873 1003 908; x_wconf 87' lang='lat' dir='ltr'>f.</span> <span class='ocrx_word' id='word_1_116' title='bbox 1032 873 1195 910; x_wconf 82' lang='lat' dir='ltr'>inseras:</span> <span class='ocrx_word' id='word_1_117' title='bbox 1226 870 1414 924; x_wconf 72' lang='grc' dir='ltr'>οὕτω&gt;-</span> <span class='ocrx_word' id='word_1_118' title='bbox 1435 890 1465 913; x_wconf 88' lang='grc' dir='ltr'><em>ω</em></span> <span class='ocrx_word' id='word_1_119' title='bbox 1495 875 1581 916; x_wconf 88' lang='lat' dir='ltr'><strong>Par.</strong></span> <span class='ocrx_word' id='word_1_120' title='bbox 1611 876 1653 912; x_wconf 91' lang='lat' dir='ltr'><strong>A.</strong></span> <span class='ocrx_word' id='word_1_121' title='bbox 1690 875 1760 913; x_wconf 79' lang='lat' dir='ltr'><strong>Dii.</strong></span> 
     </span>
     <span class='ocr_line' id='line_1_21' title="bbox 540 928 1100 967; baseline 0.005 -3"><span class='ocrx_word' id='word_1_122' title='bbox 540 930 576 965; x_wconf 90' lang='lat' dir='ltr'>in</span> <span class='ocrx_word' id='word_1_123' title='bbox 610 928 739 964; x_wconf 85' lang='lat' dir='ltr'>litura:</span> <span class='ocrx_word' id='word_1_124' title='bbox 769 932 855 964; x_wconf 83' lang='lat' dir='ltr'>ante</span> <span class='ocrx_word' id='word_1_125' title='bbox 885 928 1032 965; x_wconf 80' lang='lat' dir='ltr'>lituram</span> <span class='ocrx_word' id='word_1_126' title='bbox 1063 943 1100 967; x_wconf 82' lang='grc' dir='ltr'>οι</span> 
     </span>
    </p>
   </div>
   <div class='ocr_carea' id='block_1_16' title="bbox 265 983 1762 1036">
    <p class='ocr_par' dir='ltr' id='par_1_16' title="bbox 265 983 1762 1036">
     <span class='ocr_line' id='line_1_22' title="bbox 265 983 1762 1036; baseline 0.001 -14"><span class='ocrx_word' id='word_1_127' title='bbox 265 989 359 1036; x_wconf 73' lang='lat' dir='ltr'><strong>Pag.</strong></span> <span class='ocrx_word' id='word_1_128' title='bbox 385 988 455 1034; x_wconf 77' lang='lat'>32,</span> <span class='ocrx_word' id='word_1_129' title='bbox 483 998 517 1030; x_wconf 83' lang='lat' dir='ltr'>a,</span> <span class='ocrx_word' id='word_1_130' title='bbox 538 988 626 1034; x_wconf 90' lang='lat' dir='ltr'>post</span> <span class='ocrx_word' id='word_1_131' title='bbox 660 983 724 1020; x_wconf 85' lang='lat' dir='ltr'><strong>ult.</strong></span> <span class='ocrx_word' id='word_1_132' title='bbox 763 984 901 1020; x_wconf 80' lang='lat' dir='ltr'>addas:</span> <span class='ocrx_word' id='word_1_133' title='bbox 939 984 1212 1035; x_wconf 76' lang='grc' dir='ltr'>τελευτῶντες)</span> <span class='ocrx_word' id='word_1_134' title='bbox 1249 1006 1304 1013; x_wconf 88' lang='lat'>-—</span> <span class='ocrx_word' id='word_1_135' title='bbox 1331 989 1362 1024; x_wconf 81' lang='grc' dir='ltr'><em>ὤ</em></span> <span class='ocrx_word' id='word_1_136' title='bbox 1388 1008 1444 1013; x_wconf 84' lang='lat'>——</span> <span class='ocrx_word' id='word_1_137' title='bbox 1471 987 1506 1023; x_wconf 81' lang='lat' dir='ltr'>in</span> <span class='ocrx_word' id='word_1_138' title='bbox 1535 986 1646 1023; x_wconf 84' lang='lat' dir='ltr'>litura</span> <span class='ocrx_word' id='word_1_139' title='bbox 1674 986 1762 1024; x_wconf 86' lang='lat' dir='ltr'><strong>Par.</strong></span> 
     </span>
    </p>
   </div>
   <div class='ocr_carea' id='block_1_17' title="bbox 265 1100 357 1148">
    <p class='ocr_par' dir='ltr' id='par_1_17' title="bbox 265 1100 357 1148">
     <span class='ocr_line' id='line_1_23' title="bbox 265 1100 357 1148; baseline 0.011 -13"><span class='ocrx_word' id='word_1_140' title='bbox 265 1100 357 1148; x_wconf 81' lang='lat' dir='ltr'><strong>Pag.</strong></span> 
     </span>
    </p>
   </div>
   <div class='ocr_carea' id='block_1_18' title="bbox 264 1493 356 1541">
    <p class='ocr_par' dir='ltr' id='par_1_18' title="bbox 264 1493 356 1541">
     <span class='ocr_line' id='line_1_24' title="bbox 264 1493 356 1541; baseline 0 -12"><span class='ocrx_word' id='word_1_141' title='bbox 264 1493 356 1541; x_wconf 78' lang='lat' dir='ltr'><strong>Pag.</strong></span> 
     </span>
    </p>
   </div>
   <div class='ocr_carea' id='block_1_19' title="bbox 543 1039 1225 1080">
    <p class='ocr_par' dir='ltr' id='par_1_19' title="bbox 543 1039 1225 1080">
     <span class='ocr_line' id='line_1_25' title="bbox 543 1039 1225 1080; baseline 0.006 -4"><span class='ocrx_word' id='word_1_142' title='bbox 543 1042 586 1079; x_wconf 94' lang='lat' dir='ltr'>A.</span> <span class='ocrx_word' id='word_1_143' title='bbox 620 1039 690 1076; x_wconf 73' lang='lat' dir='ltr'><strong>Dii.</strong></span> <span class='ocrx_word' id='word_1_144' title='bbox 725 1039 820 1076; x_wconf 85' lang='lat' dir='ltr'><strong>Ante</strong></span> <span class='ocrx_word' id='word_1_145' title='bbox 849 1039 996 1076; x_wconf 86' lang='lat' dir='ltr'>lituram</span> <span class='ocrx_word' id='word_1_146' title='bbox 1026 1040 1148 1078; x_wconf 81' lang='lat' dir='ltr'>fuerat</span> <span class='ocrx_word' id='word_1_147' title='bbox 1178 1057 1225 1080; x_wconf 88' lang='lat' dir='ltr'>ov</span> 
     </span>
    </p>
   </div>
   <div class='ocr_carea' id='block_1_20' title="bbox 385 1094 1762 1146">
    <p class='ocr_par' dir='ltr' id='par_1_20' title="bbox 385 1094 1762 1146">
     <span class='ocr_line' id='line_1_26' title="bbox 385 1094 1762 1146; baseline 0.003 -16"><span class='ocrx_word' id='word_1_148' title='bbox 385 1098 453 1144; x_wconf 79' lang='lat'>33,</span> <span class='ocrx_word' id='word_1_149' title='bbox 481 1096 519 1146; x_wconf 79' lang='lat' dir='ltr'>b,</span> <span class='ocrx_word' id='word_1_150' title='bbox 541 1098 566 1135; x_wconf 85' lang='lat'>6</span> <span class='ocrx_word' id='word_1_151' title='bbox 594 1100 681 1145; x_wconf 86' lang='lat' dir='ltr'>post</span> <span class='ocrx_word' id='word_1_152' title='bbox 706 1094 833 1131; x_wconf 70' lang='lat' dir='ltr'>Etiam</span> <span class='ocrx_word' id='word_1_153' title='bbox 858 1096 1021 1132; x_wconf 85' lang='lat' dir='ltr'>inseras:</span> <span class='ocrx_word' id='word_1_154' title='bbox 1051 1096 1137 1135; x_wconf 87' lang='lat' dir='ltr'><strong>Par.</strong></span> <span class='ocrx_word' id='word_1_155' title='bbox 1160 1098 1204 1137; x_wconf 85' lang='lat' dir='ltr'>A.</span> <span class='ocrx_word' id='word_1_156' title='bbox 1226 1097 1301 1134; x_wconf 77' lang='lat' dir='ltr'><strong>Dii.</strong></span> <span class='ocrx_word' id='word_1_157' title='bbox 1332 1097 1436 1134; x_wconf 88' lang='lat' dir='ltr'>cuius</span> <span class='ocrx_word' id='word_1_158' title='bbox 1462 1098 1686 1134; x_wconf 74' lang='lat' dir='ltr'>auctoritate</span> <span class='ocrx_word' id='word_1_159' title='bbox 1714 1098 1762 1134; x_wconf 88' lang='lat' dir='ltr'>ad</span> 
     </span>
    </p>
   </div>
   <div class='ocr_carea' id='block_1_21' title="bbox 538 1151 1762 1368">
    <p class='ocr_par' dir='ltr' id='par_1_21' title="bbox 538 1151 1762 1368">
     <span class='ocr_line' id='line_1_27' title="bbox 538 1151 1762 1204; baseline 0.002 -17"><span class='ocrx_word' id='word_1_160' title='bbox 538 1151 703 1199; x_wconf 82' lang='lat' dir='ltr'>reliquos</span> <span class='ocrx_word' id='word_1_161' title='bbox 740 1152 944 1188; x_wconf 79' lang='lat' dir='ltr'>accedente</span> <span class='ocrx_word' id='word_1_162' title='bbox 984 1152 1073 1188; x_wconf 82' lang='lat' dir='ltr'>nihil</span> <span class='ocrx_word' id='word_1_163' title='bbox 1113 1154 1286 1204; x_wconf 76' lang='lat' dir='ltr'>impedit,</span> <span class='ocrx_word' id='word_1_164' title='bbox 1326 1166 1400 1202; x_wconf 88' lang='lat' dir='ltr'>quo</span> <span class='ocrx_word' id='word_1_165' title='bbox 1437 1154 1557 1190; x_wconf 87' lang='lat' dir='ltr'>minus</span> <span class='ocrx_word' id='word_1_166' title='bbox 1593 1154 1762 1190; x_wconf 78' lang='lat' dir='ltr'>deleatur</span> 
     </span>
     <span class='ocr_line' id='line_1_28' title="bbox 538 1205 1761 1260; baseline 0.003 -16"><span class='ocrx_word' id='word_1_167' title='bbox 538 1207 726 1244; x_wconf 85' lang='lat' dir='ltr'>articulus.</span> <span class='ocrx_word' id='word_1_168' title='bbox 766 1207 824 1243; x_wconf 84' lang='lat' dir='ltr'>Cf.</span> <span class='ocrx_word' id='word_1_169' title='bbox 863 1205 911 1243; x_wconf 92' lang='lat' dir='ltr'><strong>L.</strong></span> <span class='ocrx_word' id='word_1_170' title='bbox 946 1207 1068 1244; x_wconf 82' lang='lat' dir='ltr'><strong>Vllll.</strong></span> <span class='ocrx_word' id='word_1_171' title='bbox 1103 1223 1140 1258; x_wconf 94' lang='lat' dir='ltr'>p.</span> <span class='ocrx_word' id='word_1_172' title='bbox 1172 1210 1267 1249; x_wconf 81' lang='lat'><strong>583.</strong></span> <span class='ocrx_word' id='word_1_173' title='bbox 1297 1208 1352 1245; x_wconf 91' lang='lat' dir='ltr'>D.</span> <span class='ocrx_word' id='word_1_174' title='bbox 1391 1222 1510 1247; x_wconf 81' lang='grc' dir='ltr'><strong>τουτο</strong></span> <span class='ocrx_word' id='word_1_175' title='bbox 1542 1224 1638 1260; x_wconf 78' lang='grc' dir='ltr'>γαρ,</span> <span class='ocrx_word' id='word_1_176' title='bbox 1671 1208 1761 1259; x_wconf 75' lang='grc' dir='ltr'>ἔφη,</span> 
     </span>
     <span class='ocr_line' id='line_1_29' title="bbox 538 1259 1761 1317; baseline 0.001 -16"><span class='ocrx_word' id='word_1_177' title='bbox 538 1260 623 1302; x_wconf 85' lang='grc' dir='ltr'><em>τότε</em></span> <span class='ocrx_word' id='word_1_178' title='bbox 639 1259 750 1313; x_wconf 72' lang='grc' dir='ltr'>ἦδῦ’</span> <span class='ocrx_word' id='word_1_179' title='bbox 742 1262 836 1309; x_wconf 82' lang='grc' dir='ltr'><em>ι’σως</em></span> <span class='ocrx_word' id='word_1_180' title='bbox 858 1262 925 1301; x_wconf 81' lang='grc' dir='ltr'>καὶ</span> <span class='ocrx_word' id='word_1_181' title='bbox 948 1262 1152 1315; x_wconf 79' lang='grc' dir='ltr'><em>ἄγαπητον</em></span> <span class='ocrx_word' id='word_1_182' title='bbox 1172 1265 1358 1317; x_wconf 79' lang='grc' dir='ltr'><em>γίγνεται,</em></span> <span class='ocrx_word' id='word_1_183' title='bbox 1378 1263 1534 1316; x_wconf 78' lang='grc' dir='ltr'><em>ησυχία.</em></span> <span class='ocrx_word' id='word_1_184' title='bbox 1557 1269 1594 1302; x_wconf 85' lang='lat' dir='ltr'>et</span> <span class='ocrx_word' id='word_1_185' title='bbox 1615 1264 1761 1313; x_wconf 80' lang='lat' dir='ltr'><strong>Pflugk.</strong></span> 
     </span>
     <span class='ocr_line' id='line_1_30' title="bbox 540 1318 1052 1368; baseline 0.002 -14"><span class='ocrx_word' id='word_1_186' title='bbox 540 1320 588 1356; x_wconf 87' lang='lat' dir='ltr'>ad</span> <span class='ocrx_word' id='word_1_187' title='bbox 620 1319 749 1368; x_wconf 82' lang='lat' dir='ltr'>Eurip„</span> <span class='ocrx_word' id='word_1_188' title='bbox 780 1319 930 1358; x_wconf 81' lang='lat' dir='ltr'><strong>Heracl.</strong></span> <span class='ocrx_word' id='word_1_189' title='bbox 958 1318 1052 1359; x_wconf 82' lang='lat'><strong>745.</strong></span> 
     </span>
    </p>
   </div>
   <div class='ocr_carea' id='block_1_22' title="bbox 537 1375 1762 1426">
    <p class='ocr_par' dir='ltr' id='par_1_22' title="bbox 537 1375 1762 1426">
     <span class='ocr_line' id='line_1_31' title="bbox 537 1375 1762 1426; baseline 0.004 -16"><span class='ocrx_word' id='word_1_190' title='bbox 537 1376 636 1411; x_wconf 82' lang='lat' dir='ltr'>inter</span> <span class='ocrx_word' id='word_1_191' title='bbox 673 1386 706 1409; x_wconf 87' lang='lat' dir='ltr'>v.</span> <span class='ocrx_word' id='word_1_192' title='bbox 748 1375 798 1414; x_wconf 87' lang='lat'>15</span> <span class='ocrx_word' id='word_1_193' title='bbox 839 1379 876 1412; x_wconf 85' lang='lat' dir='ltr'>et</span> <span class='ocrx_word' id='word_1_194' title='bbox 914 1375 964 1414; x_wconf 90' lang='grc'>16</span> <span class='ocrx_word' id='word_1_195' title='bbox 1001 1375 1168 1413; x_wconf 84' lang='lat' dir='ltr'>inseras:</span> <span class='ocrx_word' id='word_1_196' title='bbox 1208 1376 1330 1426; x_wconf 82' lang='grc' dir='ltr'><em>νεων)</em></span> <span class='ocrx_word' id='word_1_197' title='bbox 1360 1397 1416 1403; x_wconf 74' lang='lat'>—</span> <span class='ocrx_word' id='word_1_198' title='bbox 1447 1378 1480 1415; x_wconf 79' lang='grc' dir='ltr'><em>ὦ</em></span> <span class='ocrx_word' id='word_1_199' title='bbox 1507 1397 1562 1403; x_wconf 78' lang='lat'>—</span> <span class='ocrx_word' id='word_1_200' title='bbox 1591 1376 1626 1413; x_wconf 91' lang='lat' dir='ltr'>in</span> <span class='ocrx_word' id='word_1_201' title='bbox 1651 1376 1762 1415; x_wconf 83' lang='lat' dir='ltr'>litura</span> 
     </span>
    </p>
   </div>
   <div class='ocr_carea' id='block_1_23' title="bbox 537 1429 797 1469">
    <p class='ocr_par' dir='ltr' id='par_1_23' title="bbox 537 1429 797 1469">
     <span class='ocr_line' id='line_1_32' title="bbox 537 1429 797 1469; baseline 0.012 -3"><span class='ocrx_word' id='word_1_202' title='bbox 537 1430 623 1466; x_wconf 87' lang='lat' dir='ltr'><strong>Par.</strong></span> <span class='ocrx_word' id='word_1_203' title='bbox 653 1429 698 1465; x_wconf 85' lang='lat' dir='ltr'>A.</span> <span class='ocrx_word' id='word_1_204' title='bbox 724 1429 797 1469; x_wconf 73' lang='lat' dir='ltr'><strong>Dii.</strong></span> 
     </span>
    </p>
   </div>
   <div class='ocr_carea' id='block_1_24' title="bbox 383 1485 1759 1593">
    <p class='ocr_par' dir='ltr' id='par_1_24' title="bbox 383 1485 1759 1593">
     <span class='ocr_line' id='line_1_33' title="bbox 383 1485 1580 1538; baseline -0.001 -14"><span class='ocrx_word' id='word_1_205' title='bbox 383 1487 452 1538; x_wconf 81' lang='grc'>34,</span> <span class='ocrx_word' id='word_1_206' title='bbox 481 1500 516 1536; x_wconf 86' lang='lat' dir='ltr'>a,</span> <span class='ocrx_word' id='word_1_207' title='bbox 539 1489 561 1527; x_wconf 84' lang='lat'>2</span> <span class='ocrx_word' id='word_1_208' title='bbox 594 1486 640 1522; x_wconf 85' lang='lat' dir='ltr'>ad</span> <span class='ocrx_word' id='word_1_209' title='bbox 675 1485 892 1534; x_wconf 79' lang='grc' dir='ltr'><em>ναυτηλίαν</em></span> <span class='ocrx_word' id='word_1_210' title='bbox 921 1487 1064 1524; x_wconf 84' lang='lat' dir='ltr'>addas:</span> <span class='ocrx_word' id='word_1_211' title='bbox 1101 1487 1187 1528; x_wconf 83' lang='lat' dir='ltr'>Par,</span> <span class='ocrx_word' id='word_1_212' title='bbox 1218 1486 1261 1523; x_wconf 89' lang='lat' dir='ltr'>A.</span> <span class='ocrx_word' id='word_1_213' title='bbox 1287 1486 1360 1525; x_wconf 79' lang='lat' dir='ltr'><strong>Dii.</strong></span> <span class='ocrx_word' id='word_1_214' title='bbox 1392 1500 1414 1524; x_wconf 87' lang='lat' dir='ltr'>a</span> <span class='ocrx_word' id='word_1_215' title='bbox 1443 1499 1492 1528; x_wconf 84' lang='lat' dir='ltr'>m.</span> <span class='ocrx_word' id='word_1_216' title='bbox 1523 1500 1580 1537; x_wconf 87' lang='lat' dir='ltr'>pr.</span> 
     </span>
     <span class='ocr_line' id='line_1_34' title="bbox 484 1542 1759 1593; baseline 0.002 -15"><span class='ocrx_word' id='word_1_217' title='bbox 484 1544 521 1591; x_wconf 83' lang='lat' dir='ltr'>b,</span> <span class='ocrx_word' id='word_1_218' title='bbox 543 1544 594 1582; x_wconf 88' lang='lat'>17</span> <span class='ocrx_word' id='word_1_219' title='bbox 630 1547 719 1591; x_wconf 90' lang='lat' dir='ltr'>post</span> <span class='ocrx_word' id='word_1_220' title='bbox 756 1542 844 1583; x_wconf 80' lang='lat' dir='ltr'>Par,</span> <span class='ocrx_word' id='word_1_221' title='bbox 881 1545 927 1580; x_wconf 93' lang='lat' dir='ltr'>A.</span> <span class='ocrx_word' id='word_1_222' title='bbox 964 1544 1130 1580; x_wconf 83' lang='lat' dir='ltr'>inseras:</span> <span class='ocrx_word' id='word_1_223' title='bbox 1171 1542 1230 1593; x_wconf 80' lang='grc' dir='ltr'>(αὶ</span> <span class='ocrx_word' id='word_1_224' title='bbox 1263 1544 1298 1580; x_wconf 88' lang='lat' dir='ltr'>in</span> <span class='ocrx_word' id='word_1_225' title='bbox 1336 1543 1462 1580; x_wconf 83' lang='lat' dir='ltr'>litura:</span> <span class='ocrx_word' id='word_1_226' title='bbox 1501 1548 1587 1580; x_wconf 89' lang='lat' dir='ltr'>ante</span> <span class='ocrx_word' id='word_1_227' title='bbox 1612 1543 1759 1580; x_wconf 84' lang='lat' dir='ltr'>lituram</span> 
     </span>
    </p>
   </div>
   <div class='ocr_carea' id='block_1_25' title="bbox 540 1598 1480 1706">
    <p class='ocr_par' dir='ltr' id='par_1_25' title="bbox 540 1598 1480 1706">
     <span class='ocr_line' id='line_1_35' title="bbox 540 1598 1480 1706; baseline -0.006 -11"><span class='ocrx_word' id='word_1_228' title='bbox 540 1598 700 1695; x_wconf 42' lang='lat' dir='ltr'>{212¹sz</span> <span class='ocrx_word' id='word_1_229' title='bbox 729 1658 819 1703; x_wconf 79' lang='lat' dir='ltr'>post</span> <span class='ocrx_word' id='word_1_230' title='bbox 847 1649 998 1706; x_wconf 67' lang='grc' dir='ltr'><em>ἀνάγκη</em></span> <span class='ocrx_word' id='word_1_231' title='bbox 1027 1656 1191 1692; x_wconf 78' lang='lat' dir='ltr'>inseras:</span> <span class='ocrx_word' id='word_1_232' title='bbox 1223 1654 1308 1691; x_wconf 85' lang='lat' dir='ltr'><strong>Par.</strong></span> <span class='ocrx_word' id='word_1_233' title='bbox 1334 1653 1378 1690; x_wconf 87' lang='lat' dir='ltr'>A.</span> <span class='ocrx_word' id='word_1_234' title='bbox 1407 1653 1480 1690; x_wconf 79' lang='lat' dir='ltr'><strong>Dii.</strong></span> 
     </span>
    </p>
   </div>
   <div class='ocr_carea' id='block_1_26' title="bbox 380 1706 1760 1761">
    <p class='ocr_par' dir='ltr' id='par_1_26' title="bbox 380 1706 1760 1761">
     <span class='ocr_line' id='line_1_36' title="bbox 380 1706 1760 1761; baseline -0.004 -11"><span class='ocrx_word' id='word_1_235' title='bbox 380 1714 449 1761; x_wconf 81' lang='lat'>35,</span> <span class='ocrx_word' id='word_1_236' title='bbox 477 1726 512 1760; x_wconf 84' lang='lat' dir='ltr'>a,</span> <span class='ocrx_word' id='word_1_237' title='bbox 537 1712 560 1750; x_wconf 88' lang='grc'>6</span> <span class='ocrx_word' id='word_1_238' title='bbox 593 1710 638 1746; x_wconf 83' lang='lat' dir='ltr'>ad</span> <span class='ocrx_word' id='word_1_239' title='bbox 670 1706 751 1761; x_wconf 73' lang='grc' dir='ltr'>μήν</span> <span class='ocrx_word' id='word_1_240' title='bbox 780 1706 868 1748; x_wconf 79' lang='grc' dir='ltr'><strong>τόδε</strong></span> <span class='ocrx_word' id='word_1_241' title='bbox 898 1711 1088 1761; x_wconf 80' lang='lat' dir='ltr'>adscripta</span> <span class='ocrx_word' id='word_1_242' title='bbox 1117 1713 1167 1747; x_wconf 89' lang='lat' dir='ltr'>ita</span> <span class='ocrx_word' id='word_1_243' title='bbox 1194 1711 1383 1758; x_wconf 81' lang='lat' dir='ltr'>corrigas:</span> <span class='ocrx_word' id='word_1_244' title='bbox 1428 1711 1467 1745; x_wconf 92' lang='lat' dir='ltr'>ln</span> <span class='ocrx_word' id='word_1_245' title='bbox 1500 1708 1583 1747; x_wconf 88' lang='lat' dir='ltr'><strong>Par.</strong></span> <span class='ocrx_word' id='word_1_246' title='bbox 1612 1707 1656 1744; x_wconf 89' lang='lat' dir='ltr'>A.</span> <span class='ocrx_word' id='word_1_247' title='bbox 1686 1707 1760 1746; x_wconf 72' lang='lat' dir='ltr'><strong>Dii.</strong></span> 
     </span>
    </p>
   </div>
   <div class='ocr_carea' id='block_1_27' title="bbox 535 1761 1761 2207">
    <p class='ocr_par' dir='ltr' id='par_1_27' title="bbox 537 1761 1761 1916">
     <span class='ocr_line' id='line_1_37' title="bbox 537 1761 1761 1817; baseline -0.003 -14"><span class='ocrx_word' id='word_1_248' title='bbox 537 1779 559 1802; x_wconf 84' lang='lat' dir='ltr'>a</span> <span class='ocrx_word' id='word_1_249' title='bbox 588 1778 636 1801; x_wconf 90' lang='lat' dir='ltr'>m.</span> <span class='ocrx_word' id='word_1_250' title='bbox 667 1778 723 1815; x_wconf 83' lang='lat' dir='ltr'>pr.</span> <span class='ocrx_word' id='word_1_251' title='bbox 753 1763 832 1816; x_wconf 79' lang='grc' dir='ltr'>μὴν</span> <span class='ocrx_word' id='word_1_252' title='bbox 865 1762 957 1805; x_wconf 74' lang='grc' dir='ltr'>οὐδὲ</span> <span class='ocrx_word' id='word_1_253' title='bbox 985 1768 1177 1817; x_wconf 78' lang='lat' dir='ltr'>scriptum,</span> <span class='ocrx_word' id='word_1_254' title='bbox 1209 1767 1344 1803; x_wconf 59' lang='lat' dir='ltr'>deinde</span> <span class='ocrx_word' id='word_1_255' title='bbox 1374 1761 1469 1804; x_wconf 78' lang='grc' dir='ltr'><strong>ου’δὲ</strong></span> <span class='ocrx_word' id='word_1_256' title='bbox 1496 1765 1530 1800; x_wconf 89' lang='lat' dir='ltr'>in</span> <span class='ocrx_word' id='word_1_257' title='bbox 1561 1761 1652 1803; x_wconf 75' lang='grc' dir='ltr'><em>τόδε</em></span> <span class='ocrx_word' id='word_1_258' title='bbox 1680 1777 1761 1800; x_wconf 89' lang='lat' dir='ltr'>mu-</span> 
     </span>
     <span class='ocr_line' id='line_1_38' title="bbox 537 1817 1761 1872; baseline 0 -15"><span class='ocrx_word' id='word_1_259' title='bbox 537 1826 656 1858; x_wconf 85' lang='lat' dir='ltr'>tatum</span> <span class='ocrx_word' id='word_1_260' title='bbox 688 1825 724 1858; x_wconf 77' lang='lat' dir='ltr'>et</span> <span class='ocrx_word' id='word_1_261' title='bbox 754 1822 801 1858; x_wconf 79' lang='lat' dir='ltr'>ab</span> <span class='ocrx_word' id='word_1_262' title='bbox 832 1823 925 1868; x_wconf 87' lang='lat' dir='ltr'>alia,</span> <span class='ocrx_word' id='word_1_263' title='bbox 956 1827 995 1859; x_wconf 89' lang='lat' dir='ltr'>ut</span> <span class='ocrx_word' id='word_1_264' title='bbox 1019 1823 1176 1872; x_wconf 87' lang='lat' dir='ltr'>videtur,</span> <span class='ocrx_word' id='word_1_265' title='bbox 1206 1835 1317 1859; x_wconf 81' lang='lat' dir='ltr'>manu</span> <span class='ocrx_word' id='word_1_266' title='bbox 1347 1817 1442 1861; x_wconf 80' lang='grc' dir='ltr'>ου’ὃὲ</span> <span class='ocrx_word' id='word_1_267' title='bbox 1469 1821 1517 1858; x_wconf 82' lang='lat' dir='ltr'>ad</span> <span class='ocrx_word' id='word_1_268' title='bbox 1544 1818 1625 1871; x_wconf 75' lang='grc' dir='ltr'>μήν</span> <span class='ocrx_word' id='word_1_269' title='bbox 1654 1821 1761 1858; x_wconf 82' lang='lat' dir='ltr'>adie—</span> 
     </span>
     <span class='ocr_line' id='line_1_39' title="bbox 540 1882 739 1916; baseline -0.01 -2"><span class='ocrx_word' id='word_1_270' title='bbox 540 1882 637 1914; x_wconf 83' lang='lat' dir='ltr'>ctum</span> <span class='ocrx_word' id='word_1_271' title='bbox 669 1882 739 1916; x_wconf 82' lang='lat' dir='ltr'>est,</span> 
     </span>
    </p>

    <p class='ocr_par' dir='ltr' id='par_1_28' title="bbox 535 1928 1759 2207">
     <span class='ocr_line' id='line_1_40' title="bbox 540 1928 1759 1982; baseline 0 -12"><span class='ocrx_word' id='word_1_272' title='bbox 540 1935 638 1970; x_wconf 87' lang='lat' dir='ltr'>inter</span> <span class='ocrx_word' id='word_1_273' title='bbox 677 1946 711 1973; x_wconf 86' lang='lat' dir='ltr'>v.</span> <span class='ocrx_word' id='word_1_274' title='bbox 751 1934 800 1973; x_wconf 81' lang='lat'>13</span> <span class='ocrx_word' id='word_1_275' title='bbox 831 1937 868 1969; x_wconf 86' lang='lat' dir='ltr'>et</span> <span class='ocrx_word' id='word_1_276' title='bbox 905 1934 953 1973; x_wconf 84' lang='grc'>12</span> <span class='ocrx_word' id='word_1_277' title='bbox 989 1945 1010 1969; x_wconf 90' lang='lat' dir='ltr'>a</span> <span class='ocrx_word' id='word_1_278' title='bbox 1039 1934 1068 1970; x_wconf 93' lang='lat' dir='ltr'>f.</span> <span class='ocrx_word' id='word_1_279' title='bbox 1101 1932 1267 1969; x_wconf 80' lang='lat' dir='ltr'>inseras:</span> <span class='ocrx_word' id='word_1_280' title='bbox 1304 1929 1426 1971; x_wconf 68' lang='grc' dir='ltr'><em>καλᾶν</em></span> <span class='ocrx_word' id='word_1_281' title='bbox 1453 1928 1515 1980; x_wconf 74' lang='grc' dir='ltr'>τό)</span> <span class='ocrx_word' id='word_1_282' title='bbox 1547 1932 1672 1982; x_wconf 80' lang='lat' dir='ltr'><strong>Super</strong></span> <span class='ocrx_word' id='word_1_283' title='bbox 1712 1928 1759 1970; x_wconf 76' lang='grc' dir='ltr'>ὃν</span> 
     </span>
     <span class='ocr_line' id='line_1_41' title="bbox 536 1985 1732 2038; baseline -0.001 -12"><span class='ocrx_word' id='word_1_284' title='bbox 536 1990 715 2034; x_wconf 85' lang='lat' dir='ltr'>duarum,</span> <span class='ocrx_word' id='word_1_285' title='bbox 745 2002 858 2038; x_wconf 85' lang='lat' dir='ltr'>super</span> <span class='ocrx_word' id='word_1_286' title='bbox 880 1985 900 2027; x_wconf 87' lang='grc' dir='ltr'>ὁ</span> <span class='ocrx_word' id='word_1_287' title='bbox 924 1990 1029 2025; x_wconf 84' lang='lat' dir='ltr'>unius</span> <span class='ocrx_word' id='word_1_288' title='bbox 1049 1989 1197 2025; x_wconf 81' lang='lat' dir='ltr'>litterae</span> <span class='ocrx_word' id='word_1_289' title='bbox 1222 1989 1329 2025; x_wconf 85' lang='lat' dir='ltr'>litura</span> <span class='ocrx_word' id='word_1_290' title='bbox 1352 1992 1410 2025; x_wconf 87' lang='lat' dir='ltr'>est</span> <span class='ocrx_word' id='word_1_291' title='bbox 1430 1989 1465 2023; x_wconf 89' lang='lat' dir='ltr'>in</span> <span class='ocrx_word' id='word_1_292' title='bbox 1488 1987 1570 2024; x_wconf 84' lang='lat' dir='ltr'><strong>Par.</strong></span> <span class='ocrx_word' id='word_1_293' title='bbox 1595 1989 1635 2025; x_wconf 90' lang='lat' dir='ltr'>A.</span> <span class='ocrx_word' id='word_1_294' title='bbox 1659 1986 1732 2025; x_wconf 73' lang='lat' dir='ltr'><strong>Dii.</strong></span> 
     </span>
     <span class='ocr_line' id='line_1_42' title="bbox 537 2043 1758 2094; baseline -0.002 -14"><span class='ocrx_word' id='word_1_295' title='bbox 537 2047 588 2085; x_wconf 86' lang='lat'>11</span> <span class='ocrx_word' id='word_1_296' title='bbox 627 2057 649 2080; x_wconf 89' lang='lat' dir='ltr'>a</span> <span class='ocrx_word' id='word_1_297' title='bbox 683 2044 710 2079; x_wconf 88' lang='lat' dir='ltr'>f.</span> <span class='ocrx_word' id='word_1_298' title='bbox 750 2050 837 2094; x_wconf 88' lang='lat' dir='ltr'>post</span> <span class='ocrx_word' id='word_1_299' title='bbox 876 2044 964 2081; x_wconf 82' lang='lat' dir='ltr'><strong>Par.</strong></span> <span class='ocrx_word' id='word_1_300' title='bbox 997 2044 1040 2081; x_wconf 86' lang='lat' dir='ltr'>A.</span> <span class='ocrx_word' id='word_1_301' title='bbox 1074 2045 1236 2080; x_wconf 82' lang='lat' dir='ltr'>inseras:</span> <span class='ocrx_word' id='word_1_302' title='bbox 1266 2044 1320 2092; x_wconf 91' lang='lat' dir='ltr'>(in</span> <span class='ocrx_word' id='word_1_303' title='bbox 1351 2057 1424 2093; x_wconf 86' lang='lat' dir='ltr'>quo</span> <span class='ocrx_word' id='word_1_304' title='bbox 1457 2043 1634 2080; x_wconf 71' lang='lat' dir='ltr'>Dtibnero</span> <span class='ocrx_word' id='word_1_305' title='bbox 1661 2047 1758 2079; x_wconf 72' lang='lat' dir='ltr'>teste</span> 
     </span>
     <span class='ocr_line' id='line_1_43' title="bbox 535 2095 1759 2149; baseline -0.004 -10"><span class='ocrx_word' id='word_1_306' title='bbox 535 2100 629 2146; x_wconf 79' lang='grc' dir='ltr'>ἰ’σως</span> <span class='ocrx_word' id='word_1_307' title='bbox 658 2114 687 2137; x_wconf 85' lang='grc' dir='ltr'><strong>π</strong></span> <span class='ocrx_word' id='word_1_308' title='bbox 726 2101 762 2136; x_wconf 88' lang='lat' dir='ltr'>in</span> <span class='ocrx_word' id='word_1_309' title='bbox 801 2100 910 2137; x_wconf 84' lang='lat' dir='ltr'>litura</span> <span class='ocrx_word' id='word_1_310' title='bbox 947 2100 993 2137; x_wconf 86' lang='lat' dir='ltr'>ab</span> <span class='ocrx_word' id='word_1_311' title='bbox 1034 2101 1162 2137; x_wconf 87' lang='lat' dir='ltr'>eadem</span> <span class='ocrx_word' id='word_1_312' title='bbox 1193 2113 1323 2146; x_wconf 82' lang='lat' dir='ltr'>manu,</span> <span class='ocrx_word' id='word_1_313' title='bbox 1355 2113 1450 2148; x_wconf 88' lang='lat' dir='ltr'>quae</span> <span class='ocrx_word' id='word_1_314' title='bbox 1480 2095 1571 2139; x_wconf 81' lang='grc' dir='ltr'><em>τόδε</em></span> <span class='ocrx_word' id='word_1_315' title='bbox 1597 2099 1759 2149; x_wconf 78' lang='lat' dir='ltr'><strong>scripsit,</strong></span> 
     </span>
     <span class='ocr_line' id='line_1_44' title="bbox 536 2156 792 2207; baseline -0.008 -14"><span class='ocrx_word' id='word_1_316' title='bbox 536 2157 661 2207; x_wconf 82' lang='lat' dir='ltr'>posita</span> <span class='ocrx_word' id='word_1_317' title='bbox 690 2156 792 2206; x_wconf 84' lang='lat' dir='ltr'>sunt)</span> 
     </span>
    </p>
   </div>
   <div class='ocr_carea' id='block_1_28' title="bbox 347 2207 1755 2484">
    <p class='ocr_par' dir='ltr' id='par_1_29' title="bbox 347 2207 1755 2484">
     <span class='ocr_line' id='line_1_45' title="bbox 477 2207 1618 2261; baseline -0.003 -13"><span class='ocrx_word' id='word_1_318' title='bbox 477 2211 515 2259; x_wconf 87' lang='lat' dir='ltr'>b,</span> <span class='ocrx_word' id='word_1_319' title='bbox 536 2213 558 2252; x_wconf 84' lang='lat'>5</span> <span class='ocrx_word' id='word_1_320' title='bbox 588 2225 610 2249; x_wconf 88' lang='lat' dir='ltr'>a</span> <span class='ocrx_word' id='word_1_321' title='bbox 639 2212 665 2249; x_wconf 88' lang='lat' dir='ltr'>f.</span> <span class='ocrx_word' id='word_1_322' title='bbox 696 2213 833 2248; x_wconf 81' lang='lat' dir='ltr'>addas:</span> <span class='ocrx_word' id='word_1_323' title='bbox 865 2210 970 2261; x_wconf 84' lang='lat' dir='ltr'>(ante</span> <span class='ocrx_word' id='word_1_324' title='bbox 1003 2211 1271 2248; x_wconf 81' lang='lat' dir='ltr'>correctionem</span> <span class='ocrx_word' id='word_1_325' title='bbox 1303 2211 1423 2248; x_wconf 85' lang='lat' dir='ltr'>fuerat</span> <span class='ocrx_word' id='word_1_326' title='bbox 1453 2208 1496 2249; x_wconf 80' lang='grc' dir='ltr'>δὲ</span> <span class='ocrx_word' id='word_1_327' title='bbox 1527 2207 1618 2259; x_wconf 76' lang='lat' dir='ltr'><strong>Dii.)</strong></span> 
     </span>
     <span class='ocr_line' id='line_1_46' title="bbox 347 2264 1221 2318; baseline -0.003 -12"><span class='ocrx_word' id='word_1_328' title='bbox 347 2297 354 2306; x_wconf 94' lang='lat'>.</span> <span class='ocrx_word' id='word_1_329' title='bbox 385 2269 450 2315; x_wconf 85' lang='lat'><strong>36,</strong></span> <span class='ocrx_word' id='word_1_330' title='bbox 474 2280 508 2313; x_wconf 84' lang='lat' dir='ltr'>a,</span> <span class='ocrx_word' id='word_1_331' title='bbox 536 2270 557 2307; x_wconf 84' lang='lat'>2</span> <span class='ocrx_word' id='word_1_332' title='bbox 588 2273 676 2318; x_wconf 88' lang='lat' dir='ltr'>post</span> <span class='ocrx_word' id='word_1_333' title='bbox 703 2264 732 2318; x_wconf 76' lang='grc' dir='ltr'><em>ἢ</em></span> <span class='ocrx_word' id='word_1_334' title='bbox 763 2269 928 2304; x_wconf 79' lang='lat' dir='ltr'>inseras:</span> <span class='ocrx_word' id='word_1_335' title='bbox 956 2267 1041 2304; x_wconf 86' lang='lat' dir='ltr'><strong>Par.</strong></span> <span class='ocrx_word' id='word_1_336' title='bbox 1070 2267 1116 2304; x_wconf 90' lang='lat' dir='ltr'>A.</span> <span class='ocrx_word' id='word_1_337' title='bbox 1149 2266 1221 2303; x_wconf 76' lang='lat' dir='ltr'><strong>Dii.</strong></span> 
     </span>
     <span class='ocr_line' id='line_1_47' title="bbox 480 2320 1569 2370; baseline -0.002 -11"><span class='ocrx_word' id='word_1_338' title='bbox 480 2323 519 2370; x_wconf 84' lang='lat' dir='ltr'>b,</span> <span class='ocrx_word' id='word_1_339' title='bbox 542 2324 567 2362; x_wconf 83' lang='lat'><strong>3</strong></span> <span class='ocrx_word' id='word_1_340' title='bbox 595 2337 616 2359; x_wconf 86' lang='lat' dir='ltr'>a</span> <span class='ocrx_word' id='word_1_341' title='bbox 646 2325 671 2360; x_wconf 91' lang='lat' dir='ltr'>f.</span> <span class='ocrx_word' id='word_1_342' title='bbox 699 2324 835 2361; x_wconf 78' lang='lat' dir='ltr'>addas:</span> <span class='ocrx_word' id='word_1_343' title='bbox 870 2345 916 2349; x_wconf 80' lang='lat'><strong>—</strong></span> <span class='ocrx_word' id='word_1_344' title='bbox 954 2338 992 2362; x_wconf 82' lang='grc' dir='ltr'>οι</span> <span class='ocrx_word' id='word_1_345' title='bbox 1023 2344 1072 2350; x_wconf 93' lang='grc'>-</span> <span class='ocrx_word' id='word_1_346' title='bbox 1102 2323 1137 2359; x_wconf 88' lang='lat' dir='ltr'>in</span> <span class='ocrx_word' id='word_1_347' title='bbox 1171 2321 1278 2358; x_wconf 81' lang='lat' dir='ltr'>litura</span> <span class='ocrx_word' id='word_1_348' title='bbox 1308 2322 1392 2362; x_wconf 83' lang='lat' dir='ltr'><strong>Par.</strong></span> <span class='ocrx_word' id='word_1_349' title='bbox 1423 2321 1467 2358; x_wconf 92' lang='lat' dir='ltr'>A.</span> <span class='ocrx_word' id='word_1_350' title='bbox 1497 2320 1569 2358; x_wconf 76' lang='lat' dir='ltr'><strong>Dii.</strong></span> 
     </span>
     <span class='ocr_line' id='line_1_48' title="bbox 387 2377 1678 2429; baseline -0.002 -11"><span class='ocrx_word' id='word_1_351' title='bbox 387 2380 454 2425; x_wconf 85' lang='lat'><strong>39,</strong></span> <span class='ocrx_word' id='word_1_352' title='bbox 485 2380 519 2424; x_wconf 88' lang='lat' dir='ltr'>b,</span> <span class='ocrx_word' id='word_1_353' title='bbox 540 2382 564 2418; x_wconf 89' lang='lat'><strong>6</strong></span> <span class='ocrx_word' id='word_1_354' title='bbox 595 2393 616 2416; x_wconf 84' lang='lat' dir='ltr'>a</span> <span class='ocrx_word' id='word_1_355' title='bbox 646 2380 672 2416; x_wconf 87' lang='lat' dir='ltr'>f.</span> <span class='ocrx_word' id='word_1_356' title='bbox 702 2382 790 2429; x_wconf 85' lang='lat' dir='ltr'>post</span> <span class='ocrx_word' id='word_1_357' title='bbox 821 2379 894 2429; x_wconf 81' lang='grc' dir='ltr'>εἰς)</span> <span class='ocrx_word' id='word_1_358' title='bbox 920 2380 1080 2415; x_wconf 86' lang='lat' dir='ltr'>inseras:</span> <span class='ocrx_word' id='word_1_359' title='bbox 1115 2391 1178 2416; x_wconf 85' lang='lat' dir='ltr'>om.</span> <span class='ocrx_word' id='word_1_360' title='bbox 1209 2377 1295 2417; x_wconf 83' lang='lat' dir='ltr'><strong>Par.</strong></span> <span class='ocrx_word' id='word_1_361' title='bbox 1323 2379 1366 2416; x_wconf 90' lang='lat' dir='ltr'>A.</span> <span class='ocrx_word' id='word_1_362' title='bbox 1398 2377 1470 2414; x_wconf 75' lang='lat' dir='ltr'><strong>Dii.</strong></span> <span class='ocrx_word' id='word_1_363' title='bbox 1500 2390 1522 2414; x_wconf 86' lang='lat' dir='ltr'>a</span> <span class='ocrx_word' id='word_1_364' title='bbox 1545 2390 1592 2414; x_wconf 89' lang='lat' dir='ltr'>m.</span> <span class='ocrx_word' id='word_1_365' title='bbox 1622 2390 1678 2427; x_wconf 83' lang='lat' dir='ltr'>pr.</span> 
     </span>
     <span class='ocr_line' id='line_1_49' title="bbox 348 2429 1755 2484; baseline -0.004 -10"><span class='ocrx_word' id='word_1_366' title='bbox 348 2467 355 2474; x_wconf 91' lang='lat'>.</span> <span class='ocrx_word' id='word_1_367' title='bbox 386 2434 452 2484; x_wconf 83' lang='grc'>40,</span> <span class='ocrx_word' id='word_1_368' title='bbox 480 2436 514 2482; x_wconf 92' lang='lat' dir='ltr'>b,</span> <span class='ocrx_word' id='word_1_369' title='bbox 538 2436 635 2471; x_wconf 83' lang='lat' dir='ltr'>inter</span> <span class='ocrx_word' id='word_1_370' title='bbox 665 2449 699 2472; x_wconf 91' lang='lat' dir='ltr'>v.</span> <span class='ocrx_word' id='word_1_371' title='bbox 734 2435 782 2474; x_wconf 83' lang='lat'>13</span> <span class='ocrx_word' id='word_1_372' title='bbox 808 2439 845 2472; x_wconf 82' lang='lat' dir='ltr'>et</span> <span class='ocrx_word' id='word_1_373' title='bbox 877 2433 929 2474; x_wconf 80' lang='lat'>14</span> <span class='ocrx_word' id='word_1_374' title='bbox 958 2435 1120 2472; x_wconf 82' lang='lat' dir='ltr'>inseras:</span> <span class='ocrx_word' id='word_1_375' title='bbox 1150 2429 1409 2484; x_wconf 75' lang='grc' dir='ltr'><em>φειδόμενος)</em></span> <span class='ocrx_word' id='word_1_376' title='bbox 1442 2448 1472 2483; x_wconf 86' lang='grc' dir='ltr'>φ</span> <span class='ocrx_word' id='word_1_377' title='bbox 1504 2455 1550 2460; x_wconf 95' lang='lat'>——</span> <span class='ocrx_word' id='word_1_378' title='bbox 1582 2434 1618 2470; x_wconf 88' lang='lat' dir='ltr'>in</span> <span class='ocrx_word' id='word_1_379' title='bbox 1646 2435 1755 2470; x_wconf 83' lang='lat' dir='ltr'>litura</span> 
     </span>
    </p>
   </div>
   <div class='ocr_carea' id='block_1_29' title="bbox 535 2490 1242 2585">
    <p class='ocr_par' dir='ltr' id='par_1_30' title="bbox 535 2490 1242 2585">
     <span class='ocr_line' id='line_1_50' title="bbox 538 2490 803 2531; baseline 0 -5"><span class='ocrx_word' id='word_1_380' title='bbox 538 2490 622 2530; x_wconf 83' lang='lat' dir='ltr'><strong>Par.</strong></span> <span class='ocrx_word' id='word_1_381' title='bbox 654 2491 697 2527; x_wconf 92' lang='lat' dir='ltr'>A.</span> <span class='ocrx_word' id='word_1_382' title='bbox 728 2490 803 2531; x_wconf 74' lang='lat' dir='ltr'>Dii,</span> 
     </span>
     <span class='ocr_line' id='line_1_51' title="bbox 535 2544 1242 2585; baseline 0.003 -3"><span class='ocrx_word' id='word_1_383' title='bbox 535 2547 561 2585; x_wconf 84' lang='grc'><strong>3</strong></span> <span class='ocrx_word' id='word_1_384' title='bbox 592 2559 613 2582; x_wconf 85' lang='lat' dir='ltr'>a</span> <span class='ocrx_word' id='word_1_385' title='bbox 640 2547 667 2585; x_wconf 89' lang='lat' dir='ltr'>f.</span> <span class='ocrx_word' id='word_1_386' title='bbox 693 2547 830 2583; x_wconf 86' lang='lat' dir='ltr'>addas:</span> <span class='ocrx_word' id='word_1_387' title='bbox 862 2547 948 2582; x_wconf 83' lang='lat' dir='ltr'>item</span> <span class='ocrx_word' id='word_1_388' title='bbox 980 2545 1061 2582; x_wconf 82' lang='lat' dir='ltr'><strong>Par.</strong></span> <span class='ocrx_word' id='word_1_389' title='bbox 1091 2544 1137 2584; x_wconf 89' lang='lat' dir='ltr'>A.</span> <span class='ocrx_word' id='word_1_390' title='bbox 1168 2544 1242 2584; x_wconf 74' lang='lat' dir='ltr'><strong>Dii.</strong></span> 
     </span>
    </p>
   </div>
   <div class='ocr_carea' id='block_1_30' title="bbox 345 2600 1755 2651">
    <p class='ocr_par' dir='ltr' id='par_1_31' title="bbox 345 2600 1755 2651">
     <span class='ocr_line' id='line_1_52' title="bbox 345 2600 1755 2651; baseline -0.005 -8"><span class='ocrx_word' id='word_1_391' title='bbox 345 2635 353 2643; x_wconf 89' lang='lat'>.</span> <span class='ocrx_word' id='word_1_392' title='bbox 379 2601 446 2649; x_wconf 82' lang='lat'>41,</span> <span class='ocrx_word' id='word_1_393' title='bbox 471 2614 505 2650; x_wconf 87' lang='lat' dir='ltr'>a,</span> <span class='ocrx_word' id='word_1_394' title='bbox 532 2600 557 2639; x_wconf 85' lang='lat'>4</span> <span class='ocrx_word' id='word_1_395' title='bbox 586 2602 724 2640; x_wconf 83' lang='lat' dir='ltr'>addas:</span> <span class='ocrx_word' id='word_1_396' title='bbox 754 2603 987 2651; x_wconf 85' lang='lat' dir='ltr'>Quamquam</span> <span class='ocrx_word' id='word_1_397' title='bbox 1012 2602 1070 2638; x_wconf 82' lang='lat' dir='ltr'>hic</span> <span class='ocrx_word' id='word_1_398' title='bbox 1096 2605 1231 2650; x_wconf 89' lang='lat' dir='ltr'>postea</span> <span class='ocrx_word' id='word_1_399' title='bbox 1259 2604 1423 2638; x_wconf 85' lang='lat' dir='ltr'>mutasse</span> <span class='ocrx_word' id='word_1_400' title='bbox 1452 2601 1673 2638; x_wconf 83' lang='lat' dir='ltr'>sententiam</span> <span class='ocrx_word' id='word_1_401' title='bbox 1701 2600 1755 2637; x_wconf 91' lang='lat' dir='ltr'>vi-</span> 
     </span>
    </p>
   </div>
   <div class='ocr_carea' id='block_1_31' title="bbox 535 2657 1752 2807">
    <p class='ocr_par' dir='ltr' id='par_1_32' title="bbox 535 2657 1752 2807">
     <span class='ocr_line' id='line_1_53' title="bbox 535 2657 1307 2706; baseline 0.007 -14"><span class='ocrx_word' id='word_1_402' title='bbox 535 2658 657 2695; x_wconf 88' lang='lat' dir='ltr'><strong>detur.</strong></span> <span class='ocrx_word' id='word_1_403' title='bbox 710 2658 769 2698; x_wconf 85' lang='lat' dir='ltr'>Cf.</span> <span class='ocrx_word' id='word_1_404' title='bbox 799 2658 946 2696; x_wconf 77' lang='lat' dir='ltr'><strong>Pathol.</strong></span> <span class='ocrx_word' id='word_1_405' title='bbox 977 2657 1057 2697; x_wconf 90' lang='lat' dir='ltr'>Vol</span> <span class='ocrx_word' id='word_1_406' title='bbox 1088 2657 1307 2706; x_wconf 77' lang='lat' dir='ltr'><strong>1.p.568.</strong></span> 
     </span>
     <span class='ocr_line' id='line_1_54' title="bbox 537 2709 1752 2783; baseline -0.003 -31"><span class='ocrx_word' id='word_1_407' title='bbox 537 2713 588 2752; x_wconf 84' lang='grc'><strong>13</strong></span> <span class='ocrx_word' id='word_1_408' title='bbox 617 2725 638 2749; x_wconf 87' lang='lat' dir='ltr'>a</span> <span class='ocrx_word' id='word_1_409' title='bbox 669 2713 693 2749; x_wconf 87' lang='lat' dir='ltr'>f.</span> <span class='ocrx_word' id='word_1_410' title='bbox 720 2717 807 2762; x_wconf 90' lang='lat' dir='ltr'>post</span> <span class='ocrx_word' id='word_1_411' title='bbox 837 2709 944 2767; x_wconf 69' lang='grc' dir='ltr'><em>ξ”γωγ</em></span> <span class='ocrx_word' id='word_1_412' title='bbox 974 2714 1135 2751; x_wconf 83' lang='lat' dir='ltr'>inseras:</span> <span class='ocrx_word' id='word_1_413' title='bbox 1164 2712 1248 2750; x_wconf 86' lang='lat' dir='ltr'><strong>Par.</strong></span> <span class='ocrx_word' id='word_1_414' title='bbox 1279 2711 1323 2750; x_wconf 92' lang='lat' dir='ltr'>A.</span> <span class='ocrx_word' id='word_1_415' title='bbox 1346 2711 1419 2752; x_wconf 83' lang='lat' dir='ltr'><strong>Dii.</strong></span> <span class='ocrx_word' id='word_1_416' title='bbox 1446 2711 1532 2749; x_wconf 86' lang='lat' dir='ltr'>item</span> <span class='ocrx_word' id='word_1_417' title='bbox 1563 2724 1600 2762; x_wconf 90' lang='lat' dir='ltr'>p.</span> <span class='ocrx_word' id='word_1_418' title='bbox 1631 2710 1697 2783; x_wconf 83' lang='lat'><strong>43,</strong></span> <span class='ocrx_word' id='word_1_419' title='bbox 1716 2724 1752 2759; x_wconf 86' lang='lat' dir='ltr'>a,</span> 
     </span>
     <span class='ocr_line' id='line_1_55' title="bbox 537 2768 795 2807; baseline -0.008 0"><span class='ocrx_word' id='word_1_420' title='bbox 537 2769 560 2807; x_wconf 85' lang='lat'>5</span> <span class='ocrx_word' id='word_1_421' title='bbox 591 2772 677 2806; x_wconf 79' lang='lat' dir='ltr'>ante</span> <span class='ocrx_word' id='word_1_422' title='bbox 707 2768 795 2805; x_wconf 88' lang='lat' dir='ltr'><strong>Lob.</strong></span> 
     </span>
    </p>
   </div>
  </div>
 </body>
</html>
