1764 3176
249 153 333 192 236

702 148 1172 192 PLATONIS

247 259 524 316 μιμουμένου
552 258 649 302 τινά
682 262 770 302 τῶν
797 259 954 317 ἡρώων
983 261 1031 304 ἐν
1055 261 1210 304 πένθει
1232 260 1340 304 ὄντα
1359 260 1432 303 καὶ
1457 260 1630 315 μακρὰν

248 329 378 383 ῥῆσιν
401 325 686 370 ἀποτείνοντα
717 327 763 370 ἐν
792 334 883 380 τοῖς
903 329 1114 384 ὀδυρμοῖς
1142 328 1170 386 ἢ
1199 329 1272 372 καὶ
1291 327 1475 387 ᾄδοντάς
1491 345 1535 371 τε
1557 327 1630 371 καὶ

244 395 555 447 κοπτομένους,
578 393 698 439 οἷσθ’
730 395 796 439 ὅτι
816 398 1025 453 χαίρομέν
1045 414 1089 440 τε
1109 398 1181 440 καὶ
1206 395 1404 447 ἐνδόντες
1424 396 1535 451 ἡμᾶς
1555 393 1632 438 αὕ-

245 462 350 514 τούς
381 460 579 518 ἑπόμεθα
612 464 938 521 συμπάσχοντες
973 467 1047 508 καὶ
1078 464 1397 519 σπουδάζοντες
1427 464 1630 507 ἐπαινοῦ-

245 548 326 588 μεν
356 530 416 582 ὥς
455 529 627 586 άγαθὸν
659 533 846 589 ποιητὴν
887 532 937 584 ὂς
968 532 1024 575 ἂν
1057 533 1171 590 ἡμᾶς
1201 532 1268 576 ὅτι
1298 533 1484 587 μάλιστα
1513 531 1629 575 οὕτω

245 602 395 658 διαθῇ.
462 597 592 644 Οἶδα·
635 605 728 652 πῶς
759 599 799 644 δ’
837 600 914 652 οὔ,-

951 601 1089 644 ’Όταν
1120 601 1165 645 δὲ
1195 600 1359 645 οἰκεῖόν
1389 618 1476 645 τινι
1503 599 1631 657 ἡμῶν

243 672 380 725 κῆδος
409 670 607 725 γένηται
637 669 801 720 ἐννοεῖς
832 665 913 722 αὖ,
949 669 1023 713 ὅτι
1060 670 1129 713 ἐπὶ
1160 673 1219 726 τῷ
1247 668 1431 727 ἐναντίῳ
1462 673 1632 712 καλλω-

242 737 479 794 πιζόμεθα,
520 736 574 779 ἂν
613 736 849 791 δυνώμεθα
884 738 1072 795 ἡσυχίαν
1119 735 1239 791 άγειν
1279 738 1352 780 καὶ
1389 742 1629 792 καρτερεῖν,

243 875 503 932 ἐπῃνοῦμεν.

180 814 214 854 Ε
247 824 307 858 ως
336 811 468 850 τοῦτο
506 804 584 862 μὲν
615 803 778 859 ἀνδρὸς
818 804 891 858 ὂν,
937 806 1076 848 ἐκεῖνο
1117 805 1161 848 δὲ
1199 804 1434 860 γυναικὸς,
1479 805 1504 849 ὃ
1532 806 1629 848 τότε

559 871 744 924 Ἐννοῶ,
787 873 882 930 ἔφη.
933 869 997 916 ’H
1029 877 1171 923 καλῶς
1211 874 1314 925 οὐν,
1354 875 1410 928 ἠν
1451 872 1495 916 δ’
1530 871 1630 926 ἐγω,

245 944 375 994 οὗτος
407 941 430 986 ὁ
461 941 639 992 ἔπαινος
670 941 775 997 ἐ’,χει
806 941 855 985 τὸ
887 939 1062 997 ὁρῶντα
1091 944 1298 985 τοιοῦτον
1334 940 1498 996 ἄνδρα,
1529 938 1629 984 οἷον

244 1080 345 1122 tavit,
369 1080 574 1125 reliquorum
600 1079 751 1113 codicum
771 1082 807 1113 et
826 1080 907 1113 Ste-

244 1127 433 1172 phanianae
453 1125 605 1160 lectionis
623 1126 823 1159 mentionem
841 1138 906 1158 non

243 1173 344 1214 fecit,
377 1178 416 1206 ut
453 1173 524 1217 ipso
559 1173 664 1206 invito
704 1172 904 1218 τραγῳδιο-

243 1219 364 1252 ποιῶν
396 1219 429 1251 in
462 1219 535 1252 eius
559 1222 718 1252 contextu
742 1222 904 1251 mutatum

243 1265 352 1298 videii
393 1265 519 1308 possit,
559 1264 761 1309 praesertim
803 1276 905 1318 quum

243 1311 344 1344 alium
377 1322 528 1343 errorem
560 1312 760 1354 typothetae
785 1308 904 1363 (τινός

242 1368 306 1401 pro
331 1354 449 1395 τινὸς)
476 1356 510 1389 in
535 1357 649 1389 eodem
675 1368 775 1389 versu
798 1357 909 1389 incor—

242 1406 371 1436 rectum
398 1403 595 1446 reliquerit:
632 1402 691 1435 sed
718 1402 797 1435 alibi
822 1414 907 1446 quo-

242 1461 308 1493 que
329 1461 341 1481 ι
358 1449 437 1481 illud
450 1449 636 1492 quamvisa
656 1448 827 1481 codicibus
848 1449 908 1480 fir-

242 1506 330 1528 mum
355 1495 511 1535 sustulit3
547 1495 635 1547 quod
661 1506 724 1537 ego
751 1494 829 1527 mihi
853 1495 907 1527 fa-

243 1541 396 1574 ciendum
418 1553 482 1574 non
498 1540 626 1585 putavi.
652 1541 801 1573 Thomas
812 1540 905 1584 Mag.

242 1599 276 1631 p.
298 1588 376 1622 563.
411 1585 693 1632 κωμῳδιοποιὸς
722 1593 757 1619 et
780 1598 905 1631 κωμω-

243 1631 400 1672 δοποιὸς
427 1636 555 1677 pariter
581 1634 718 1677 probat,
745 1639 780 1665 et
801 1633 905 1675 signi-

241 1679 357 1712 ficatio
399 1679 576 1723 uniusque
612 1678 776 1719 nominis,
819 1690 907 1721 κωμ.

243 1730 279 1757 et
297 1737 414 1768 τραγ.,
436 1737 448 1758 ι
467 1725 645 1768 genuinum
666 1705 783 1758 haber'i
802 1724 907 1759 iubet.

245 1771 301 1806 Cf.
327 1772 518 1804 Lobeckius
544 1772 586 1804 ad
613 1772 738 1812 Phryn.
763 1783 797 1815 p.
828 1771 906 1805 644.

243 1817 366 1861 Itaque
399 1818 427 1850 si
454 1821 565 1850 tamen
590 1817 714 1858 Attici,
747 1817 908 1861 quemad-

243 1864 375 1896 modum
405 1863 530 1896 Moeris
558 1875 589 1907 p.
611 1863 689 1897 240.
722 1863 842 1903 docet,
868 1875 907 1896 eo

243 1910 352 1942 eiecto
373 1907 641 1954 κωμῳδοποιὸς
661 1912 695 1941 et
713 1909 835 1942 similia
854 1908 909 1941 di-

243 1956 367 1988 cebant
419 1945 824 2001 (κωμῳδοδιδάσκαλος
872 1959 908 1988 et

241 1991 621 2046 κωμῳδοδιδασκαλία
654 2007 689 2034 et
722 2001 906 2046 τραγῳδο-

243 2047 477 2091 διδάσκαλος,
503 2060 591 2093 quae
614 2053 785 2092 tamquam
818 2048 907 2080 eius-

241 2095 317 2127 dem
352 2095 487 2147 geneiis
523 2095 705 2127 Piersonus
741 2105 816 2127 cum
848 2093 905 2126 illo

242 2141 453 2185 composuit,
488 2141 635 2174 nonnihil
669 2140 806 2173 diversa
830 2150 905 2172 esse

240 2186 362 2231 liquet)
387 2188 571 2231 scriptores
596 2198 661 2219 non
677 2186 834 2219 continuo
854 2186 906 2219 al·-

240 2238 316 2266 tera
334 2234 441 2266 forma
463 2233 680 2275 abstinuisse,
697 2232 757 2266 sed
778 2235 907 2265 utram-

239 2279 292 2312 vis
317 2280 429 2322 potius
465 2290 648 2324 usurpasse
681 2277 845 2323 putandi,
871 2278 906 2311 in

240 2324 383 2368 singulis
418 2328 529 2359 autem
567 2325 653 2358 locis
691 2324 825 2358 codices
849 2336 905 2357 re-

240 2370 407 2414 spiciendi
435 2377 525 2409 sunt
557 2382 696 2413 quorum
721 2370 905 2404 auctoritas

239 2417 293 2450 hic
318 2417 473 2461 quidem,
495 2418 522 2451 si
548 2417 706 2450 Bekkero
730 2416 816 2450 fides
841 2417 903 2449 ha-

239 2463 370 2504 benda,
396 2468 431 2496 et
456 2475 487 2508 p.
510 2465 589 2498 607.
616 2466 655 2496 Α.
687 2470 722 2496 et
749 2462 811 2509 Ep·
816 2467 857 2496 st.
875 2462 902 2496 Ι

239 2521 273 2554 p.
298 2490 378 2544 309'.
405 2510 447 2543 D.
485 2509 810 2554 τραγῳδιοποιῶν,
844 2509 902 2541 sed

239 2556 279 2589 1..
297 2556 359 2589 111.
386 2567 418 2600 p.
432 2556 510 2590 403.
532 2557 571 2588 B.
598 2561 633 2589 et
658 2556 755 2589 Οιᾶί.
782 2567 813 2599 p.
825 2555 903 2589 425.

239 2601 283 2635 Ι).
318 2600 613 2647 τραγῳδοποιοὶ,
639 2613 742 2646 supra
766 2613 800 2646 p.
821 2603 900 2636 597.

240 2648 284 2682 E.
309 2636 593 2702 τραγῳδοποιὸς
615 2653 651 2681 et
675 2648 806 2691 insi-ap
821 2648 898 2681 606.

241 2696 283 2729 C.
306 2691 572 2740 κωμῳδοποιὸς
590 2698 714 2727 tuetur.
741 2695 791 2726 De
805 2694 900 2737 Apol.

240 2752 275 2786 p.
292 2744 342 2776 18
359 2741 400 2774 D.
430 2741 547 2786 Symp.
566 2742 644 2774 223.
665 2741 705 2773 D.
731 2740 901 2774 Phaedon.

241 2789 297 2822 70.
316 2788 357 2820 B.
385 2790 419 2820 ct
443 2787 528 2821 Min.
558 2787 636 2821 318.
660 2787 702 2820 Ε.
727 2786 806 2830 quid
832 2789 902 2819 sta-

242 2837 347 2876 tuam,
365 2834 511 2868 nondum
536 2839 665 2867 certum
689 2833 820 2874 habeo,
842 2833 902 2866 sed

964 1079 1073 1124 magis
1096 1079 1236 1121 inclino,
1260 1084 1299 1113 ut
1323 1092 1336 1113 ι
1361 1079 1629 1124 piobe1n.Bek-

963 1126 1067 1159 kerus
1092 1137 1256 1181 nusquam
1281 1126 1453 1181 probavit.

1007 1170 1259 1216 μιμουμένου]
1289 1169 1518 1216 μιμουμένας
1546 1172 1625 1204 Par.
1656 1174 1696 1215 D

962 1218 1003 1251 K.
1033 1230 1101 1253 sec.
1125 1219 1233 1252 Bekk.

1008 1263 1094 1297 τινὰ
1113 1284 1158 1288 -
1163 1260 1270 1317 ”gutna
1289 1285 1334 1290 —-
1361 1261 1626 1306 αποτείνοντα]

961 1308 1066 1349 τινὰς
1094 1330 1139 1334 -
1159 1305 1272 1349 ὄντας
1294 1330 1336 1335 -
1361 1307 1476 1343 άποτε
1481 1310 1630 1348 ίνοντας

965 1356 1058 1389 Mon.
1085 1356 1124 1390 B.
1150 1357 1225 1389 Par
1252 1357 1328 1390 DK.
1360 1357 1448 1389 Flor.
1476 1356 1518 1390 U.
1552 1356 1628 1389 Ald.

963 1402 1043 1435 Bas.
1071 1403 1124 1435 ab.
1151 1403 1272 1446 steph.
1300 1405 1372 1436 Ast.

1010 1445 1165 1491 πένθει]
1200 1445 1322 1492 πένθη
1358 1447 1457 1483 Vind.
1482 1447 1525 1479 E.
1550 1448 1630 1479 ante

965 1506 1053 1528 corr.

1011 1539 1132 1584 ῥῆσιν]
1159 1538 1266 1583 ρῦσιν
1291 1539 1390 1574 Vind.
1402 1539 1444 1573 F.
1468 1538 1630 1572 Timaeus

964 1586 1028 1619 lex.
1056 1599 1087 1630 p.
1099 1589 1183 1620 223:
1212 1587 1316 1629 ῥησις
1341 1583 1485 1628 μακρά·
1512 1584 1627 1625 διεξο-

967 1631 1070 1671 &nbc
1095 1630 1201 1675 λόγος
1220 1630 1372 1675 μακρός.

1010 1675 1058 1721 ἢ]
1089 1691 1153 1714 om.
1180 1679 1282 1712 Vind.
1311 1679 1347 1711 F.
1375 1679 1460 1721 Aug.
1484 1678 1525 1711 B.

1013 1722 1201 1770 ᾆδον-τάς]
1247 1726 1429 1768 deflentem
1479 1723 1630 1768 querulis

958 1773 1144 1814 fortunam
1165 1783 1262 1804 suam
1274 1772 1419 1804 modulis
1441 1770 1494 1813 (et
1512 1775 1630 1813 pecto-

965 1830 1006 1850 ra
1022 1819 1150 1862 pugnis
1166 1818 1431 1861 percutientem)
1452 1816 1526 1849 Fic.
1563 1816 1629 1848 Ca-

966 1869 1083 1896 nentes
1116 1864 1147 1896 hi
1182 1863 1381 1908 oppositis
1366 1866 1445 1896 sunt
1487 1862 1537 1904 ei,
1572 1861 1629 1906 qui

964 1921 1118 1953 μακράν
1136 1907 1245 1952 ρῆσια
1270 1911 1399 1954 absque
1424 1913 1525 1942 cantu
1544 1907 1628 1941 reci-

964 1960 1032 1989 tat:
1068 1967 1202 1988 carmen
1236 1955 1347 1999 ipsum
1378 1955 1520 1998 lngubie
1553 1965 1629 1986 esse

964 2002 1064 2035 sicile
1106 2000 1318 2042 intelligitur.
1391 2000 1513 2043 Itaque
1547 1999 1630 2032 nihil

963 2059 1048 2092 opus
1073 2050 1126 2080 est
1150 2027 1237 2079 Astii
1261 2052 1295 2079 et
1314 2045 1529 2079 Stallbaumii
1549 2057 1630 2079 con-

962 2093 1095 2127 iectura
1126 2090 1309 2131 κλάοντας
1339 2092 1516 2136 legendum
1553 2103 1629 2125 esse

961 2138 1213 2183 suspicantium.

1006 2184 1202 2228 χαίρομέν]
1225 2183 1433 2228 χαίρωνμέν
1458 2184 1557 2218 Vind.
1582 2185 1625 2218 F.

962 2236 1041 2265 ante
1066 2242 1154 2264 corr.

1009 2274 1192 2320 ἐνδόντες]
1219 2276 1260 2309 V.
1291 2288 1394 2320 supra
1421 2288 1454 2320 p.
1471 2278 1528 2318 73,
1545 2277 1579 2310 b.

1008 2320 1298 2367 συμπάσχοντες]
1326 2323 1433 2365 ξυμπ.
1460 2323 1555 2357 Flor.
1580 2322 1626 2356 T.

962 2370 1085 2405 Stallb.
1134 2370 1244 2411 Vulgo
1269 2369 1419 2402 additum
1443 2380 1481 2402 τε
1505 2379 1625 2402 secun-

961 2415 1039 2449 dum
1076 2416 1154 2449 Par.
1181 2415 1286 2448 ADK.
1318 2415 1377 2459 (de
1405 2426 1470 2459 quo
1499 2415 1627 2459 Bipon-

961 2463 1025 2496 tini
1063 2463 1196 2504 tacent)
1234 2461 1333 2495 Vind.
1369 2461 1411 2494 F.
1454 2461 1546 2494 Mon.
1583 2461 1623 2494 B.

961 2509 1047 2542 Ven
1076 2509 1115 2540 C.
1150 2509 1237 2551 Ang.
1264 2508 1304 2541 B.
1339 2508 1417 2541 Vat.
1449 2507 1492 2540 H
1527 2507 1623 2541 Flor.

960 2555 1101 2588 ATUV.
1138 2566 1210 2587 cum
1237 2553 1460 2606 Stallbaumio
1492 2553 1525 2586 in
1556 2564 1624 2586 sec.

961 2601 1070 2641 omisi,
1091 2612 1155 2634 non
1181 2611 1246 2644 quo
1264 2597 1536 2643 συμπάσχοντες
1552 2610 1626 2632 cum

958 2627 1229 2687 σπουδάζοντες
1255 2646 1411 2689 coniungi
1435 2658 1500 2678 non
1525 2656 1626 2689 posse

958 2697 1164 2733 statuerem,
1199 2704 1286 2737 quae
1321 2690 1625 2724 Schleiermacheii

959 2739 1047 2772 latio
1073 2742 1148 2780 est,
1186 2750 1260 2771 nam
1291 2738 1400 2782 ipsum
1424 2738 1507 2771 illud
1533 2746 1624 2779 συμ-

959 2782 1111 2829 πάσχειν
1139 2765 1246 2824 'facim
1283 2788 1322 2817 ut.
1361 2796 1431 2817 rem
1465 2783 1623 2816 ludicram

960 2843 1022 2877 pro
1046 2831 1137 2866 seria
1160 2831 1355 2872 habeamus
1380 2830 1441 2864 sed
1460 2829 1551 2875 quod
1572 2828 1623 2862 ni-
