1764 3176
561 170 1040 213 EDITORIS.
1434 190 1509 213 11111

119 288 247 332 optimo
271 292 306 322 et
323 291 469 321 naturae
494 289 695 331 congruenti
723 289 834 331 legum
863 299 904 322 ac
927 299 1058 322 morum
1089 291 1259 322 concentu
1278 287 1507 330 discedentes,

118 346 212 387 leges
227 345 365 387 iniquas
385 345 663 388 amplectantur?
708 345 829 388 Neque
850 349 964 379 tamen
995 346 1132 378 dubium
1155 349 1227 385 est,
1258 346 1335 387 quin
1358 346 1508 378 maxima

116 406 253 444 semper
282 401 384 434 suerit
407 400 605 436 harmoniae
630 402 664 435 in
698 402 875 445 republica
906 402 954 435 vis
982 413 1023 434 ac
1056 406 1232 444 potestas,
1264 406 1384 435 utnon
1402 401 1505 434 modo

115 457 275 499 Platoni,
305 468 422 492 verum
456 459 558 492 etiam
590 459 765 492 Aristoteli
798 469 932 501 quoque
963 458 1098 501 placet:
1139 458 1277 491 tametsi
1309 469 1376 491 non
1408 462 1506 500 putat

115 514 241 548 cicero
261 515 416 548 cantibus
441 515 573 558 reipub.
606 516 765 558 mutatis,
802 515 1012 558 respublicas
1042 515 1188 555 mutari,
1218 514 1279 547 sed
1304 515 1373 547 vita
1395 515 1502 548 victu-

114 581 180 614 que
210 572 330 605 civium
363 575 507 605 mutato.
577 573 683 605 Cuius
713 572 762 604 rei
794 572 1013 605 memorabile
1044 572 1236 614 exemplum
1269 570 1434 604 habemus
1461 571 1505 604 de

112 628 288 670 republica
320 627 608 671 Cynaethensium
637 628 808 662 Arcadiae
850 629 1051 671 populorum
1081 631 1147 661 etc.
1179 626 1386 669 (omittimus
1415 628 1504 661 enim

113 695 168 725 ca,
198 695 287 727 quae
308 685 351 718 de
374 684 670 729 Cynaethensibus
693 695 735 718 ex
753 684 898 727 Polybio
917 685 1041 724 refert,
1072 685 1153 716 item
1173 694 1260 726 quae
1279 684 1322 717 de
1350 685 1380 717 vi
1399 685 1504 717 musi-

114 751 177 774 cae
198 741 231 774 in
253 741 364 774 Gallis
394 742 580 785 conspicua
612 745 779 775 memorat
800 753 831 785 p.
855 739 952 784 643.)
1012 740 1112 773 Nulla
1147 744 1263 773 tamen
1283 751 1325 773 ex
1347 741 1503 774 omnibus

112 808 202 840 quae
226 794 401 831 attulimus
430 797 473 831 de
502 799 779 832 conversionibus
803 798 924 831 suturis
956 798 1165 839 interituque
1183 797 1395 840 Rerumpub.
1414 798 1504 830 iudi-

74 844 75 847 *
111 854 245 896 cando,
276 859 463 897 praecepta
493 860 587 889 certa
619 855 792 897 videmus3
825 855 960 888 tametsi
993 854 1187 896 probabiles
1207 854 1421 887 coniecturas
1439 853 1503 886 ha-

110 911 249 953 bemus3
282 921 424 953 quarum
443 913 534 944 nulla
558 913 684 945 certior
713 916 772 944 aut
800 911 934 944 facilior
963 910 1043 944 mihi
1076 911 1208 943 videtur
1227 921 1327 952 quam
1350 921 1436 952 quae
1459 922 1502 944 ex

110 968 259 1001 numeris
290 968 367 1001 elici
395 971 520 1011 potest.
580 968 640 1001 Sic
673 969 762 1001 enim
794 969 936 1012 opinor,
969 968 1079 1000 Deum
1112 971 1183 1010 opt.
1203 977 1293 1000 max.
1316 967 1370 1010 qui
1388 978 1501 1000 rerum

109 1025 259 1057 omnium
277 1028 434 1058 naturam
459 1025 605 1058 mirabili
625 1025 794 1068 sapientia
819 1025 1093 1067 coagmentavit,
1125 1035 1167 1056 ac
1185 1025 1317 1065 singula
1340 1025 1409 1057 suis
1427 1025 1500 1066 qui-

108 1081 253 1114 busdam
281 1082 451 1122 numeris,
481 1082 605 1121 modo,
637 1083 796 1123 ratione,
826 1086 1015 1122 concentu,
1046 1081 1163 1113 futura
1191 1081 1386 1123 colligavit,
1427 1081 1500 1114 Res

108 1137 212 1170 etiam
241 1138 394 1180 publicas
434 1138 503 1171 suis
544 1139 744 1181 quibusdam
783 1139 932 1171 numeris
963 1138 1291 1180 circumscripsisse3
1333 1141 1370 1170 ut
1407 1141 1500 1170 stato

108 1194 256 1236 quodam
283 1205 448 1228 annorum
469 1194 650 1235 decursu,
679 1195 814 1228 etiamsi
847 1195 983 1238 optimis
1006 1194 1156 1227 moribus
1181 1205 1222 1226 ac
1245 1194 1377 1235 legibus
1397 1197 1499 1227 utan-

107 1255 185 1292 tur,
213 1251 385 1284 intereant
410 1255 547 1293 tamen,
577 1257 615 1284 ut
640 1251 778 1285 Platoni
806 1262 883 1284 cum
907 1249 1093 1284 Aristotele
1120 1250 1289 1283 convenit.
1349 1250 1499 1286 Quando

107 1318 189 1340 vero
211 1307 247 1340 id
264 1307 413 1340 futurum
436 1312 549 1353 esset,
579 1313 701 1342 neuter
721 1308 857 1349 definit3
886 1308 951 1341 nisi
972 1308 1154 1340 Platonem
1172 1307 1323 1340 numeris
1345 1307 1500 1340 obscuris

105 1364 140 1397 id
158 1364 353 1406 significare
387 1367 565 1407 quisquam
587 1370 704 1408 putet,
735 1366 822 1398 libro
847 1364 879 1398 8.
908 1364 950 1398 de
971 1364 1105 1407 Repub.
1128 1374 1228 1406 quem
1255 1363 1298 1396 ad
1322 1365 1498 1406 scopulum

104 1431 174 1454 non
193 1421 296 1454 modo
311 1419 510 1454 Academici
531 1433 668 1463 omnes,
699 1422 761 1455 sed
789 1422 892 1455 etiam
922 1421 1070 1459 omnium
1100 1431 1189 1463 pene
1220 1420 1497 1464 philosophorum

104 1477 253 1511 familiae
285 1474 396 1511 navim
423 1478 629 1513 afflixerunt.
702 1479 838 1512 Primus
870 1478 1006 1521 quidem
1035 1477 1237 1511 Aristoteles
1268 1478 1379 1510 locum
1408 1477 1498 1510 hunc

105 1534 203 1577 quasi
220 1535 345 1567 vallum
366 1536 513 1578 transiit,
544 1545 655 1578 neque
675 1539 714 1568 ut
734 1536 833 1580 solet,
862 1535 1064 1577 magistrum
1083 1534 1279 1575 momordit,
1311 1545 1386 1567 cum
1414 1545 1497 1577 pro-

103 1594 181 1634 pter
207 1591 451 1624 obscuritatem
481 1603 548 1625 non
578 1592 720 1626 haberet
754 1602 821 1635 qua
848 1596 948 1635 parte
976 1592 1069 1624 illum
1097 1595 1268 1633 carperet.
1326 1591 1496 1624 Proculus

101 1652 233 1690 septem
268 1647 404 1690 quidem
428 1648 584 1682 Platonis
611 1649 654 1681 de
675 1649 813 1690 Repub.
835 1649 939 1682 libros
959 1649 1042 1681 satis
1066 1652 1229 1681 accurate
1248 1648 1495 1690 interpretatus

102 1708 261 1737 octavum
280 1705 450 1747 attingere
469 1706 588 1750 noluit,
607 1706 657 1738 rei
673 1704 886 1745 difficultate,
909 1710 947 1738 ut
964 1706 1097 1748 opinor,
1128 1707 1321 1737 revocatus.
1359 1704 1495 1737 Theoni

101 1771 239 1804 quoque
259 1761 448 1803 Smyrnaeo
468 1773 535 1795 non
554 1762 656 1794 modo
675 1762 879 1795 Platonicae
898 1760 1146 1804 philosophiae,
1175 1760 1236 1793 sed
1263 1761 1386 1793 artium
1408 1771 1495 1804 quo-

99 1828 168 1860 que
184 1816 502 1851 mathematicarum
530 1819 735 1861 peritissimo
756 1836 812 1842 -—
832 1819 918 1851 alius
933 1822 985 1851 est
1002 1817 1124 1851 Theon
1143 1817 1406 1858 Alexandrinus,
1435 1818 1494 1860 qui

100 1874 144 1908 ad
165 1874 403 1908 Ptolemaeum
423 1876 703 1908 commentarium
728 1876 865 1908 Graece
881 1875 1017 1917 scripsit
1037 1895 1088 1899 —
1111 1884 1188 1906 cum
1205 1873 1361 1906 Platonis
1383 1874 1493 1907 Rem-

99 1930 180 1974 pub.
207 1931 513 1974 interpretaretur,
546 1943 635 1974 aqua
668 1931 799 1972 haesit3
829 1943 895 1965 nec
918 1931 980 1964 sibi
1002 1931 1112 1963 locum
1142 1929 1232 1963 hunc
1259 1931 1493 1973 interpretan-

99 1987 180 2021 dum
197 1988 340 2030 putavit.
398 1987 446 2021 M.
463 1988 595 2021 Tullius
616 1999 834 2022 numerorum
856 1988 1012 2021 Platonis
1032 1987 1278 2020 obscuritatem
1298 1998 1366 2020 uno
1387 1988 1492 2021 verbo

99 2044 287 2078 excusavit.
344 2043 518 2078 Marsilius
546 2045 698 2087 Ficinus,
732 2045 1014 2078 Academicorum
1036 2044 1198 2085 omnium,
1229 2048 1393 2086 quantum
1415 2045 1491 2087 qui-

99 2101 177 2134 dem
195 2101 330 2144 opinor,
359 2102 588 2144 acutissimus,
619 2113 668 2143 se,
699 2102 778 2144 quid
801 2102 905 2135 Plato
932 2102 1034 2134 vellet
1057 2112 1098 2134 eo
1118 2101 1208 2141 loco,
1239 2101 1372 2134 nescire
1389 2102 1491 2144 plane

98 2158 305 2198 confitetur3
335 2158 462 2192 veritus
480 2169 523 2191 ne
540 2158 629 2192 idem
652 2159 700 2192 illi
724 2157 811 2202 (sic)
840 2169 903 2191 usu
923 2158 1055 2191 veniret
1077 2156 1168 2199 quod
1193 2156 1403 2198 Iamblicho,
1433 2158 1490 2200 qui

97 2214 205 2247 tribus
223 2214 332 2247 verbis
349 2224 420 2247 rem
444 2226 505 2258 per
533 2226 571 2248 se
600 2216 876 2249 obscurissimam
903 2225 972 2249 non
990 2214 1200 2255 illustrasse,
1230 2213 1292 2248 sed
1310 2214 1491 2248 obscurius

95 2271 266 2304 involvere
287 2271 442 2304 voluisse·
458 2272 600 2306 videtur.
658 2271 756 2305 Philo
776 2273 969 2312 Hebraeus,
998 2271 1155 2304 Platonis
1177 2270 1302 2313 ubique
1327 2271 1490 2313 imitator,

95 2337 274 2361 numerum
294 2328 387 2361 illum
411 2330 656 2371 quinquaginta
676 2340 751 2362 esse
774 2329 923 2372 putavit:
955 2328 1059 2369 idque
1087 2327 1273 2369 significari
1293 2328 1412 2361 scribit
1431 2339 1490 2361 or-

96 2383 249 2426 thogono
269 2385 426 2426 scaleno,
455 2385 554 2428 quale
582 2385 804 2430 Pythagoras
829 2386 938 2418 tribus
964 2384 1115 2418 numeris
1135 2383 1168 2416 3.
1188 2379 1221 2416 4.
1238 2384 1272 2420 5.
1291 2385 1490 2427 complexus

97 2444 168 2474 est:
199 2451 309 2483 coque
323 2441 440 2475 referri
462 2446 562 2485 putat
584 2444 685 2476 verba
704 2443 760 2475 illa
779 2443 937 2476 Platonis
960 2440 1179 2486 sesquitertia
1197 2440 1302 2474 radix
1324 2442 1487 2485 quinario

97 2497 302 2531 coniuncta.-
331 2502 383 2530 est
404 2498 494 2531 enim
518 2499 554 2534 3.
576 2499 619 2532 ad
635 2499 668 2533 4.
691 2499 779 2532 ratio
797 2499 1028 2542 sesquitertia.
1059 2496 1122 2530 sed
1143 2497 1176 2529 in
1203 2507 1244 2529 eo
1265 2496 1369 2540 fallit,
1396 2498 1487 2541 quod

96 2564 273 2588 numerum
293 2554 428 2596 planum
448 2555 598 2597 invexit,
628 2566 704 2589 cum
732 2560 898 2599 appareat
925 2556 1105 2589 Platonem
1134 2553 1278 2586 solidum
1308 2564 1487 2588 numerum

97 2611 216 2653 quaeri
234 2610 400 2653 voluisse,
431 2612 487 2654 qui
510 2613 623 2646 omnia
652 2623 870 2645 numerorum
894 2622 1022 2654 genera
1044 2613 1180 2653 praeter
1199 2609 1373 2653 perfectos
1392 2621 1487 2645 com-

97 2668 279 2711 plectatur.
316 2667 416 2701 Philo
433 2672 548 2702 tamen
570 2680 612 2702 ex
633 2668 683 2702 his
702 2669 872 2702 radicibus
889 2669 920 2702 3.
946 2665 980 2701 4.
998 2668 1031 2701 5.
1051 2667 1245 2709 singulatim
1263 2667 1298 2700 in
1316 2678 1354 2701 se
1374 2667 1486 2701 ductis

96 2727 168 2757 tres
187 2723 373 2766 quadratos
391 2724 514 2758 efficit:
545 2725 636 2759 unde
658 2727 848 2759 conflantur
866 2726 922 2760 50.
941 2723 1084 2765 numeri,
1116 2733 1234 2757 omnes
1252 2724 1354 2766 plani.
1378 2721 1486 2768 (bene

95 2779 179 2814 fecit
208 2780 379 2822 Bodinus,
408 2781 498 2824 quod
517 2782 551 2815 in
580 2783 674 2816 libris
699 2783 743 2816 de
764 2783 839 2817 vita
870 2781 980 2815 Masis
1000 2791 1077 2814 esse
1104 2781 1218 2813 locum
1235 2779 1390 2814 Philonis
1411 2793 1430 2814 a
1448 2792 1486 2814 se

96 2836 305 2872 intellectum
333 2838 368 2872 in
396 2838 551 2882 margine
578 2839 748 2874 ostendit:
780 2840 879 2873 aliter
902 2849 970 2873 non
1006 2837 1234 2872 crederemus.
1293 2837 1381 2871 Nam
1398 2838 1484 2872 libro
