1764 3176
475 155 807 199 CIVITAS
856 155 983 199 LIB.
1013 156 1072 199 X.
1102 162 1170 198 615

1432 160 1518 201 273

128 287 204 314 ναι
241 269 288 313 ἐκ
322 271 398 325 τῆς
437 270 519 324 γῆς
555 267 712 323 μεστὰς
758 268 932 324 αὐχμοῦ
969 285 1014 312 τε
1049 268 1124 312 καὶ
1160 267 1350 320 κόνεως,
1392 266 1440 310 ἐκ
1471 267 1518 312 δὲ

126 342 208 382 τοῦ
237 336 389 392 ἑτέρου
427 337 710 391 καταβαίνειν
746 335 892 390 ἑτέρας
931 337 977 381 ἐκ
1006 340 1088 381 τοῦ
1128 335 1335 392 ου’ρανοῦ
1363 340 1514 379 καθα-

129 405 222 463 ράς.
275 404 351 449 καὶ
387 403 463 455 τὰς
501 402 569 448 ἀεὶ
609 403 941 459 ἀφικνουμένας
981 401 1127 459 ὥσπερ
1159 403 1207 448 ἔκ
1235 406 1399 459 πολλῆς
1427 418 1512 448 πο-
1540 405 1575 446 E

126 475 244 528 ρείας
290 472 530 528 φαίνεσθαι
577 471 702 529 ἥκειν
740 471 814 514 καὶ
865 470 1054 528 ἀσμένας
1103 474 1163 523 εἰς
1203 469 1281 516 τὸν
1323 474 1517 526 λειμῶνα

127 540 347 592 ἀπιούσας
378 537 475 584 οἷον
511 538 559 582 ἐν
596 540 842 596 πανηγύρει
879 543 1240 596 κατασκηνᾶσθαι
1269 539 1344 582 καὶ
1374 537 1515 582 οἷσπά-

124 612 275 664 ζεσθαί
302 626 346 652 τε
377 606 565 664 ἀλλήλας
593 605 694 651 ὅσαι
722 607 963 664 γνώριμαι,
993 609 1068 652 καὶ
1096 606 1409 652 πυνθάνεσθαι
1439 605 1515 657 τάς

121 692 168 721 τε
208 676 255 721 ἐκ
291 679 368 732 τῆς
406 680 486 732 γῆς
525 674 721 732 ἡκούσας
758 677 877 732 παροὶ
920 680 1011 720 τῶν
1051 676 1212 733 ἑτέρων
1241 675 1294 718 τὰ
1325 675 1414 719 ἐκεῖ
1439 674 1515 718 καὶ

121 744 200 796 τοὶς
233 743 280 788 ἐκ
319 748 402 787 τοῦ
440 743 644 797 οὐρανοῦ
682 745 734 803 τοὶ
775 744 884 800 παρ’
915 747 1112 796 ἐκείναις.

1183 746 1432 801 διηγεῖσθαι
1464 743 1510 786 δὲ

122 809 327 869 ἀλλήλαις
361 811 439 870 τοὶς
471 812 548 868 μὲν
580 811 853 869 ὀδυρομένας
888 830 932 857 τε
961 814 1034 857 καὶ
1063 811 1325 863 κλαιούσας,
1358 809 1513 866 οῗναμι-

120 880 446 939 μνησκομένας,
478 878 563 924 ὅσα
599 896 644 924 τε
672 881 748 925 καὶ
791 878 863 926 οἶα
892 881 1083 926 πάθοιεν
1111 881 1187 925 καὶ
1214 882 1353 925 ἰ’δοιεν
1382 878 1429 923 ἐν
1457 882 1510 936 τῇ
1536 887 1604 923 615

118 1056 122 1060 ,
165 1030 358 1076 θεᾶσθαι]
391 1028 610 1065 θεάσασθαι
635 1032 715 1065 Par.
740 1033 783 1065 A.

119 1088 141 1110 a
163 1088 208 1110 m.
234 1089 285 1122 pr.
311 1079 497 1122 diligenter
521 1078 616 1111 addit
634 1077 784 1111 Ficinus.

165 1121 226 1167 δὴ]
254 1121 294 1157 δὲ
318 1124 412 1157 Μοιι.
437 1124 478 1157 Β.

156 1190 229 1234 μεν
250 1177 345 1214 καθ’
366 1178 558 1236 ἑκάτερον]
583 1191 649 1223 μεν
668 1180 783 1213 καθε-

117 1222 276 1269 κάτερον
300 1225 402 1262 Vind.
422 1227 465 1260 Ε.
494 1225 560 1269 μὲν
581 1238 677 1283 κατα
709 1223 783 1259 θά-

116 1282 225 1314 τερον
255 1272 351 1309 Μοιι.
383 1273 422 1307 Β.
458 1273 550 1306 Flor.
582 1273 626 1305 U.
677 1272 783 1314 „Alia

114 1316 285 1351 invenitur
307 1318 429 1360 lectio,
453 1329 554 1363 quam
575 1318 781 1362 sequendam

116 1375 261 1404 censeo,
316 1364 372 1397 vel
410 1365 525 1419 potius
571 1375 671 1419 quam
726 1374 781 1396 se-

116 1409 176 1454 qui
207 1420 347 1443 necesse
383 1413 454 1444 est·
490 1406 587 1465 ὁρᾷν
608 1407 660 1464 δὴ
689 1406 781 1442 ταύ-

114 1467 175 1500 τῃ
194 1453 291 1489 καθ’
321 1452 448 1499 ἕτερον
479 1454 545 1499 μὲν
575 1452 618 1490 τὸ
656 1453 780 1511 χάσμα

115 1506 181 1536 etc.
206 1501 298 1535 dicet
321 1501 410 1535 enim
433 1513 524 1544 mox,
548 1513 644 1535 κατα
666 1501 705 1535 δὲ
733 1498 776 1535 τὸ

115 1544 266 1591 ἕτερον,
292 1544 331 1581 ἐκ
349 1545 416 1591 μὲν
436 1547 506 1581 τοῦ
527 1548 605 1582 etc.‘
595 1550 619 1566 “
658 1547 777 1591 steph.

115 1598 229 1628 annot.
255 1605 289 1638 p.
309 1595 366 1628 27.
415 1593 572 1628 Cornarii
605 1596 671 1627 ista
702 1598 779 1626 erat

114 1638 356 1673 coniectural
384 1651 413 1673 c.
439 1639 628 1685 proposita,
645 1639 780 1672 minime

115 1685 308 1719 necessaria
339 1685 406 1719 illa.
472 1686 539 1719 Pro
574 1683 710 1739 ταύτῃ
725 1681 777 1725 δὲ,

114 1731 207 1786 quod
230 1731 423 1786 exspectari
446 1735 593 1775 poterat,
617 1743 712 1764 κατα
738 1729 777 1764 δὲ

114 1774 166 1810 τῶ
193 1774 305 1832 ἑτέρω
326 1777 492 1818 infertur,
519 1777 597 1822 quia
621 1777 664 1810 ad
689 1774 778 1811 ταύ-

114 1834 160 1868 τῃ
187 1820 254 1866 μὲν
278 1823 513 1879 explicationis
538 1834 659 1857 caussa
683 1822 780 1856 addi-

115 1874 186 1903 tum
210 1873 264 1904 est
285 1865 383 1903 καθ’
405 1866 591 1913 ἑκάτερον.

159 1925 242 1981 τῆς]
266 1937 332 1959 om.
355 1929 443 1981 Ang.
468 1928 507 1960 Β.

112 1967 361 2051 Μαπιούσας]
383 1969 577 2012 άπτούσας
595 1973 680 2007 Lob.
696 1973 776 2007 Vat.

159 2058 293 2103 αυταῖς
316 2063 489 2098 δικασθεί
488 2065 527 2109 η]
552 2065 607 2099 Ita
630 2065 710 2099 Par.
735 2066 775 2099 A.

112 2109 213 2144 Vind.
238 2110 278 2143 F.
304 2111 442 2154 Ang.B.
468 2113 548 2145 Vat.
572 2112 618 2145 H.
646 2112 774 2146 Pa1.A.

111 2154 208 2188 Flor.
242 2156 413 2192 ACRTV.
460 2153 597 2196 αὐταῖς
625 2158 776 2192 καταδι-

111 2201 269 2244 κασθείη
297 2202 395 2236 Vind.
419 2203 493 2244 ΒΕ.
528 2200 650 2237 αὐτοῦ
675 2205 776 2238 δικα-

112 2248 238 2281 σθεῖεν
264 2247 388 2293 reliqui
421 2249 570 2289 codices,
594 2250 670 2283 Ald.
696 2251 776 2283 Bas.

113 2293 168 2326 ab.
194 2293 316 2337 steph.
342 2296 417 2327 Ast.
443 2295 651 2337 (δικαθεῖεν
673 2295 774 2350 Lob.)

114 2338 170 2373 Cf.
211 2339 303 2374 Tim.
351 2352 386 2396 p.
422 2342 475 2375 17.
512 2341 565 2374 D:
613 2339 775 2383 δικάζειν

111 2382 242 2429 πράως
260 2386 341 2424 τοῖς
361 2382 496 2430 οἷρχομε
482 2383 589 2426 έ.νοις

157 2439 250 2475 κατὰ
273 2439 312 2476 δὲ
329 2440 380 2476 τώ
409 2440 534 2488 ἑτέρω]
560 2444 616 2478 Ita
637 2444 717 2478 Par.
733 2444 772 2478 A.

109 2487 183 2522 Pal.
212 2489 252 2522 A.
286 2488 365 2523 Vat.
394 2489 438 2524 H.
477 2501 541 2533 per
573 2492 664 2524 alias
693 2491 774 2524 item

112 2534 202 2568 duas
216 2534 289 2568 Fic.
307 2532 402 2568 κατὰ
424 2532 463 2569 δὲ
483 2536 535 2569 τῶ
557 2533 668 2580 ἑτέρω
679 2536 771 2571 Flor.

109 2580 152 2614 A.
177 2592 240 2613 om.
274 2580 360 2614 Lob.
394 2581 473 2614 Vat.
500 2582 579 2615 ΒΜ.
610 2579 706 2615 κατὰ
733 2579 773 2615 δὲ

110 2622 154 2660 τὸ
175 2622 301 2670 ἕτερον
320 2626 444 2672 reliqui
468 2630 504 2661 et
519 2628 594 2662 Ald.
614 2629 694 2662 Bas.
715 2629 772 2662 ab.

62 2712 68 2721 s
111 2672 231 2717 steph.
257 2674 333 2706 Ast.

155 2725 315 2773 αὐχμοῦ]
339 2724 506 2772 αὕσχμοῦ
532 2730 608 2764 Ald.
628 2726 772 2774 αὕχνοῦ

105 2774 458 2865 ἓᾶἓεῖὲίεὲυαῑονσ
478 2777 655 2821 macieque
676 2777 773 2820 (con-

211 2880 416 2921 PLA'role
448 2879 523 2920 ΟΡ.
555 2879 628 2921 ΠΙ.

889 1027 963 1076 αἐὶ]
986 1032 1137 1075 undique
1165 1031 1196 1063 F
1198 1030 1240 1064 ic.
1538 1025 1572 1065 E

842 1135 872 1166 V
888 1085 1065 1132 α’σμένας]
1085 1088 1249 1166 ΙΙιῑειΑΡειξΞ
1262 1088 1302 1165 ἢ.
1328 1085 1510 1165 ῚΙζΙιηόΡΒΕ.

842 1136 998 1216 Αἶῐῗνιῗ’
1013 1135 1106 1213 BE}
1128 1180 1161 1214 b.
1175 1144 1377 1221 ’ᾰσῖέὲιωξ
1388 1143 1511 1222 refigi

841 1227 976 1260 codices
1008 1225 1157 1270 editique
1190 1230 1269 1258 ante
1302 1224 1510 1265 Bekkerum‚

839 1273 930 1317 quod
954 1284 1064 1317 aeque
1089 1272 1213 1304 bonum
1237 1274 1324 1306 erat.

886 1329 938 1369 εἰς
957 1328 1025 1363 τὸν
1043 1328 1216 1372 λειμῶνα]
1239 1328 1275 1361 in
1285 1333 1401 1372 prato,
1418 1328 1510 1372 quod

839 1377 886 1410 ibi
911 1382 960 1409 est
984 1375 1059 1408 Fic.
1094 1374 1266 1408 Articulus
1291 1375 1400 1407 locum
1422 1385 1510 1418 qua-

837 1423 865 1456 si
876 1423 964 1456 fama
984 1421 1191 1454 celebratum
1204 1420 1372 1464 designat,
1386 1419 1509 1453 etiam-

836 1468 866 1502 si
890 1468 991 1511 vulgo
1015 1472 1115 1500 notus
1141 1477 1207 1499 non
1238 1469 1340 1499 esset.

881 1523 1212 1568 κατασκηνᾶσθαι]
1248 1521 1505 1566 πατασκηνοῦ-

836 1572 928 1605 σθαι
962 1574 1049 1614 Aug.
1083 1571 1124 1604 B.
1158 1569 1251 1602 Flor.
1284 1570 1361 1603 RT.
1395 1579 1502 1602 κατε-

836 1617 1053 1661 σκηνῶσθαι
1072 1616 1152 1649 Par.
1164 1615 1209 1649 K.
1237 1615 1292 1650 Cf.
1318 1627 1351 1660 p.
1365 1617 1444 1650 610.
1459 1615 1504 1648 Ε.

882 1671 1054 1716 άλλήλας]
1081 1669 1253 1726 άλληλαις
1271 1672 1371 1707 Vind.
1389 1671 1431 1705 Ε.

834 1718 1074 1800 Βιῖῗῗῗέῖᾟ]
1097 1730 1236 1798 iffi?
1240 1718 1389 1798 ⁰x⁶r÷1Lt⁰1¹<1
1399 1717 1502 1796 {⁷3ss3

835 1813 913 1846 TU.
964 1811 1022 1846 Cf.
1056 1809 1212 1844 Passovii
1247 1809 1381 1842 lexicon
1408 1809 1444 1842 in
1467 1809 1502 1843 h.

834 1870 867 1893 v.
893 1860 927 1892 et
951 1869 1038 1902 quae
1062 1856 1185 1890 similia
1213 1859 1310 1889 notat
1331 1855 1502 1889 Matthiae

833 1915 973 1949 gramm.
999 1915 1032 1948 p.
1055 1904 1134 1944 236,
1153 1903 1187 1936 9.

881 1959 1038 2004 ἑτέρων]
1067 1960 1107 1993 In
1130 1959 1211 1992 Par.
1237 1958 1280 1992 K.
1306 1957 1369 1992 ταί
1396 1968 1500 2002 super

834 2005 875 2042 τέ
896 2008 1060 2052 scriptum
1085 2008 1148 2039 est.

879 2062 962 2107 τὰς]
987 2061 1035 2097 τὰ
1059 2063 1152 2097 Mon.
1178 2062 1219 2095 Β.
1246 2073 1266 2094 a
1290 2073 1333 2094 m.
1360 2072 1412 2106 pr.

877 2119 948 2164 τὰ]
978 2119 1041 2154 καὶ
1071 2116 1118 2153 τὰ
1146 2121 1226 2153 Vat.
1250 2119 1290 2152 B.
1315 2118 1392 2151 τῶν
1417 2118 1500 2152 Par.

831 2168 875 2202 K.
902 2179 971 2202 sec.
997 2166 1106 2200 Bekk.

877 2221 1097 2266 κλαιούσας]
1124 2219 1303 2260 πλεούσας
1331 2220 1431 2254 Vind.
1453 2220 1498 2254 Ε.

831 2268 1016 2308 κλαούσας
1038 2270 1130 2303 Mon
1158 2269 1200 2302 B.
1226 2268 1319 2301 Flor.
1334 2266 1378 2299 U.
1409 2267 1500 2299 Bek-

831 2318 956 2357 kerus,
995 2315 1110 2349 Astius
1141 2314 1175 2347 in
1210 2316 1293 2346 tert.
1328 2316 1363 2345 et
1391 2313 1501 2346 Stall-

831 2363 1005 2401 baumius,
1041 2361 1100 2415 qui
1124 2365 1239 2393 tamen
1265 2357 1437 2392 Phaedon.
1464 2370 1499 2402 p.

834 2410 910 2443 117.
931 2408 972 2443 C.
994 2404 1199 2441 α’πέκλαιον
1218 2417 1239 2438 a
1257 2404 1417 2438 Bekkero
1438 2403 1500 2437 ali-

831 2458 958 2499 quanto
991 2452 1132 2486 meliore
1163 2450 1370 2485 auctoritate
1404 2450 1499 2483 codi-

831 2512 905 2534 cum
930 2499 1066 2533 Coislin.
1099 2502 1134 2531 et
1166 2497 1246 2531 Par.
1272 2497 1316 2530 G.
1343 2495 1380 2529 in
1404 2492 1496 2529 άπέ-

830 2548 944 2580 κλαον
972 2548 1140 2577 mutatum
1169 2542 1291 2577 tenuit.
1316 2542 1498 2575 Bekkerus

830 2604 910 2625 vero
928 2591 974 2624 ib.
995 2591 1038 2624 D.
1063 2587 1187 2623 κλάων
1207 2593 1242 2621 et
1262 2588 1348 2631 Leg.
1365 2587 1404 2621 L.
1418 2587 1498 2622 VII.

830 2650 865 2682 p.
885 2639 963 2672 792.
991 2637 1032 2670 A.
1062 2635 1134 2668 Ion.
1168 2646 1202 2680 p.
1223 2635 1302 2669 535.
1327 2633 1369 2667 D.
1404 2631 1498 2677 κλάῃ

830 2687 866 2717 et
889 2684 932 2717 E.
957 2679 1138 2721 κλάοντας
1157 2686 1193 2714 et.
1209 2679 1351 2713 Axioch.
1374 2680 1498 2724 p.366.

829 2730 871 2763 D.
896 2726 998 2762 κλάει
1022 2727 1123 2761 etiam
1154 2731 1273 2760 contra
1298 2736 1414 2759 omnes
1438 2736 1498 2759 co-

829 2775 923 2810 dices
947 2773 1159 2808 scribendum
1180 2770 1326 2817 putavit.

875 2817 946 2855 ὅσα
969 2831 1008 2855 τε
1029 2818 1092 2854 καὶ
1115 2815 1200 2863 οἷα]
1225 2828 1314 2864 quae
1338 2815 1411 2850 Fic.

1245 2876 1274 2916 S

1517 2816 1586 2852 615
