1764 3176
209 1269 279 1304 564

301 84 358 124 84

302 190 543 246 γενόμενον
580 190 934 236 καταδουλοῦται
975 191 1287 249 δημοκρατίαν.

756 79 1269 125 PLATole

1353 189 1428 233 καὶ
1476 193 1538 250 τῷ
1584 186 1680 234 ὄντι

304 255 505 314 τὼᾶγαν
544 273 588 301 τι
633 262 777 302 ποιεῖν
813 259 1007 316 μεγάλην
1047 261 1169 316 φιλεῖ
1208 257 1269 308 εἰς
1307 252 1571 301 τούναντίον
1609 271 1678 312 με.

214 332 282 368 564
302 326 494 382 ταβολήν
541 322 906 380 ἀνταποδιδόναι,
957 326 1005 371 ἐν
1054 325 1191 381 ὥραις
1229 340 1275 368 τε
1323 325 1396 368 καὶ
1437 325 1484 369 ἐν
1522 328 1679 380 φυτοῖς

301 393 376 437 καὶ
405 393 452 436 ἐν
482 392 674 448 σώμασι,
714 395 788 438 καὶ
826 394 879 452 δὴ
922 395 996 438 καὶ
1034 393 1082 438 ἐν
1118 393 1354 443 πολιτείαις
1393 389 1475 447 οὐχ
1511 390 1680 447 ἥκιστα.

302 459 460 511 Εἰκὸς,
510 460 604 517 ἔφη.

667 460 727 504 ‘H
759 461 843 518 γὰρ
897 461 1011 519 ἄγαν
1049 462 1276 515 ἐλευθερία
1321 460 1461 504 ἔοικεν
1498 457 1584 502 οὐκ
1621 459 1681 509 εἰς

301 527 408 570 ἄλλο
445 545 507 577 τι,
544 528 574 585 ἦ
613 531 674 580 εἷς
711 528 823 585 ἄγαν
862 532 1067 574 δουλείαν
1103 527 1387 585 μεταβάλλειν
1428 525 1502 569 καὶ
1531 523 1681 581 ἰδιώτῃ

300 595 375 639 καὶ
411 594 545 639 πόλει.

602 598 736 649 Εἰκὸς
773 598 869 654 γάρ.
929 597 1126 649 Εἰκότως
1175 597 1349 647 τοίνυν,
1403 591 1549 646 εἶπον,
1596 591 1682 637 οὐκ

301 661 345 715 ἐξ
385 661 517 720 ἄλλης
553 666 772 718 πολιτείας
817 667 1029 721 τυραννὶς
1078 665 1362 717 καθίσταται,
1416 662 1445 720 ἢ
1499 661 1547 706 ἐκ
1598 662 1679 717 δη-

347 811 398 858 τῷ
425 807 527 865 ὄντι]
563 810 699 847 τωόντι
726 813 825 848 Vind.
849 815 892 849 E.

344 847 528 901 μεγάλην]
552 856 644 902 μέγα
671 860 769 894 vind.
793 861 838 894 F.
886 860 963 893 Huc

300 903 491 947 respexisse
515 904 647 937 videtur
666 905 825 939 Proclus'
817 918 851 940 ln
865 906 962 940 Crat.

298 959 332 1003 p
372 950 429 984 13:
467 948 609 989 παντὸς
641 950 855 1006 πράγματος
872 950 962 1006 τὴν

300 990 490 1038 ἄπληστον
517 997 715 1049 μετ-ουσίαν
740 994 962 1040 ἀνατρέπειν

300 1040 363 1074 καὶ
389 1039 526 1084 ἑαυτὴν
561 1038 650 1085 ὅλην
677 1040 696 1077 ὁ
727 1041 766 1078 ἐν
785 1043 962 1089 Πολιτεία

299 1084 358 1130 λε’)
361 1098 392 1119 ει
416 1085 629 1131 Σωκράτης.

346 1134 467 1177 φιλεῖ]
505 1135 652 1177 φιλεῖαν
682 1133 783 1167 Vind.
808 1133 852 1167 Ε.
882 1138 962 1167 ante

301 1189 389 1211 corr.

348 1221 387 1257 ἑν
411 1225 568 1268 φυτοῖς]
595 1221 634 1258 ἐν
658 1237 721 1259 om.
753 1226 832 1260 Vat.
858 1224 908 1259 M.

348 1269 410 1303 καὶ
434 1268 505 1314 δὴ]
532 1283 595 1305 om.
624 1271 703 1305 Par.
727 1271 767 1304 A.
796 1271 896 1305 vind.
921 1271 960 1303 Β.

302 1316 394 1349 Mon.
430 1317 469 1351 B.
509 1317 588 1350 Vat.
618 1317 661 1351 H.
696 1317 792 1352 Flor.
820 1318 895 1351 AV.
929 1316 963 1349 id

299 1362 388 1406 quod
424 1362 457 1395 in
490 1367 561 1396 tam
594 1364 716 1396 crebra
743 1362 884 1407 copulae
908 1374 962 1394 re-

298 1407 464 1452 petitione
487 1408 645 1442 facillime
664 1408 821 1442 accidere
838 1408 960 1452 potuit.

300 1455 420 1498 ltaque
451 1465 516 1488 non
540 1454 644 1488 solum
676 1454 709 1488 in
734 1455 834 1489 vind.
860 1454 900 1487 B.
926 1457 962 1487 et

298 1499 438 1544 reliquis
459 1501 570 1534 tribus
595 1512 615 1534 a
637 1501 718 1534 Par.
742 1500 782 1533 A.
808 1500 960 1545 penden—

298 1546 412 1587 tibus,
435 1545 494 1579 sed
518 1547 619 1580 etiam
642 1547 677 1579 in
705 1548 797 1580 Mon.
820 1546 858 1578 B.
880 1557 958 1590 pro-

298 1590 397 1635 prio,
432 1597 471 1625 ut
494 1592 647 1632 videtur,
680 1591 810 1625 librarii
841 1602 958 1625 errore

298 1636 539 1681 praetermissa
588 1641 678 1672 sunt.
747 1637 959 1682 Scriptorem

294 1682 407 1727 ipsum
438 1684 559 1716 abesse
587 1696 629 1717 ea
660 1683 826 1725 voluisse,
857 1695 958 1728 quum

297 1728 475 1773 aptissima
507 1730 594 1772 sint,
628 1734 732 1774 atque
763 1741 805 1762 ex
829 1729 960 1772 glosse-

297 1778 389 1807 mate
412 1775 619 1816 accessisse,
644 1786 746 1819 quum
769 1774 960 1808 sententi22e

297 1831 459 1854 summam
481 1832 548 1853 non
571 1821 744 1861 afficiant,
776 1821 872 1853 iuxta
895 1820 960 1853 im-

297 1866 476 1910 probabile
506 1867 659 1900 aestimo.
716 1866 852 1921 Neque
865 1865 959 1898 addi-

296 1917 366 1945 tum
404 1912 440 1945 in
468 1912 688 1965 sequentibus
723 1909 791 1955 οὐχ
825 1907 958 1956 ἥκιστα

296 1957 478 1991 offensioni
517 1964 592 2000 est,
634 1958 759 2003 quippe
799 1958 887 2002 quod
923 1959 958 1990 ἰη

297 2004 413 2048 eisque
459 2006 608 2038 maxime
648 2004 827 2056 significet.
899 2004 958 2036 Sic

298 2050 404 2104 Soph.
435 2050 509 2084 init.
534 2063 568 2095 p
592 2052 670 2085 216.
678 2032 749 2083 A:
776 2045 818 2088 ὅς
844 2059 957 2102 φησιν

298 2091 434 2134 ἄλλους
468 2107 507 2129 τε
540 2094 657 2135 θεοὺς
695 2098 774 2134 τοῖς
807 2091 957 2138 ἀνθρώ-

296 2152 404 2184 ποις,
431 2138 567 2176 ὁπόσοι
589 2139 800 2199 μετέχουσιν
825 2140 958 2179 αἰδοῦς

297 2187 467 2230 δικαίας,
526 2200 606 2222 και
653 2185 708 2231 δὴ
757 2186 839 2220 καὶ
890 2184 958 2220 τὸν

296 2231 418 2274 ξένιον
438 2245 519 2277 ονχ
538 2230 715 2288 ἡκιστα
737 2230 833 2266 θεὸν
848 2242 958 2266 συνο-

295 2277 453 2313 παδὸν
443 2278 659 2335 γιγνόμενρν
678 2275 807 2333 ν’βρεις
825 2290 863 2312 τε
893 2277 958 2312 και

297 2321 473 2368 ευνομίας
498 2326 574 2359 τῶν
602 2323 816 2369 ἀνθρώπων
839 2325 955 2358 καθο-

295 2370 378 2425 ρᾷν.
427 2371 483 2405 Cf.
509 2372 620 2406 Critia
643 2383 676 2416 p.
691 2373 767 2406 103.
792 2372 841 2404 D:
865 2367 956 2409 τούς

296 2427 335 2449 τε
359 2412 493 2455 ἀλλους
513 2415 664 2461 κλητέον
683 2415 761 2451 καὶ
794 2414 848 2460 δὴ
877 2414 955 2450 καὶ

296 2459 355 2495 τὰ
425 2461 633 2505 μάλιστα
687 2460 953 2506 Μνημοσύνην.

295 2507 354 2541 ubi
385 2508 528 2542 alterum
559 2509 623 2543 καὶ
659 2521 679 2543 a
712 2510 870 2542 Bekkero
912 2519 954 2541 ex

295 2553 466 2587 codicibus
489 2555 651 2589 insertum
667 2558 730 2590 est.
746 2555 817 2588 Ion.
827 2566 861 2610 p.
871 2555 950 2589 530.

294 2600 345 2633 Β·
370 2596 574 2643 αναγκαῖον
593 2598 687 2634 εἶναι
708 2599 745 2634 ἐν
772 2612 809 2634 τε
829 2597 952 2638 ἄλλοις

292 2648 465 2701 ποιηταῖς
483 2646 685 2702 διατρίβειν
713 2649 862 2686 πολλοῖς
888 2644 950 2678 καὶ

292 2688 461 2742 ἀγαθοῖς,
491 2692 569 2726 καὶ
610 2691 663 2737 δη
694 2692 773 2726 καὶ
808 2689 949 2735 μαλι-

291 2747 376 2771 στα
398 2743 436 2773 ev
452 2735 613 2784 Ομήρῳ.
637 2742 750 2785 Atque
768 2739 819 2773 his
834 2749 947 2773 exem-

1019 813 1084 859 plis
1119 813 1256 847 defendi
1290 815 1420 869 potest
1438 811 1610 867 vulgatum
1643 810 1678 843 in

1019 859 1118 914 Apol.
1150 870 1183 903 p.
1207 860 1263 894 41.
1289 860 1329 891 B.
1362 856 1425 891 καὶ
1459 855 1505 901 δὴ
1539 855 1602 890 καὶ
1632 854 1676 889 τὸ

1018 905 1207 949 μέγιστον,
1241 905 1295 938 cui
1319 902 1562 937 Stallbaumius
1586 901 1680 936 codi-

1020 963 1094 984 cum
1133 951 1338 984 auctoritate
1379 949 1492 994 aliqua
1537 948 1678 982 alterum

1019 996 1082 1030 καὶ
1106 996 1269 1029 detraxit.

1065 1041 1287 1085 πολιτείαις]
1323 1041 1406 1079 ταῖς
1437 1050 1476 1073 π.
1520 1039 1601 1073 Par.
1634 1038 1679 1072 K.

1018 1100 1086 1123 sec.
1112 1087 1222 1121 Bekk.

1066 1130 1132 1176 οὐχ
1151 1129 1311 1176 ἥκιστα]
1336 1128 1463 1175 οὕχήκ.
1481 1130 1567 1164 Lob.
1577 1129 1679 1165 Vind.

1019 1180 1092 1214 BF.
1124 1179 1216 1212 Mon.
1242 1179 1281 1211 Β.

1063 1222 1201 1280 Εἰκὸς,
1228 1223 1310 1268 ἔφη.
1322 1223 1334 1266 ]
1360 1236 1423 1257 om.
1450 1222 1550 1257 xind.
1574 1222 1615 1256 B.

1063 1267 1149 1303 e⁶H
1140 1269 1210 1314 γὰρ
1239 1290 1284 1295 —-
1311 1269 1584 1312 δημοκρατίας]
1619 1278 1677 1301 ex-

1020 1317 1149 1361 cerpsit
1181 1316 1351 1349 Stobaeus
1383 1326 1483 1348 serm.
1514 1313 1678 1348 XXXXI.

1020 1374 1051 1406 p.
1078 1363 1157 1397 )65.
1193 1361 1430 1396 Trincavellus
1466 1371 1530 1394 non
1563 1360 1679 1394 habet.

1016 1409 1157 1441 Ficinus
1181 1409 1265 1441 haec
1289 1419 1397 1452 usque
1421 1407 1463 1440 ad
1487 1403 1592 1440 πόλει
1612 1406 1678 1439 So-

1016 1454 1103 1488 crati
1137 1454 1321 1487 continuat.

1063 1495 1182 1543 ἄγαν]
1208 1512 1274 1534 οηι.
1301 1498 1399 1531 vind.
1424 1498 1466 1532 Ε.
1501 1497 1592 1531 Μοιι.
1612 1497 1653 1531 Β.

1061 1545 1134 1589 εἰς]
1166 1544 1250 1588 καὶ,
1292 1556 1401 1590 eoque
1431 1543 1568 1577 inducto
1600 1554 1676 1589 sup.

1017 1590 1088 1631 εἰς
1114 1591 1212 1626 vind.
1234 1591 1277 1625 E.

1063 1634 1180 1681 ἄγαν]
1222 1636 1327 1670 Falso
1357 1635 1599 1669 Stallbaumius
1639 1634 1676 1668 in

1016 1694 1083 1716 sec.
1108 1683 1171 1716 hoc
1195 1678 1290 1726 ἀγαν
1322 1694 1395 1715 cum
1418 1681 1594 1725 superiore
1617 1680 1674 1714 illo

1016 1729 1222 1762 confundens
1253 1728 1287 1761 in
1320 1728 1413 1762 Mon.
1446 1728 1488 1761 B.
1519 1727 1676 1760 omissum

1015 1780 1111 1807 ratus
1135 1786 1197 1819 pro
1221 1780 1380 1818 suspecto
1411 1773 1531 1807 habuit
1554 1775 1589 1806 et
1611 1784 1676 1806 un-

1014 1820 1062 1853 cis
1094 1819 1242 1854 inclusit.
1287 1820 1445 1875 Alioquin
1477 1819 1585 1863 enim,
1620 1818 1674 1851 in-

1014 1866 1112 1910 quit,
1161 1865 1213 1904 εἰς
1252 1877 1320 1908 την
1363 1863 1458 1909 ι’ἱμϊν
1501 1864 1674 1898 δουλείαν

1011 1911 1226 1944 scribendum
1258 1911 1344 1951 fuit,
1387 1911 1476 1955 quod
1507 1921 1675 1954 reponen-

1012 1957 1090 1990 dum
1114 1937 1350 2001 suspicabatui·
1365 1957 1570 1989 Sebaeferus
1593 1967 1673 2000 app.

1012 2004 1055 2036 ad
1079 2003 1254 2037 Delnosth.
1278 2003 1322 2036 T.
1340 2002 1386 2037 ΙΙ.
1412 2003 1563 2047 p.698.“
1585 2002 1672 2035 Eam

1012 2049 1236 2092 suspicionem
1292 2049 1401 2082 secuti
1449 2053 1527 2081 sunt
1570 2048 1673 2092 Angli

1013 2094 1236 2139 Stephaniani
1248 2094 1399 2127 thesauri
1415 2093 1562 2127 editores
1572 2106 1605 2138 p.
1616 2095 1672 2128 62.

1014 2140 1055 2173 C.
1092 2140 1291 2185 reprehensi
1332 2141 1375 2173 ob
1410 2151 1482 2173 eam
1522 2151 1593 2173 rem
1628 2141 1671 2173 ab

1013 2186 1205 2219 Hermanno
1230 2186 1265 2218 in
1291 2185 1444 2219 Censura
1469 2186 1541 2230 (op.
1567 2186 1612 2220 T.
1624 2185 1670 2219 II.

1015 2244 1047 2277 p.
1078 2233 1176 2276 232.)
1211 2232 1306 2265 cuius
1346 2232 1536 2266 sententiae
1573 2231 1671 2265 Pari-

1013 2278 1140 2311 sienses
1185 2278 1333 2311 editores
1376 2282 1575 2322 paruerunt.
1621 2278 1671 2311 Ac

1012 2324 1147 2357 videtur
1179 2324 1297 2367 utique
1330 2323 1472 2358 articulo
1504 2335 1570 2357 non
1601 2335 1672 2357 ma-

1011 2369 1065 2414 gis
1090 2370 1144 2403 hic
1166 2346 1260 2402 locu¹s
1284 2370 1408 2411 fuisse,
1437 2381 1536 2424 quam
1556 2369 1670 2414 paullo

1011 2419 1088 2470 post
1122 2416 1156 2448 in
1190 2415 1304 2449 verbis
1339 2414 1394 2457 ἐξ,
1437 2420 1559 2459 οἱμαι,
1602 2415 1671 2459 τῆς

1012 2459 1222 2505 α’κροτοίτης
1265 2458 1495 2514 ἐλευθερίας
1520 2461 1670 2495 δουλεία

1009 2507 1156 2550 πλείστη
1175 2518 1212 2540 τε
1239 2507 1301 2541 καὶ
1331 2505 1366 2541 α’
1359 2504 1554 2552 ριωτάτη.
1579 2508 1669 2541 Nam

1007 2553 1110 2587 nimia
1146 2553 1281 2606 quidem
1313 2554 1455 2587 libertas
1488 2553 1669 2598 utrobique

1007 2611 1169 2643 praesens
1203 2606 1238 2632 et
1273 2599 1305 2632 in
1339 2605 1524 2644 conspectu
1556 2611 1617 2644 pos
1604 2599 1667 2633 sita

1005 2645 1173 2689 cogitatux
1203 2650 1237 2677 et
1270 2650 1453 2691 propterea
1488 2645 1665 2678 articulum

1005 2694 1163 2734 praesent
1152 2691 1217 2724 iae
1236 2691 1379 2725 indicem
1398 2691 1584 2736 praefixum
1604 2691 1664 2723 ha-

1006 2738 1085 2778 bet,
1115 2737 1272 2771 servitus
1305 2749 1384 2771 vero
1421 2737 1499 2773 nihil
1524 2747 1664 2771 caussae
