1764 3176
521 184 996 227 EDITORIS.
1380 200 1469 228 cvn

85 307 263 359 „quippe
292 304 401 357 quod
426 309 490 345 est
515 305 595 345 81:
632 309 672 345 et
701 307 862 345 tertium
885 309 1188 357 augumentum,
1223 318 1370 357 nempe
1389 318 1467 344 nu—

84 410 237 437 merum
259 396 344 436 729
365 398 520 437 Cubum
541 399 745 437 novenarii
772 397 822 436 ad
849 398 1005 436 tertiam
1024 411 1152 448 usque
1175 398 1468 437 dimensionem

83 492 266 528 auctum:
301 489 556 529 manifestum
576 490 692 528 nobis
723 492 786 528 est
816 492 961 540 quanto
991 487 1219 540 Tyrannica
1240 489 1424 540 voluptas
1448 490 1471 528 ξι

81 579 235 633 Regia,
270 582 443 633 veraque
473 581 677 633 voluptate
707 581 826 620 distet
849 580 1080 628 intervallo3
1119 580 1225 631 quod
1245 581 1399 620 scilicet
1421 594 1470 620 eo

83 672 203 711 distat
219 672 446 720 intervallo,
483 686 561 724 quo
582 674 820 712 novenarius
845 674 867 711 a
886 685 1051 711 numero
1072 671 1159 711 729
1178 672 1309 711 distat.
1366 672 1470 711 Cae-

80 764 210 803 teram
237 766 282 802 ut
307 763 389 803 hoc
417 764 534 803 etiam
552 766 664 804 recte
683 765 946 816 percipiatur,
983 768 1155 816 ponatur
1173 765 1317 803 iterum
1336 764 1376 802 in
1404 777 1472 802 su-

81 855 233 907 periori
254 855 457 907 exemplo,
477 856 545 895 ubi
568 855 729 908 quidem
754 855 966 907 Tyrannis,
1003 857 1262 895 novenarius:
1298 855 1474 894 ubiveri)

82 946 316 998 Popularis,
352 947 429 987 27:
464 949 532 987 ubi
552 952 682 987 autem
698 947 922 986 Paucorum
944 949 1148 1000 potentia,
1176 948 1254 986 81:
1290 947 1358 986 ubi
1378 949 1474 987 veri)

84 1051 210 1078 censu
242 1042 446 1091 potestas,
493 1039 597 1079 243:
645 1040 712 1079 ubi
756 1039 915 1078 demum
951 1039 1217 1091 Optimatum,
1277 1043 1318 1078 et
1347 1038 1475 1091 Regia

83 1130 209 1183 Resp.
230 1144 305 1183 pro
326 1144 404 1170 una
422 1136 600 1184 accepta,
621 1131 720 1179 729,
743 1132 810 1182 qui
823 1133 976 1170 numeri
995 1145 1134 1170 omnes
1157 1136 1271 1170 erunt
1284 1132 1324 1170 in
1336 1130 1475 1183 Tripla

82 1221 255 1262 Ratione
283 1223 471 1262 continue
493 1223 839 1274 proportionales,
886 1224 989 1261 sicut
1019 1228 1131 1262 erant
1151 1223 1267 1261 etiam
1285 1227 1369 1260 tres
1395 1222 1478 1273 ipsi

84 1316 255 1368 priores,
296 1315 444 1367 nempe
463 1315 606 1365 unitas,
642 1316 852 1363 ternarius,
876 1319 918 1353 et
942 1315 1193 1355 novenarius,
1264 1313 1339 1352 His
1358 1314 1476 1352 etiam

84 1408 139 1446 ita
170 1406 378 1459 dispositis
408 1407 668 1458 perspicuum
694 1407 810 1446 nobis
846 1411 930 1454 est,
968 1407 1074 1458 quod
1106 1406 1353 1445 intervallum
1373 1406 1478 1444 inter

86 1496 329 1550 Tyrannum,
367 1502 408 1538 et
427 1497 582 1550 Regem
603 1502 665 1537 est
683 1499 852 1538 maxime
871 1503 1083 1546 remotum,
1115 1500 1302 1549 quantum
1325 1497 1478 1536 scilicet

85 1591 321 1630 novenarius
353 1576 480 1629 {729
506 1603 672 1629 numero
691 1594 931 1629 removetur.
970 1595 1032 1629 est
1061 1595 1192 1629 autem
1215 1602 1404 1628 numerus
1423 1589 1476 1627 81

89 1681 151 1738 (ut
170 1683 247 1721 iam
271 1680 460 1733 diximus)
493 1683 697 1733 potentia,
735 1683 817 1720 sive
842 1682 1082 1732 Quadratum
1111 1683 1238 1733 ipsius
1261 1681 1478 1727 novenarii,

85 1786 275 1814 numerus
295 1774 391 1812 vero
401 1772 487 1812 729
507 1778 570 1812 est
586 1775 744 1812 tertium
764 1777 1044 1825 augumentum
1057 1773 1247 1811 eiusdem
1262 1773 1479 1823 novenarii,

85 1867 167 1906 hoe
189 1869 252 1905 est
272 1864 408 1904 Cubus
431 1866 570 1916 ipsius.
642 1863 770 1904 Recte
787 1867 907 1917 igitur
933 1865 1028 1903 dixit
1048 1864 1177 1913 Plato,
1203 1864 1309 1915 quod
1332 1878 1478 1903 secuu-

87 1957 180 1996 dum
208 1957 450 2009 potentiam,
499 1961 540 1996 et
575 1958 736 1996 tertium
766 1962 1062 2010 augumentum,
1096 1957 1249 1996 scilicet
1271 1958 1479 1996 novenarii

86 2050 342 2089 manifestum
366 2055 429 2087 est
444 2053 590 2100 quanto
615 2049 825 2101 TjTannus
849 2050 870 2087 a
883 2048 998 2101 Rege
1019 2049 1137 2087 distat
1155 2049 1374 2087 intervallo.
1389 2062 1480 2088 nam

87 2142 135 2182 ab
165 2120 256 2194 ipso
289 2141 448 2192 quidem
476 2139 701 2180 Paucorum
731 2142 936 2193 potentiae
960 2141 1095 2180 dedito
1119 2141 1238 2179 distat
1259 2141 1480 2180 secundum

87 2234 328 2285 potentiam,
360 2232 514 2272 scilicet
542 2245 750 2272 numerum
785 2233 839 2272 81
873 2233 1137 2284 Quadratum,
1186 2233 1232 2270 ab
1263 2234 1354 2284 ipso
1384 2234 1479 2272 verb

87 2324 225 2377 Rege,
274 2325 492 2363 secundum
522 2326 683 2363 tertium
728 2329 1032 2377 augumentum,
1067 2324 1252 2363 videlicet
1272 2338 1482 2364 numerum

87 2416 173 2456 729
200 2415 372 2454 Cubum.
443 2417 560 2466 Quod
588 2418 678 2455 cilm
707 2417 953 2456 ostendisset
992 2416 1132 2463 Plato,
1182 2417 1383 2469 subiungit
1416 2416 1485 2466 [Si

91 2509 179 2562 quis
202 2509 330 2560 igitur
349 2506 492 2547 ordine
511 2498 703 2547 converso
722 2510 900 2548 veritate
919 2509 1143 2562 voluptatis
1162 2508 1321 2561 Regem
1345 2510 1371 2548 ἁ
1398 2509 1480 2561 Ty·-

88 2612 223 2639 ranno
241 2598 396 2638 distare
414 2598 527 2639 dicat
535 2615 551 2647 ;
587 2602 788 2653 quantnm
815 2600 975 2639 distant
998 2599 1082 2638 729
1094 2599 1326 2652 feliciorem
1347 2601 1482 2653 ipsum

88 2692 224 2731 vivere
245 2691 427 2730 inveniet
444 2696 621 2744 peracta
639 2692 1003 2745 nucltiplz‘catz'one:
1040 2691 1279 2743 Tyrannum
1297 2694 1393 2731 verb
1415 2693 1482 2730 in-

79 2783 308 2834 feliciorem
330 2781 473 2821 eadem
492 2783 669 2835 ipsamet
698 2782 928 2834 distantia]
952 2784 1033 2823 hoc
1052 2787 1128 2831 est,
1151 2785 1282 2836 siquis
1299 2783 1481 2822 ordinem

91 2877 315 2922 convertat,
353 2877 394 2913 et
424 2874 757 2925 quemadmodum
797 2876 907 2926 prius
938 2875 1168 2928 Tyrannum
1188 2875 1293 2927 Regi
1313 2888 1478 2928 compa-
