1764 3176
323 114 407 154 302

779 111 1249 156 PLATONIS

325 217 382 266 οὗ
417 221 467 266 τὸ
500 221 621 277 ὕδωρ
652 219 827 278 ἀγγεῖον
858 222 990 268 οὐδὲν
1022 223 1198 279 στέγειν.
1249 224 1408 279 μέτρον
1436 225 1518 282 μὲν
1544 222 1628 272 οὖν
1663 248 1707 277 τι

323 293 404 333 τοῦ
432 289 596 341 ὕδατος
625 295 756 335 πᾶσιν
786 290 1027 348 ἀναγκαῖον
1057 289 1170 335 εἶναι
1206 297 1342 335 πιεῖν·
1384 294 1487 347 τούς
1516 296 1562 340 δὲ
1592 314 1706 353 φρο-

322 357 444 413 νήσει
474 358 532 415 μὴ
564 360 835 414 σωζομένους
873 361 1007 404 πλέον
1036 362 1179 404 πίνειν
1206 365 1287 405 τοῦ
1315 362 1499 418 μέτρου·

323 425 388 470 ἀεὶ
425 426 583 470 πιόντα
620 428 797 472 πάντων
836 427 1222 474 ἐπιλανθάνεσθαι.

1550 366 1628 411 τὸν
1658 368 1705 414 δὲ

1282 431 1428 490 ἐπειδή
1472 434 1518 479 δὲ
1547 453 1705 494 κοιμη-

319 499 457 551 θῆναι
489 496 562 539 καὶ
601 497 733 553 μέσας
765 497 927 548 νύκτας
964 497 1168 553 γενέσθαι
1178 531 1189 550 ,
1220 500 1411 558 βροντήν
1440 520 1484 547 τε
1513 506 1586 549 καὶ
1617 517 1704 549 σει-

320 669 419 702 litam
444 668 517 703 Fic.
555 665 792 724 οἷμελησαντοι
822 669 919 703 Vind.
940 669 984 703 F.

318 713 458 758 μέλητα
485 715 582 748 Vind.
613 716 653 748 Ε.
678 711 848 758 Ἀμέλητα
871 726 984 748 ποτα-

320 759 393 803 μὸν
413 761 498 794 haud
522 760 622 793 dubie
641 772 682 793 ex
702 762 762 794 hoc
781 764 917 795 ductum
936 762 986 794 lo-

321 820 360 839 co
386 808 490 840 habet
513 807 716 840 lamblichus
749 807 791 841 de
824 813 925 852 myst.
950 819 984 852 p.

369 911 452 942 αγγε
439 900 529 942 ῖον]
561 896 709 941 αγγείου
737 900 821 943 Ang.
846 899 885 931 B.
910 898 985 933 Ald.

321 945 402 978 Bas.
429 946 481 978 ab
509 950 546 978 et
571 946 786 999 Stephanus,
815 944 875 989 qui
901 948 987 987 „aut

323 989 390 1034 οἷγ)
395 994 470 1025 εῖον
491 996 550 1024 aut
575 988 729 1034 α’γγείων
744 990 986 1023 scribendum“

321 1038 385 1071 sibi
410 1037 516 1070 vide-i
549 1036 583 1069 in
617 1049 658 1069 111.
691 1036 852 1070 ostendit.
902 1036 986 1069 Illud

324 1095 366 1117 ex
388 1084 469 1118 Par.
482 1083 525 1115 K.
553 1084 594 1116 ab
620 1084 714 1116 Astio
741 1089 913 1127 receptum
931 1095 987 1116 re-

322 1130 407 1174 liqui
432 1129 564 1162 codices
595 1130 848 1164 confirmarunt.

371 1185 522 1231 στέγειν]
545 1187 596 1219 Ita
617 1186 795 1219 Bekkerus
813 1197 888 1218 eum
907 1186 985 1218 Par.

324 1234 365 1267 A.
391 1235 469 1268 vat.
498 1233 611 1266 BHM.
646 1232 727 1265 Ven.
756 1233 796 1264 B.
824 1231 920 1266 Vind.
945 1232 985 1264 B.

323 1282 408 1324 Ang.
430 1280 466 1314 Β.
493 1279 563 1313 Pal.
589 1279 629 1310 A.
656 1289 717 1320 pro
743 1275 872 1320 στέγει,
898 1278 987 1322 quod

323 1325 442 1370 reliqui
480 1325 552 1358 eius
587 1324 664 1358 libri
696 1328 767 1357 tres
797 1330 832 1357 et
857 1324 987 1368 priores

323 1372 490 1405 editiones
515 1371 662 1411 habent,
695 1370 842 1414 scripsit.
899 1370 987 1402 Eum

323 1422 460 1451 secutus
497 1420 549 1450 est
587 1416 703 1449 Astius
747 1416 780 1448 in
826 1419 907 1449 tert.
953 1421 989 1448 et

323 1463 566 1497 Stallbaumius
600 1462 689 1494 nulla
723 1462 988 1495 Florentinorum

323 1509 475 1543 codicum
501 1508 668 1542 mentione
694 1509 798 1543 facta.
834 1508 889 1540 Ex
909 1509 990 1541 meis

322 1556 409 1588 Lob.
437 1556 533 1587 Vind.
563 1555 633 1587 EF.
664 1554 866 1587 infinitivum
892 1559 989 1587 tuen-

323 1607 391 1642 tur,
410 1613 510 1646 quem
534 1600 672 1633 Fleinus
696 1612 831 1645 quoque
851 1612 989 1645 expres-

326 1648 388 1682 sit:
415 1649 510 1681 cuius
535 1658 662 1691 aquam
683 1659 745 1679 vas
762 1648 895 1680 nullum
912 1659 991 1680 con—

325 1695 447 1728 timeat.

374 1745 458 1795 οὖν]
484 1763 549 1785 om.
574 1752 670 1785 Flor.
696 1751 741 1785 T.

373 1795 482 1841 εἶναι]
513 1811 575 1831 om.
602 1799 687 1832 Ven.
714 1798 751 1830 B.
779 1807 799 1829 a
823 1808 865 1829 111.
891 1807 943 1841 pr.

373 1857 497 1899 πιεῖν]
534 1857 656 1888 ποιεῖν
692 1854 790 1887 Vind.
830 1854 871 1889 F.
913 1856 992 1887 ante

326 1914 414 1936 corr.

372 1955 462 1997 τούς
488 1958 527 1991 δὲ
554 1976 600 1982 —-
627 1957 695 1990 τοῦ
725 1954 885 2000 μέτρου]
923 1969 988 1991 om.

327 2006 413 2039 Lob.
439 2005 539 2040 Vind.
565 2004 607 2038 F.
632 2003 724 2037 Mon.
750 2004 789 2035 B.
817 2005 894 2038 Vat.
908 2003 987 2036 ΒΜ.

327 2052 406 2085 Par
425 2051 499 2084 DK.
548 2050 711 2082 Fortasse
734 2060 991 2093 supervacanea

329 2098 482 2142 adeoque
516 2097 570 2129 in⁴²
573 2099 632 2140 pta
665 2096 749 2128 haec
787 2095 992 2128 videbantur

332 2144 441 2182 alicui,
465 2143 521 2187 qui
546 2142 660 2175 statim
688 2141 873 2186 quemlibet
896 2148 992 2186 post-

331 2201 431 2235 quam
456 2189 597 2221 bibisset
615 2188 723 2220 omnia
741 2188 992 2221 obliviscentem

331 2236 474 2270 videret.
510 2235 579 2267 Sed
596 2234 772 2267 oblivionis
791 2233 841 2266 vis
860 2240 895 2266 et
912 2246 991 2287 per-

329 2281 455 2315 tinacia
486 2280 583 2315 van-ia
618 2284 680 2313 est.
751 2280 819 2320 Qui
854 2280 989 2313 nimium

328 2328 436 2368 bibit,
468 2327 501 2359 in
534 2330 735 2370 perpetuum
768 2326 989 2367 obliviscitur,

329 2374 386 2418 qui
421 2373 614 2413 moderate,
659 2371 792 2405 discere
835 2371 990 2416 aliquan-

330 2421 372 2453 do
406 2431 466 2452 seu
500 2418 709 2451 recordando
733 2417 909 2451 scientiam
934 2429 989 2450 re-

329 2468 452 2519 petere
486 2471 612 2519 potest.
643 2483 687 2488 —
731 2464 869 2497 Ficinus
902 2462 991 2518 τοὺς

330 2508 510 2556 φρονήσει
531 2509 578 2554 μὴ
608 2509 836 2552 σωζομένους
860 2522 915 2543 eos
937 2510 991 2543 in-

330 2561 560 2602 tezpreffltur,
594 2558 650 2600 qui
674 2557 897 2600 prudenttam
926 2557 991 2592 du-

331 2617 402 2638 cem
433 2616 501 2636 non
533 2604 680 2643 habent3
720 2614 838 2648 parum
888 2614 991 2636 accu-

331 2655 419 2684 rate.
467 2649 580 2683 Sunt
573 2649 711 2694 1i‚quos
729 2649 906 2693 ptudentia
925 2660 991 2682 non

332 2697 443 2731 salvos
460 2700 616 2748 praestat
644 2696 687 2728 ab
713 2695 889 2729 oblivionis
913 2706 991 2739 per-

333 2746 457 2797 petuae
486 2740 645 2786 periculo.
679 2760 723 2766 -—
760 2742 798 2774 In
824 2741 922 2776 Vind.
945 2741 989 2787 Ε.

332 2786 445 2822 πλέον
468 2789 521 2822 bis
544 2787 703 2831 deinceps
726 2788 861 2831 legitur.

1088 668 1248 717 πιόντα]
1274 685 1409 708 πιοντα
1439 675 1538 711 Vind.
1565 677 1608 711 Ε.

1042 728 1157 750 νοντα
1182 720 1266 763 Aug.
1292 721 1331 753 B.
1359 722 1437 755 Vat.
1462 722 1511 756 M.

1089 772 1250 819 βροντήν
1279 789 1318 810 τε
1341 790 1405 811 και
1429 777 1577 823 σεισμὸν
1604 779 1704 824 γενέ·
1735 792 1764 834 E

1044 819 1704 871 σθαι]ονη.νίι1(1.13“.φροντήνοῐο.

1042 865 1118 900 Ald.
1144 867 1221 901 Bas.
1248 880 1279 902 a.

1092 910 1195 972 ἄλλῃ]
1220 912 1319 971 α’λλη
1344 916 1419 951 Α1(1.

1092 959 1185 1007 ἄνω]
1213 961 1362 997 ἀνωθεν
1387 964 1487 1000 Vind.
1500 966 1607 1000 BEF.
1630 966 1707 1000 Sci-

1043 1009 1123 1042 licet
1157 1011 1263 1050 haec,
1298 1011 1330 1043 in
1366 1011 1488 1056 quibus
1522 1017 1707 1046 naseuntur

1044 1056 1204 1097 homines,
1228 1056 1302 1090 loca
1325 1057 1401 1099 illis,
1425 1058 1459 1092 in
1484 1059 1605 1104 quibus
1630 1059 1704 1093 ani-

1044 1114 1119 1135 mae
1154 1082 1400 1146 veimsabantur
1433 1104 1594 1138 inferiora
1629 1117 1706 1138 esse

1043 1148 1189 1193 ideoque
1210 1150 1367 1193 desuper,
1386 1162 1450 1184 non
1473 1163 1606 1185 sursum
1623 1151 1707 1184 ferri

1045 1195 1087 1227 ad
1112 1196 1314 1229 nascendum
1334 1197 1466 1231 animae
1483 1197 1591 1232 videri
1610 1200 1709 1242 pote-

1044 1243 1132 1274 rant.
1182 1242 1251 1275 Sed
1277 1254 1296 1275 a
1331 1248 1449 1276 centro
1483 1244 1596 1277 mundi
1620 1255 1709 1288 quae

1044 1287 1211 1329 feruntur,
1233 1300 1274 1321 ea
1297 1301 1551 1334 quoquoversus
1575 1300 1709 1323 sursum

1045 1333 1128 1365 ferni
1160 1345 1301 1368 necesse
1338 1339 1400 1368 est.
1433 1355 1474 1360 -
1513 1336 1652 1370 Comma
1688 1347 1708 1369 a

1046 1379 1221 1434 Stephano
1257 1386 1291 1413 et
1314 1381 1411 1414 Astio
1443 1381 1477 1414 in
1502 1393 1551 1426 pr.
1583 1386 1618 1415 et
1639 1393 1706 1415 sec.

1046 1429 1123 1468 post
1155 1421 1233 1458 ἄνω
1270 1427 1415 1470 positum
1450 1428 1500 1471 (in
1534 1428 1634 1462 Vind.
1668 1428 1708 1462 B.

1045 1470 1091 1503 ibi
1127 1478 1285 1515 punctum
1326 1474 1397 1516 est)
1440 1486 1515 1507 cum
1549 1474 1709 1507 Bekkero

1048 1522 1125 1561 post
1150 1516 1308 1562 γένεσιν,
1345 1519 1400 1552 ubi
1425 1520 1526 1554 Vind.
1551 1520 1592 1553 F
1623 1531 1710 1564 pun-

1048 1569 1137 1596 ctum
1171 1565 1292 1607 habet,
1326 1566 1516 1609 ponendum
1556 1569 1631 1607 est,
1665 1577 1709 1599 ne

1049 1611 1256 1653 comparatio
1291 1612 1408 1655 inepta
1441 1612 1513 1645 fiat.
1577 1613 1709 1645 Tamen

1049 1655 1222 1689 Pr‘oclus
1214 1669 1246 1689 111
1272 1658 1361 1692 Tim.
1387 1669 1420 1702 p.
1443 1659 1534 1700 320,
1564 1659 1608 1693 23
1639 1670 1661 1691 a
1683 1658 1709 1692 f.

1051 1697 1148 1735 ὅπου
1161 1713 1212 1756 γε
1239 1703 1300 1736 καὶ
1325 1701 1393 1743 τὰς
1414 1715 1565 1747 μερικας
1588 1701 1711 1759 ψυχας

1049 1747 1101 1786 εἰς
1110 1745 1194 1801 τήν
1218 1747 1357 1792 γένεσιν
1383 1746 1402 1784 ὁ
1426 1748 1628 1794 Σωκρατης
1645 1747 1709 1784 οἶτ-

1048 1792 1187 1834 τούσας
1219 1796 1268 1837 (v.
1294 1793 1501 1851 ἄττούσοιν)
1533 1795 1628 1830 κατὰ
1661 1794 1707 1830 τὰ

1049 1837 1218 1883 σχήματα
1233 1838 1398 1897 α’στέρων
1415 1839 1589 1876 ἀπείκασε
1607 1843 1708 1876 διατ-

1048 1884 1191 1920 τόντων
1215 1900 1310 1927 τινες
1335 1889 1386 1931 (id
1409 1889 1606 1933 delendum)
1633 1886 1708 1924 ἰδέ-

1047 1944 1117 1971 αις.

1643 677 1705 712 πί-

1093 1998 1297 2046 α’ττοντας]
1325 1998 1514 2042 οἱπτοντας
1539 2003 1639 2038 Vind.
1665 2003 1709 2037 E.

1048 2043 1231 2094 ᾄττοντας
1267 2050 1380 2082 Astios
1414 2051 1448 2084 in
1488 2061 1556 2083 sec.
1591 2059 1688 2083 cum
1697 2062 1710 2082 ι

1049 2095 1256 2138 subscripto,
1279 2097 1368 2139 quod
1386 2095 1521 2130 codices
1540 2095 1709 2140 ignorant.

1050 2140 1104 2173 Cf.
1127 2141 1256 2174 lexicon
1280 2142 1431 2175 Bekkeui
1449 2142 1566 2175 anecd
1585 2155 1616 2186 p.
1629 2141 1710 2183 204,

1050 2189 1114 2222 17:
1150 2183 1292 2221 ἄττων·
1330 2185 1456 2231 ὁρμῶν
1478 2186 1541 2222 καὶ
1565 2188 1709 2246 πηδαζίν,

1050 2230 1126 2266 οἷπό
1146 2234 1217 2266 τοῦ
1240 2232 1392 2278 οἷΐσσων,
1418 2232 1509 2278 ὅπερ
1532 2231 1628 2268 εστὶν
1650 2231 1709 2276 ὁρ-

1045 2279 1137 2321 μῶν.
1175 2284 1210 2312 et
1240 2293 1358 2325 synag.
1392 2281 1438 2315 ib.
1472 2293 1507 2327 p.
1534 2283 1624 2323 361,
1653 2282 1710 2316 31.

1046 2325 1129 2367 460,
1149 2328 1206 2361 31.

1093 2393 1157 2439 εἰς]
1186 2393 1280 2438 πρὸς
1304 2395 1398 2432 Mon.
1423 2397 1465 2431 B.

1096 2461 1186 2507 ου’κ]
1220 2465 1275 2497 Ita
1298 2465 1376 2499 Par.
1402 2466 1442 2499 A.
1477 2465 1575 2499 Vind.
1600 2465 1709 2499 BEF.

1048 2510 1134 2544 Ven.
1160 2511 1198 2544 B.
1226 2512 1310 2548 Ana.
1336 2512 1375 2544 B.
1404 2512 1476 2545 Pal.
1501 2512 1541 2545 A.
1568 2513 1646 2546 Vat.
1666 2512 1709 2545 H.

1048 2556 1140 2590 Flor.
1174 2557 1346 2590 ACRTV.
1385 2555 1472 2591 οὐδὲ
1507 2558 1592 2591 Lob.
1632 2558 1709 2592 Vat.

1048 2603 1128 2636 ΒΜ.
1165 2600 1275 2636 οὐδὲν
1310 2604 1403 2637 Mon.
1437 2604 1475 2638 B.
1520 2604 1598 2637 Par.
1632 2604 1709 2638 DK.

1047 2649 1142 2682 Flor.
1179 2649 1222 2683 U.
1258 2650 1330 2682 Ald.
1368 2651 1449 2684 Bas.
1489 2650 1544 2683 ab.
1586 2650 1706 2694 Steph.

1048 2695 1122 2728 Ast
1157 2696 1246 2740 qnod
1282 2698 1334 2729 ἴθι·
1336 2695 1364 2729 ri
1387 2699 1537 2752 poterat.
1586 2695 1640 2729 Cf.
1666 2696 1706 2730 L.

1049 2742 1091 2774 V.
1115 2753 1148 2785 p.
1171 2742 1249 2776 457.
1272 2742 1319 2775 B:
1355 2740 1467 2776 ουδεν
1492 2739 1614 2784 οἶδεν,
1639 2738 1706 2786 ἐφ’

1049 2787 1078 2832 ςὸ
1102 2787 1187 2834 γελᾷ
1209 2785 1299 2821 ουδ’
1323 2784 1383 2823 ὅτι
1403 2786 1568 2832 πράττει.
