1764 3176
412 199 745 242 CIVITAS
789 199 1064 244 LIB.VIIII.
1095 201 1163 240 584

99 311 303 367 ἆνιαρόν;
339 308 566 368 Οὐδαμῶς.

1392 203 1475 243 159

628 310 722 355 Οὐκ
761 311 877 355 ἔστιν
909 309 996 366 ἄρα
1035 314 1192 364 τοῦτο,
1231 309 1343 356 ἀλλὰ
1372 313 1475 368 φαί-
1525 308 1529 309 ’

97 396 247 432 newa,-
275 374 331 435 ἦν
360 377 403 426 6'
435 379 544 436 ἐγώ,
584 379 703 435 παροὶ
733 381 783 423 τὸ
815 378 1017 436 ἀλγεινόν
1056 378 1142 435 ἦδύ
1172 381 1245 424 καὶ
1274 379 1394 436 παρὰ
1424 379 1474 425 τὸ

96 447 182 506 ἡδὺ
212 445 415 503 ἀλγεινὸν
454 447 570 498 τότε,
609 447 637 504 ἡ
665 446 842 504 ἡσυχία,
882 448 955 491 καὶ
989 447 1119 490 οὐδὲν
1157 446 1277 504 ὑγιὲς
1307 448 1478 492 τούτων

95 519 184 559 τῶν
213 514 539 571 φαντασμάτων
565 515 675 570 πρὸς
702 515 863 572 ἡδονῆς
897 513 1134 572 ἀλήθειαν,
1167 515 1273 560 ἄλλα
1301 518 1476 574 γοητεία

94 601 170 635 τις.

224 583 302 635 Ὡς
337 587 450 639 γοῦν
489 581 513 625 ὁ
554 582 703 638 λόγος,
745 583 850 640 ἔφη,
892 586 1104 640 σημαίνει.

1187 584 1266 628 Ἰδὲ
1308 587 1475 635 τοίνυν,

93 651 206 708 ἔφην
235 651 337 706 ἐγώ,
367 649 553 707 ἡδονάς,
585 654 631 695 αἳ
662 650 743 696 οὐκ
774 652 820 695 ἐκ
849 656 1003 695 λυπῶν
1033 653 1154 706 εἰσὶν,
1186 655 1259 696 ἴνα
1290 652 1345 709 μὴ
1372 658 1473 697 πολ·
1501 652 1537 693 Β

93 718 216 771 λάκις
256 722 414 783 οἰηθῇς
456 719 504 762 ἐν
542 723 604 778 τῷ
641 720 826 773 παρόντι
871 719 986 763 οὕτω
1035 725 1167 764 τοῦτο
1217 722 1475 777 πεφυκέναι,

91 786 260 844 ἡδονὴν
301 787 381 844 μὲν
429 792 606 832 παῦλαν
648 788 788 846 λύπης
829 787 962 842 εἶναι,

1012 789 1155 845 λύπην
1208 790 1253 834 δὲ
1306 789 1475 847 ἡδονῆς.

94 859 198 899 Ποῦ
237 855 316 911 δὴ,
355 855 460 913 ἔφη,
501 857 576 900 καὶ
621 858 751 907 ποίας
791 856 948 912 λέγεις,·
992 859 1159 901 Πολλαὶ
1199 859 1297 914 μὲν,
1340 857 1475 912 εἷπον,

93 925 168 968 καὶ
198 924 347 977 ἄλλαι,
387 923 576 979 μάλιστα
605 924 649 968 δ’
679 928 715 969 εί
744 925 887 977 θέλεις
917 925 1125 982 ἐννοῆσαι
1158 926 1234 978 τας
1265 929 1365 983 περὶ
1395 927 1475 979 τιὶς

94 992 230 1049 ὀσμὰς
267 991 442 1050 ἡδονάς.

499 989 629 1036 αὗται
665 993 750 1049 γάρ
802 993 858 1038 οὐ
898 995 1228 1049 προλυπηθέντι
1266 996 1473 1052 ἐξαίφνης

93 1060 308 1118 ἀμήχανοι
346 1061 394 1105 τὸ
433 1060 617 1117 μέγεθος
654 1064 879 1119 γίγνονται
918 1061 1197 1117 παυσάμεναί
1244 1081 1288 1107 τε
1328 1065 1473 1122 λύπην

80 1129 306 1185 ,οὐδεμίαν
341 1132 692 1174 καταλείπουσιν.

755 1130 1047 1187 Ἀληθέστατα
1060 1163 1070 1183 ,
1108 1132 1203 1187 ἔφη.

1266 1132 1345 1190 ,Μή
1383 1134 1472 1187 ἄρα

91 1199 347 1254 πειθώμεθα
385 1199 592 1255 καθαράν
632 1197 799 1256 ἡδονὴν
839 1198 952 1243 εἶναι
989 1199 1070 1256 τήν
1101 1199 1243 1258 λύπης
1273 1201 1466 1245 ἄπαλλα-
1501 1203 1532 1245 C

63 1405 66 1407 Α
91 1365 288 1412 ἀγαπητὸν
309 1367 492 1411 γίγνεται
509 1363 654 1411 ἡσυχία.
687 1379 754 1414 quo

91 1416 166 1448 loco
202 1413 364 1447 articulus
396 1413 509 1457 paullo
543 1414 753 1455 insolentius,

91 1460 152 1493 sed
183 1470 249 1493 non
281 1460 353 1493 sine
385 1459 536 1504 exemplo
570 1461 633 1504 (cf.
659 1461 753 1494 Mat-

91 1505 184 1539 thiae
208 1517 348 1550 gramm.
384 1517 417 1549 p.
446 1507 524 1540 822.
548 1506 613 1550 ἱη.)
649 1507 751 1540 omis-

91 1563 148 1586 sus
173 1556 244 1593 est,
276 1563 375 1596 quem
408 1551 461 1584 hic
490 1563 624 1597 quoque
648 1553 750 1587 Vind.

90 1598 134 1632 E.
159 1598 251 1631 Flor.
275 1598 349 1631 AC.
374 1597 542 1631 omittunt.

137 1665 302 1721 γοητεία]
327 1662 489 1726 γοήτεια,
519 1678 539 1699 a
558 1665 752 1712 111.5.γοη’-

55 1722 58 1723 ’
88 1709 184 1756 vetti,
207 1712 302 1745 Mon.
325 1712 364 1746 B.

137 1779 316 1824 σημαίνει.
349 1777 437 1825 Ἰδε]
483 1780 662 1824 σημαίνηε
696 1780 751 1815 ἴδε

91 1827 191 1862 Vind.
226 1827 268 1860 Ε.
303 1829 349 1859 et‘
371 1838 391 1859 a
422 1838 465 1860 m.
498 1838 548 1871 pr.
585 1828 676 1860 Mon.
712 1828 750 1861 B.

92 1872 296 1916 (σημαίνειε
332 1871 387 1905 ἴδε
421 1873 528 1915 corr.)
570 1873 749 1916 σημαίνει,

93 1919 149 1952 ἴδε
171 1919 246 1952 Ald.
294 1917 346 1951 De
374 1918 562 1962 imperativi
595 1923 750 1962 accentu,

90 1976 190 2009 quem
214 1963 332 2008 reliqui
364 1965 426 1997 mei
456 1967 508 2005 et,
539 1968 578 1997 ut
600 1966 748 2007 videtur,

89 2010 296 2044 Bekkeriani
328 2013 364 2042 et
395 2010 582 2044 Florentini
616 2012 749 2045 codices

90 2068 164 2090 cum
198 2056 400 2089 editionibus
437 2059 515 2089 ante
547 2057 636 2091 Astii
680 2070 749 2093 sec.

89 2103 172 2137 item
204 2107 453 2145 paroxytonum
486 2103 666 2147 exhibent,
717 2116 749 2139 v.

91 2148 166 2182 Vol.
228 2159 295 2192 ..p
315 2146 394 2190 248,
416 2149 449 2182 b.

91 2213 353 2296 νεὲφηέΜέγώ]
383 2216 448 2295 ItBa
461 2216 547 2252 Lob.
582 2218 683 2252 Vind.
710 2219 748 2251 Ρ.

92 2273 186 2342 Filor.
198 2307 243 2341 U.
267 2273 456 2348 Βεῖἐῑῖετυε,
474 2260 749 2364 ΞὲίίυξΙίἮιῐοξῖ.

94 2357 131 2387 et
149 2353 270 2387 Stallb.
297 2351 390 2397 ἔφην
407 2350 447 2387 δ’
466 2351 533 2398 ἐγώ
553 2356 676 2400 reliqui
692 2368 750 2390 co-

93 2400 187 2433 dices
227 2404 264 2432 et
303 2399 384 2433 editi
419 2404 496 2433 ante
542 2402 750 2444 Bekkerum‚

93 2445 191 2522 quotxif
216 2445 442 2533 ztals3criptprllss
470 2458 533 2525 ulslu
564 2448 751 2528 abboffiens

94 2503 137 2572 {X
157 2503 391 2579 coir'igengxini
408 2504 641 2573 fuiszealiiineiss
659 2507 751 2584 ἰρξδι-

94 2594 169 2616 rum
191 2583 341 2625 indoles,
368 2587 439 2616 tum
469 2596 552 2618 velo
583 2586 683 2620 lind.
708 2587 751 2620 F.

92 2629 250 2663 diversae
271 2629 418 2663 familiae
449 2629 612 2676 adsciipti
635 2635 754 2666 aucto-—

91 2675 178 2709 ritas
203 2674 359 2708 evincit.

140 2719 291 2765 οἰηθῇς]
318 2718 456 2765 οἰηθὴς
480 2722 579 2757 Vind.
604 2723 645 2757 Ρ.
673 2723 753 2767 olq-

94 2766 177 2806 θεὶς
200 2767 280 2801 vat.
297 2766 342 2801 H.

140 2812 266 2856 τοῦτο]
293 2813 349 2846 Ita
372 2813 450 2847 Par.
464 2814 503 2846 A.
528 2814 628 2849 Vind.
645 2815 752 2850 ΒΕΡ.

95 2859 179 2894 Ven.
210 2859 249 2892 B.
280 2859 365 2904 Ang.
396 2859 436 2893 B.
471 2860 549 2894 vat.
581 2861 626 2896 H.
658 2863 754 2896 istud

810 1367 885 1401 Fic.
926 1366 1064 1402 τούτωι
1107 1369 1193 1403 Lob.
1236 1357 1358 1415 τούτῳ
1396 1369 1472 1403 Ald.

812 1415 891 1447 Bas.
916 1415 970 1448 ab.
996 1413 1117 1448 τούτω
1144 1415 1269 1460 leliqui
1293 1404 1369 1449 libri
1388 1415 1473 1449 scri-

810 1461 859 1505 pti
886 1473 958 1494 cum
985 1461 1095 1494 editis.
1131 1462 1244 1495 τοῦτο
1274 1463 1381 1502 hanc,
1406 1473 1474 1506 qua

809 1507 851 1540 de
876 1507 1002 1551 agitur,
1029 1519 1112 1549 rein,
1137 1509 1325 1552 voluptatis
1349 1512 1384 1541 et
1412 1509 1473 1541 ‹lo-

810 1553 890 1586 loris
915 1559 1081 1595 naturam,
1106 1554 1274 1598 designat.

856 1619 1007 1666 ήδονῆς.
1052 1623 1160 1666 Ποῦ]
1212 1620 1355 1666 ἡδονῆς
1395 1622 1474 1656 ποῦ

810 1668 885 1701 Ald.
919 1673 954 1700 et
986 1680 1061 1701 mox
1087 1667 1223 1712 λέγεις,
1249 1667 1382 1702 πολλαὶ
1407 1674 1473 1702 etc.

809 1714 948 1746 Ficinus
975 1715 1163 1748 Glauconis
1188 1716 1295 1748 verba
1323 1716 1371 1748 ita
1395 1715 1475 1747 red-

810 1760 911 1793 didit:
939 1762 1104 1802 Quorsum
1122 1774 1152 1793 a
1148 1761 1316 1804 epiciam?
1335 1761 1475 1794 ubinam

809 1808 898 1839 tales
925 1812 1004 1840 sunt
1031 1807 1251 1850 voluptates?
1283 1807 1380 1852 quasi
1408 1818 1474 1841 non

809 1852 885 1885 ποῦ
913 1850 982 1895 δὴ,
1007 1854 1066 1885 sed
1088 1856 1157 1886 ποῖ
1180 1853 1248 1887 ι”δω
1273 1853 1425 1898 legisset.

886 1895 974 1941 ἐἰ]
1001 1899 1060 1932 δεῖ
1082 1900 1181 1932 Vind.
1208 1900 1248 1933 F.

855 1962 985 2010 ὀσμὰς]
1010 1968 1087 2001 Hoc
1110 1979 1172 2013 pio
1196 1968 1296 2012 vaulg
1300 1971 1335 2001 to
1352 1964 1473 2010 ὅδμὰς

807 2013 925 2046 Astius
948 2014 1013 2047 iam
1039 2014 1071 2046 in
1097 2026 1147 2058 pr.
1173 2026 1214 2047 ex
1240 2014 1318 2048 Par.
1345 2014 1389 2048 K.
1415 2025 1472 2048 re-

809 2059 931 2092 stituit.
979 2061 1156 2093 Accedunt
1190 2059 1340 2094 Bekkeri
1382 2064 1417 2093 et
1450 2072 1472 2094 a

809 2116 862 2137 me
886 2105 999 2139 collati
1024 2106 1156 2139 codices
1176 2118 1304 2148 omnes,
1330 2106 1472 2140 Floren-

808 2151 952 2184 tinorum
979 2157 1103 2194 autem,
1134 2153 1223 2196 quod
1248 2153 1370 2194 miror,
1394 2158 1473 2186 tan-

810 2200 881 2230 tum
905 2197 983 2231 UV.
1040 2197 1096 2232 Cf.
1120 2198 1271 2231 Koenius
1295 2198 1338 2231 ad
1359 2178 1472 2241 ’Greg.

811 2243 895 2276 Cor.
929 2255 964 2288 p.
991 2244 1069 2278 589.
1121 2244 1251 2277 Phileb.
1285 2256 1319 2288 p.
1345 2245 1401 2279 51.
1426 2244 1472 2278 Ε.

810 2285 927 2331 ὀσμὰς
960 2290 1060 2335 vulgo
1094 2290 1168 2323 sine
1191 2289 1361 2323 varietate
1384 2290 1472 2334 legi-

807 2338 875 2370 tur.

854 2400 1059 2452 ἀμήχανοι]
1088 2400 1280 2446 α”ιιήχανον
1304 2404 1405 2439 Vind.
1429 2405 1475 2439 E.

856 2447 1050 2494 οὐδεμίαν]
1077 2447 1165 2483 οὐδὲ
1190 2450 1281 2493 μίαν
1304 2450 1404 2484 idem.

854 2515 1088 2571 πειθώμεθα
1107 2516 1302 2574 καθαρὰν-
1313 2516 1473 2564 ἡδονὴν]

809 2576 874 2597 om.
901 2567 987 2608 Ang.
1001 2565 1041 2597 B.
1066 2560 1211 2608 ἡδονὴν
1229 2577 1293 2599 om.
1320 2566 1416 2599 Vind.
1428 2566 1473 2600 E.

811 2612 920 2645 Vnum
945 2614 998 2643 est
1030 2610 1094 2643 hoc
1118 2621 1159 2643 ex
1183 2611 1296 2645 multis
1319 2612 1472 2656 particu-

810 2656 865 2689 lae
888 2653 936 2699 μή
974 2667 1049 2689 cum
1075 2658 1191 2700 prima
1220 2659 1368 2702 pluralis
1391 2669 1472 2691 con-

810 2702 952 2735 iunctivi
1007 2703 1199 2746 praesentis
1255 2707 1471 2738 constructae

811 2748 984 2792 exemplis.

855 2812 922 2860 τήν
958 2813 1097 2871 λύπης]
1133 2817 1200 2861 τῆς
1226 2820 1255 2853 λ.
1289 2817 1390 2852 Vind.
1424 2817 1468 2852 Ε.
1502 2812 1532 2854 C

810 2863 889 2896 Vat.
914 2863 962 2897 Μ.
987 2859 1057 2906 τήν
1073 2863 1140 2907 τῆς
1159 2864 1409 2898 2.F10r.RT.
