1764 3176
628 115 718 168 pag.
751 116 945 158 56-—67.
1106 107 1109 109 ’
1481 110 1535 154 67

309 229 442 268 sonad.
480 229 529 267 ad
567 229 700 268 Marini
727 229 770 270 V.
807 228 931 266 Procli
965 242 1002 279 p.
1035 227 1131 276 125,
1162 239 1230 264 nec
1261 227 1290 263 si
1323 226 1534 277 personalis

310 287 541 324 constructio
578 286 849 324 adiectivorum
891 282 1086 332 δυνατός,
1130 278 1350 331 ἀδύνατος,
1380 279 1534 336 ῥᾴδιος,

309 339 476 394 χαλεπός
517 343 630 380 verba
677 343 797 379 activa
842 342 994 379 retineri
1046 340 1280 390 patiebatur,
1329 340 1534 388 quidquam

309 411 445 437 causae
474 404 576 449 erat,
605 402 838 450 quapropter
867 398 958 435 haec
992 398 1248 445 accusativos,
1280 409 1376 445 quos
1407 408 1533 432 secum

305 455 508 506 haberent,
555 456 833 506 praedicativos
869 454 1116 492 abiicerent.“
1194 453 1314 497 Quam
1353 453 1534 489 rationem

308 511 445 550 nullam
485 525 570 550 esse
606 516 777 563 apparet.
847 512 981 561 Neque
1020 510 1117 548 enim
1157 510 1187 546 si
1223 511 1309 559 quid
1350 509 1534 546 eiusmodi

307 572 387 616 est,
427 572 469 606 ut
502 569 590 606 nihil
623 581 755 606 causae
785 568 900 605 fuisse
929 568 1121 616 videatur,
1159 579 1222 603 cur
1259 565 1330 603 dici
1360 578 1433 602 non
1465 579 1535 615 po-

308 625 443 673 tuerit,
479 625 566 662 ideo
611 630 649 662 et
689 625 858 675 potuisse
899 624 971 661 dici
1015 627 1053 661 et
1090 635 1130 660 re
1159 635 1249 660 vera
1281 623 1420 659 dictum
1450 634 1536 659 esse

310 681 549 719 statuendum
591 686 671 730 est,
709 693 830 730 neque
867 693 957 718 vero
1000 681 1109 717 deest
1148 692 1284 727 causa,
1322 691 1439 728 quare
1469 679 1535 715 tali

306 739 518 776 accusativo
551 737 653 776 locus
679 750 754 775 non
786 743 898 775 esset.
942 731 1158 784 Ἀδύνατος
1188 735 1385 773 dicebatur
1404 734 1535 784 facul-

308 796 398 831 tatis
429 807 579 844 expers,
620 795 721 832 cuius
759 794 945 831 facultatis
974 793 1079 830 notio
1111 793 1143 830 si
1171 792 1286 829 verbo
1316 792 1437 828 activo
1469 792 1537 827 ‹le-

306 851 527 899 finiebatur,
547 856 844 888 consentaneum
866 854 947 888 erat
969 854 1010 888 ut
1034 849 1193 887 actionis
1212 849 1419 886 subiectum
1438 848 1535 884 idem

309 907 399 944 illud
439 910 563 956 esset,
603 908 703 957 quod
740 907 917 945 facultate
954 910 1110 944 careret.
1170 906 1299 955 Itaque
1340 900 1539 951 ἀδύνατος

309 965 462 1003 παῦσαι
498 966 650 1015 proprie
688 969 726 1002 et
755 965 914 1014 primum
953 964 1146 1001 dicebatur
1162 961 1328 1011 finiendi
1345 961 1536 1010 facultate

309 1033 452 1059 carens.
510 1021 553 1056 Si
578 1033 668 1058 vero
694 1021 851 1058 facultas
874 1033 917 1058 ea
938 1019 1195 1069 cogitabatur,
1228 1031 1325 1068 quae
1350 1018 1537 1068 recipien-

307 1078 353 1114 tis
385 1090 451 1114 seu
481 1077 657 1127 patientis
688 1081 811 1126 esset,
853 1081 889 1114 et
918 1081 1040 1114 tamen
1069 1076 1221 1115 παῦσαι
1251 1071 1451 1121 ἀδύνατος
1479 1076 1537 1111 di-

309 1133 482 1180 cebatur,
525 1134 685 1171 actionis
724 1134 1001 1183 significatione
1040 1136 1184 1170 remota
1214 1131 1301 1170 nihil
1332 1132 1401 1169 nisi
1419 1133 1536 1180 finem

307 1191 462 1240 eogitari
487 1203 642 1228 necesse
667 1196 765 1240 erat,
793 1191 895 1227 cuius
917 1190 1021 1227 notio
1043 1191 1078 1226 in
1100 1186 1244 1228 παύειν
1270 1189 1401 1225 eadem
1423 1192 1537 1237 atque

307 1247 344 1284 in
374 1245 582 1287 παύεσθαι
611 1248 722 1288 inest.
781 1247 900 1285 Recte
930 1247 1043 1296 igitur
1072 1246 1348 1292 accusativum,
1385 1245 1448 1293 qui
1486 1245 1535 1281 ad

307 1308 482 1352 agentem
512 1303 671 1353 aliquem
702 1303 921 1341 referendus
952 1307 1076 1349 esset,
1114 1316 1193 1340 cum
1234 1302 1418 1339 eiusmodi
1453 1301 1536 1338 insi-

306 1361 424 1397 nitivo
450 1373 525 1398 non
554 1361 826 1398 coniunxerunt
851 1360 1002 1400 Graeci,
1078 1357 1163 1396 Non
1194 1361 1312 1408 magis
1342 1357 1537 1409 plausibile

306 1417 456 1454 videtur
484 1417 585 1466 quod
610 1417 707 1454 idem
728 1418 782 1453 vir
811 1417 943 1454 doctus
971 1417 1018 1453 de
1047 1416 1201 1465 vulgata
1227 1416 1413 1466 scriptura
1440 1415 1538 1451 iudi-

311 1477 391 1518 cat,
431 1485 505 1523 qua
547 1477 662 1522 negat
708 1486 786 1511 eam
834 1473 1097 1510 necessitatem
1139 1472 1342 1521 declarari,
1389 1472 1536 1522 qualem

309 1529 414 1566 Plato
435 1530 698 1580 proposuerit,
731 1530 832 1567 cuius
853 1530 1009 1567 maxime
1033 1530 1226 1580 proprium
1248 1528 1320 1566 hoc
1340 1529 1410 1576 sit,
1436 1529 1538 1579 quod

307 1598 330 1622 a
357 1585 457 1623 nulla
485 1586 698 1623 conditione
726 1586 911 1637 pendeat,
948 1586 1016 1623 sed
1046 1590 1178 1636 suapte
1207 1589 1340 1623 natura
1367 1586 1471 1622 firma
1502 1589 1538 1622 et

307 1642 503 1680 immobilis
531 1646 690 1682 constet.
748 1642 855 1680 Plato
894 1643 988 1680 enim
1026 1642 1321 1680 necessariarum
1353 1643 1538 1693 cupidita-

309 1703 386 1736 tum
409 1699 484 1737 duo
508 1711 647 1748 genera
668 1699 818 1747 statuit,
845 1712 978 1748 unum,
1007 1712 1101 1749 quas
1122 1702 1294 1737 avertere
1314 1712 1388 1736 non
1412 1699 1538 1750 possi-

311 1769 415 1804 mus,
444 1755 627 1805 alterum,
659 1767 755 1805 quae
786 1757 816 1793 si
847 1755 1089 1807 expleantur,
1128 1768 1197 1793 nos
1226 1756 1372 1803 iuvent,
1400 1756 1538 1806 priori-

311 1812 455 1862 busque
481 1816 640 1862 opponit
663 1825 755 1861 eas„
778 1825 871 1863 quas
896 1825 1029 1850 exuere
1052 1812 1135 1863 quis
1157 1813 1302 1863 possit,
1330 1813 1361 1850 si
1383 1825 1536 1862 operam

310 1870 375 1907 det
400 1881 423 1906 a
451 1869 614 1917 teneris,
647 1869 944 1919 posterioribus,
985 1882 1082 1919 quae
1111 1869 1320 1906 insidentes
1349 1869 1448 1906 nulla
1478 1882 1538 1905 ra-

308 1925 412 1963 tione
427 1925 566 1963 bonum
581 1925 754 1975 afferant,
769 1926 879 1963 immo
896 1926 1123 1964 contrarium
1144 1925 1359 1964 nonnullae.
1389 1924 1539 1963 Deinde

310 1981 480 2033 exemplo
506 1995 585 2020 rem
604 1982 794 2021 illustrans
814 1982 885 2021 cibi
913 1983 1153 2033 cupiditatem
1173 1986 1333 2032 utraque
1356 1982 1403 2019 de
1427 1995 1540 2020 causa

310 2040 563 2077 necessariam
592 2052 676 2078 esse
706 2040 837 2087 docet,
868 2040 956 2089 quia
976 2044 1014 2077 et
1039 2039 1138 2076 utilis
1163 2039 1211 2075 sit
1241 2043 1279 2076 et
1302 2039 1401 2076 vitae
1426 2039 1538 2076 finem

309 2095 445 2133 afferre
481 2096 613 2147 possit.
683 2096 824 2134 Horum
855 2097 890 2132 in
921 2095 1041 2133 altero
1072 2099 1250 2146 apparet,
1283 2095 1401 2145 qualis
1432 2097 1537 2146 eupi-

310 2153 408 2200 ditas
444 2153 494 2189 sit
530 2165 639 2202 quam
675 2156 844 2191 avertere
883 2164 958 2189 non
992 2152 1192 2203 possimus
1260 2151 1401 2189 Conari
1440 2153 1538 2190 enim

311 2221 512 2260 possumus
538 2214 576 2246 et
602 2208 697 2247 hanc
727 2213 767 2248 et
796 2209 958 2259 reliquas
989 2209 1222 2247 necessarias
1250 2213 1443 2254 avertere,
1474 2222 1539 2246 ve-

309 2278 392 2303 rum
433 2277 509 2303 non
548 2266 658 2304 aliter
695 2266 765 2303 nisi
803 2270 842 2303 ut
871 2266 1111 2306 intereamus.
1171 2266 1279 2310 Quae
1306 2266 1420 2314 igitur
1450 2266 1536 2302 talis

310 2334 394 2360 esse
424 2322 576 2368 dicitur,
605 2322 698 2373 quid
725 2322 824 2361 aliud
850 2334 959 2372 quam
989 2323 1105 2359 averti
1136 2334 1252 2372 posse
1282 2321 1468 2372 negatur‘.²

311 2380 410 2416 inter
444 2391 480 2417 v.
520 2379 571 2419 15
608 2383 645 2416 et
683 2377 736 2419 14
775 2391 796 2416 a
829 2380 855 2417 f.
896 2379 1061 2417 inseras:
1102 2374 1318 2431 ω’φέλειαν)
1359 2373 1537 2430 ω’φελιάν

313 2434 398 2472 Par.
430 2434 476 2472 A.
506 2434 580 2473 Dii.
609 2447 632 2472 a
658 2448 705 2474 m.
732 2448 790 2486 pr.

313 2512 363 2553 12
396 2526 430 2554 a,
457 2513 481 2549 f.
512 2517 602 2564 post
632 2513 721 2555 Par.
753 2514 799 2552 A.
827 2513 989 2551 inseras:
1020 2511 1080 2563 (αὶ
1110 2511 1147 2551 in
1180 2513 1290 2553 litura
1316 2512 1411 2567 Dii.)

314 2569 412 2605 inter
440 2582 473 2606 v.
503 2571 554 2612 12
585 2574 622 2607 et
654 2572 705 2611 11
733 2579 755 2609 a
784 2571 810 2608 f.
841 2571 1012 2607 inseras:
1043 2567 1288 2622 ἐδεσμάτων)
1320 2572 1422 2610 Inter
1452 2570 1468 2611 ε’
1501 2574 1537 2609 et

316 2625 339 2663 δ
368 2638 440 2662 una
470 2625 594 2664 littera
619 2627 744 2665 deleta
774 2630 831 2664 est
859 2627 894 2663 in
927 2624 1012 2664 Par.
1042 2626 1088 2668 A.
1114 2627 1198 2669 Dii..

316 2693 365 2731 11
398 2705 420 2730 a
446 2693 471 2730 f.
504 2698 590 2744 post
614 2692 644 2746 ἦ
668 2696 832 2733 inseras:
861 2693 945 2735 Par.
976 2693 1019 2730 A.
1046 2693 1120 2732 Dii.

41 2768 135 2818 Pag.
161 2771 230 2822 67⁷
256 2770 294 2818 b,
315 2774 401 2821 peri.
429 2775 517 2821 post
546 2771 635 2812 Par.
666 2773 712 2813 A.
741 2773 901 2810 inseras:
933 2772 1032 2824 (cum
1063 2790 1087 2813 α
1117 2787 1230 2825 super
1257 2772 1276 2813 ε’
1306 2779 1342 2811 et
1369 2789 1400 2815 ει
1426 2787 1539 2827 super

316 2840 334 2866 ε
357 2827 404 2865 ab
435 2829 568 2867 eadem
596 2841 706 2867 manu
736 2827 828 2879 Dii.)

1214 2893 1267 2933 5*
