1764 3176
430 192 767 237 CIVITAS
811 191 1069 234 LIB.V]]1.
1099 192 1167 231 546

1419 191 1474 231 15

89 308 293 363 πάρεισιν
331 303 520 357 αυτούς,
554 304 628 348 καὶ
657 302 919 360 γεννήσουσι
947 301 1108 353 παῖδας
1136 313 1242 344 ποτε
1271 297 1326 343 οὐ
1357 296 1473 342 δέον.

91 377 180 421 ε’στι
210 374 258 418 δὲ
286 374 394 431 θείῳ
433 374 513 430 μὲν
550 388 744 429 γεννητῳ
788 372 989 452 περίοδρς
1027 369 1083 426 ἢν
1123 367 1312 424 ἀριθμὸς
1351 382 1473 419 περι-

91 442 303 500 λαμβάνει
332 442 515 493 τέλειος,
550 441 812 496 ἀνθρωπείῳ
851 440 898 482 δὲ
934 438 982 481 ἐν
1022 440 1055 497 ᾧ
1085 438 1244 495 πρώτῳ
1276 433 1476 491 αὐξήσεις

92 511 336 566 δυνάμεναί
364 526 410 553 τε
438 511 512 554 καὶ
541 507 914 564 δυναστευόμεναι
938 511 1054 560 τρεῖς
1074 503 1353 555 ἀποστάσεις,
1384 503 1476 546 τέτ-

91 595 228 635 ταρας
261 579 308 622 δὲ
338 578 474 633 ὅρους
502 580 720 634 λαβοῦσαι
741 574 1020 633 ὁμοιούντων
1042 591 1086 632 τε
1116 575 1190 619 καὶ
1211 571 1475 628 ἀνομοιούν-

139 745 298 791 τέλειος]
353 746 550 790 Perfectum
584 746 750 791 quendam

93 795 127 828 in
150 794 293 828 Timaeo
317 805 452 838 quoque
474 804 647 826 numerum
671 792 749 825 Pla-

92 847 129 875 to
160 840 262 882 dicit,
300 850 333 883 p.
357 841 414 875 39.
440 839 490 872 D:
532 834 555 873 δ’
573 849 611 882 γε
630 836 752 877 τέλεος

95 883 262 944 ἀριθμὸς
316 882 452 929 χρόνον
510 882 578 919 τὸν
628 882 753 918 τέλεον

93 930 266 967 ἐνιαυτὸν
285 933 425 987 πληροῖ
438 928 536 974 τότε,
549 927 641 965 ὅταν
656 942 752 963 απα-

93 979 170 1014 σῶν
214 977 291 1011 τῶν
334 975 430 1011 ὀκτώ
476 975 662 1021 περιόδων
705 974 752 1009 τὰ

93 1021 188 1079 πρὸς
253 1019 391 1067 ἄλληλα
447 1021 754 1077 ξυμπερανθέντα

94 1083 188 1114 ταχη
211 1069 276 1115 σχῇ
295 1068 461 1125 κεφαλὴν
486 1070 541 1115 τῷ
569 1069 637 1103 τοῦ
665 1065 754 1102 ταῦ-

94 1118 163 1151 τοῦ
193 1116 257 1150 καὶ
294 1112 432 1170 ὁμοίως
464 1104 590 1154 ἰόντος
619 1112 753 1157 οἷναμε-

95 1160 287 1217 τρηθέντα
310 1159 442 1207 κύκλῳ.
484 1162 607 1206 quibus
648 1160 755 1205 expli-

95 1211 182 1243 catis
218 1208 358 1241 Proclus
390 1209 423 1241 in
458 1219 575 1240 comm.
610 1219 642 1251 p.
674 1209 755 1247 271,

95 1259 150 1292 11.
176 1255 262 1288 haec
286 1253 398 1287 addit:
424 1253 656 1307 προσκείσθω
675 1254 754 1291 τοῖς

94 1298 323 1356 εἰρημένοις,
358 1295 418 1334 ὅτι
447 1299 583 1333 τοῦτον
607 1296 675 1332 τὸν
699 1296 755 1331 τέ-

94 1350 190 1381 λειον
227 1343 394 1389 ἀριθμὸν
427 1342 569 1379 ἐκείνου
607 1344 676 1378 τοῦ
716 1341 755 1377 ἐν

94 1392 271 1450 Πολιτείᾳ
290 1390 488 1436 ρηθέντος,
516 1386 559 1431 ὃς
578 1388 647 1434 τὴν
662 1402 753 1424 παν-

93 1438 160 1479 τὸς
186 1438 253 1473 τοῦ
289 1437 402 1472 θείου
437 1437 616 1482 γεννητοῦ
655 1448 754 1480 περι-

95 1483 276 1531 λαμβάνει
296 1484 495 1540 περίοδον,
530 1480 678 1527 οἰητέον
703 1484 753 1526 (v.

94 1532 245 1566 additum
269 1534 322 1564 est
352 1528 412 1575 δε)
445 1528 662 1587 διαφέρειν,
694 1539 754 1572 με·

94 1575 294 1635 ρικαίτερον
319 1572 413 1611 ὄντα
436 1575 498 1610 καὶ
525 1587 652 1619 μονων
678 1575 754 1608 τῶν

94 1621 192 1660 ὀκτώ
231 1620 420 1665 περιόδων
455 1619 752 1655 ἁποκαταστατι-

94 1667 173 1705 κόν.
222 1666 360 1708 ἐκεῖνος
393 1666 464 1712 2619
499 1667 563 1701 καὶ
602 1667 678 1701 τῶν
716 1664 754 1700 ἐν

94 1719 176 1756 τοῖς
218 1712 399 1749 οἷπλανέσι
432 1711 610 1768 κινήσεων
649 1713 755 1747 ἰδίων

94 1761 157 1796 καὶ
190 1773 267 1795 των
294 1757 332 1794 ἐν
364 1760 478 1794 πᾶσιν
517 1756 645 1798 απλῶς
676 1761 756 1797 τοῖς

97 1820 136 1842 εν
147 1804 310 1864 οὐρανῷ
340 1803 574 1849 κινουμένοις
598 1802 756 1860 ἀφανῶς

95 1850 119 1898 ἢ
140 1850 316 1909 ἐμφανῶς
342 1853 464 1891 θείοις
480 1850 622 1908 γένεσιν
648 1847 672 1894 η’
688 1862 753 1905 με-

96 1898 144 1934 τὰ
160 1897 279 1938 θεοὺς
292 1924 301 1942 ,
325 1898 388 1932 καὶ
406 1898 482 1931 τῶν
514 1895 553 1931 ἐν
570 1899 651 1936 τοῖς
674 1907 750 1930 υπο

95 1943 251 1990 σελήνην
269 1941 612 1999 μακροπορωτέρων
627 1939 650 1986 ἢ
664 1942 753 1988 βρα-

94 1988 363 2049 χυπορωτέρων
378 1987 586 2048 περιόδων
623 1989 755 2032 φορῶν

96 2050 138 2073 τε
158 2037 221 2072 καὶ
247 2034 418 2094 ἀφοριων
447 2034 524 2069 ἐστὶ
545 2037 755 2079 περιληπτι-

97 2082 174 2124 κός.
221 2081 282 2118 διὸ
313 2082 378 2118 καὶ
414 2082 483 2116 τοῦ
514 2078 754 2135 ἀνθρωπείου

97 2128 229 2176 γένους
281 2129 349 2174 τῆς
399 2125 578 2172 περιόδου
627 2124 757 2171 κύριός

99 2175 187 2212 ἐστι.
234 2176 378 2209 Brevius
401 2175 509 2216 idem,
534 2173 626 2208 sed
616 2185 651 2207 ιιι
675 2185 757 2207 ean-

98 2223 175 2257 dem
198 2221 399 2256 sententiam
430 2224 466 2254 et
489 2200 532 2255 de
553 2220 670 2253 eodem
693 2220 758 2252 hoc

99 2273 218 2302 nostro
231 2268 404 2325 perfecto
433 2277 572 2300 numero
606 2278 642 2319 p.
675 2267 756 2307 256,

100 2316 157 2349 28.
180 2311 244 2347 καὶ
268 2310 292 2356 ἡ
318 2324 384 2356 μεν
401 2312 488 2367 μία,
522 2312 654 2367 inquit,
687 2311 756 2345 τοῦ

100 2357 238 2416 χρόνον
253 2357 373 2401 μονὰς
393 2355 486 2402 αὐτὴ
503 2355 642 2397 τέλειός
660 2354 756 2391 ἐστιν

101 2403 264 2451 ἀριθμὸς
288 2404 350 2439 καὶ
374 2402 569 2449 παντελης.
616 2404 759 2437 Scilicet

100 2453 294 2487 universum
342 2456 474 2496 tempus
531 2450 757 2494 complectens

99 2496 316 2533 terrestrium
342 2508 476 2542 quoque
507 2507 619 2530 rerum
644 2496 758 2541 perio-

101 2545 163 2578 dos
187 2543 285 2577 simul
313 2542 598 2587 comprehendere
629 2546 665 2575 et
694 2542 758 2575 hu-

101 2590 192 2625 mani
223 2588 360 2633 generis
396 2588 528 2633 periodi
565 2592 683 2622 auctor
722 2592 757 2621 et

102 2636 232 2670 arbiter
265 2633 374 2668 videri
415 2639 555 2679 poterat
597 2644 756 2667 numerus

102 2683 276 2728 perfectus
307 2680 376 2722 ita,
417 2685 455 2714 ut
495 2680 628 2725 periodi
666 2679 754 2713 istae

103 2739 218 2762 omnes
251 2726 359 2760 metiri
393 2725 504 2771 ipsum
533 2726 754 2770 fingerentur.

102 2774 226 2819 Neque
247 2772 348 2806 aliter
367 2772 511 2805 sensisse
530 2773 668 2806 videtur
693 2783 754 2805 au—

105 2823 180 2854 ctor
203 2818 321 2853 scholii
336 2829 359 2851 a
381 2818 580 2852 Ruhnkenio
605 2821 641 2851 et
662 2818 754 2852 Bek-

104 2866 189 2900 kero
209 2866 253 2901 ad
271 2861 414 2898 κύκλων
435 2860 641 2908 περιφορὰς
663 2864 754 2898 rela-

807 745 856 786 ti,
889 745 980 790 quod
1015 748 1109 778 certe
1141 741 1253 787 aptius
1286 739 1366 773 huic
1397 739 1472 773 loco

808 796 864 831 et,
890 791 957 825 nisi
983 791 1104 831 fallor,
1130 789 1180 822 sic
1201 786 1414 821 scribendum
1437 790 1473 819 et

806 817 1077 890 distinguendum
1091 840 1162 869 est·
1189 834 1223 868 εἰ
1246 830 1266 867 ὁ
1292 844 1370 871 πας
1389 829 1475 888 χρό-

808 895 874 922 νος
904 880 1045 921 αἰῶνός
1078 878 1193 925 (αἰών
1217 879 1373 922 Ruhnk.)
1399 875 1474 911 ἐστι

809 929 876 963 τοῦ
902 927 1046 967 παντὸς
1066 926 1196 968 εἰκὼν,
1223 924 1382 979 (λέγεται
1401 921 1474 968 γὰρ

809 975 873 1009 καὶ
912 976 974 1018 (id
998 976 1040 1009 R.
1067 975 1159 1017 om.)
1200 969 1218 1006 ὁ
1250 968 1344 1004 αἰων
1376 970 1474 1009 πᾶς·

811 1020 854 1055 τὸ
881 1033 946 1064 μεν
975 1020 1045 1055 ουν
1073 1017 1308 1071 παραδειῃμα
1333 1014 1401 1051 τὸν
1431 1011 1473 1049 ἅ·

811 1080 937 1101 παντα
966 1064 1086 1100 αἰῶνα
1119 1064 1220 1107 ἐστι.)
1261 1062 1397 1117 μέτρον
1431 1059 1471 1096 δ’

814 1111 833 1148 ὁ
861 1115 938 1154 πᾶς
965 1111 1079 1167 αἰών,
1111 1109 1264 1165 μέτρον
1278 1106 1356 1152 ἄρα
1388 1111 1472 1164 ςοιιις

812 1161 874 1204 R.)
919 1159 982 1194 καὶ
1022 1155 1040 1192 ὁ
1079 1157 1153 1197 πᾶς
1198 1153 1349 1210 χρόνος.
1382 1150 1471 1188 αλλ’

811 1203 963 1249 (χρόνος
989 1201 1137 1246 ἄλλοις,
1164 1204 1244 1255 R.)
1263 1198 1282 1235 ὁ
1312 1197 1378 1244 μὲν
1394 1201 1473 1255 τῆς

812 1252 882 1285 τοῦ
915 1251 1053 1294 νοητοῦ
1075 1250 1184 1303 ζῳῆς
1199 1245 1356 1291 μέτρον,
1384 1243 1402 1280 ὁ
1431 1243 1473 1281 δε

811 1298 880 1351 τῆς
902 1297 1013 1332 τοῦδε
1042 1297 1111 1330 τοῦ
1141 1293 1280 1351 κόσμου
1305 1272 1470 1336 §tofis-‚6

811 1341 955 1387 χρόνος.
981 1342 1044 1376 καὶ
1061 1343 1116 1386 εἴη
1137 1337 1184 1375 ἂν
1202 1341 1268 1384 τῆς
1284 1339 1360 1373 τῶν
1384 1338 1472 1382 (τοῦ

811 1390 895 1444 R.)
901 1388 940 1424 ἐν
962 1387 1072 1446 αὐτῷ
1091 1386 1243 1422 πάντων
1265 1383 1474 1427 οἷσωμοίτων

811 1433 988 1480 κινήσεως
1014 1434 1076 1469 καὶ
1103 1433 1319 1477 σωματικῶν
1340 1441 1473 1466 πασων

811 1486 894 1525 (om.
927 1483 972 1516 R.
1006 1482 1126 1526 supple
1154 1465 1382 1532 κινήσεων)
1396 1489 1472 1511 κοι-

810 1529 879 1572 νῆς
912 1523 1316 1563 συναποκαταστάσεως
1336 1521 1474 1568 μέτρον

811 1572 1008 1617 παντελες,
1047 1569 1066 1608 ὃ
1095 1571 1139 1617 δὴ
1173 1568 1350 1608 πολλάκις
1369 1581 1471 1604 συνε·

812 1618 1026 1662 λισσόμενον
1064 1620 1223 1674 (συνειλ.
1255 1617 1327 1659 R.)
1373 1617 1475 1650 ποιεῖ

811 1664 880 1701 τὸν
898 1664 1052 1709 ἄπειρον
1073 1663 1219 1709 χρόνον.
1246 1664 1372 1704 Verba,
1397 1662 1474 1707 qui-

811 1713 875 1746 bus
909 1713 1151 1757 parentheseos
1195 1710 1293 1753 signa
1331 1709 1475 1742 circum-

812 1759 986 1799 dedimus,
1032 1758 1153 1791 αἰωνα
1183 1766 1317 1808 quoque
1347 1752 1474 1788 πάντα

811 1805 878 1838 dici
932 1805 1082 1838 Platonis
1126 1801 1336 1837 auctoritate
1381 1801 1473 1834 Tim.

811 1863 841 1895 Ρ
868 1852 924 1885 38.
950 1850 990 1883 C.
1023 1848 1065 1884 τὸ
1088 1847 1324 1893 παραδειγμα
1346 1844 1473 1880 πάντα

811 1896 932 1930 αἰῶνα
959 1893 1056 1930 εἶναι
1087 1895 1234 1929 dicentis
1261 1893 1473 1927 confirmant.

855 1951 1004 2000 πρώτῳ]
1033 1953 1185 1997 πρῶτον
1205 1952 1305 1986 Vind.
1324 1953 1368 1986 F.
1393 1956 1473 1986 ante

811 2011 1051 2090 Οοῖῧξήσεις]
1080 2042 1232 2089 αὐξήσει
1255 2045 1347 2079 Μοιι.
1371 2045 1413 2079 Β.

859 2101 1107 2146 ἀποστάσεις]
1134 2103 1188 2136 Ita
1213 2103 1292 2137 Par.
1318 2105 1358 2136 Α.
1384 2102 1469 2136 Lob.

812 2150 914 2184 Vind.
939 2150 1044 2183 BEF.
1071 2150 1149 2182 Vat.
1170 2149 1283 2182 BHM.
1302 2148 1470 2183 Ven.BC.

811 2197 898 2240 Ang.
910 2196 948 2229 B.
970 2196 1064 2229 Flor.
1088 2195 1260 2229 ACRTV.
1292 2195 1470 2228 Bekkerus

814 2247 850 2276 et
873 2241 1128 2276 Stallbaumlus.
1176 2242 1216 2274 In
1240 2240 1379 2284 reliquis
1399 2240 1472 2274 edi-

812 2289 962 2322 tionibus
985 2292 1024 2321 ut
1047 2287 1082 2320 in
1107 2287 1199 2320 Mon.
1235 2288 1275 2320 B.
1308 2286 1404 2320 Flor.
1426 2286 1470 2320 U.

814 2331 1131 2372 ἀποκαταστάσεις
1178 2333 1324 2376 legitur,
1381 2332 1472 2377 quod

813 2381 991 2414 Bekkerus
1006 2380 1138 2413 silentio
1157 2378 1389 2424 praetermisit
1411 2391 1472 2412 ne-

814 2439 880 2472 que
911 2426 955 2459 de
990 2426 1082 2460 Mon.
1116 2426 1157 2458 B.
1190 2426 1269 2458 Par.
1305 2424 1383 2458 DK.
1428 2425 1473 2458 de.

814 2485 880 2518 quo
906 2472 1006 2506 etiam
1023 2471 1199 2516 Bipontini
1219 2474 1352 2513 tacent,
1377 2471 1474 2516 quic—

813 2530 915 2576 quam
964 2517 1187 2561 significavit.
1234 2517 1295 2550 sed
1340 2521 1473 2551 tantum

814 2562 1040 2603 α’ποστάσεις
1082 2575 1124 2596 ex
1156 2563 1223 2596 illis
1262 2566 1340 2596 octo
1374 2563 1474 2609 quasi

813 2612 1061 2654 discrepantem
1086 2621 1106 2643 a
1126 2620 1187 2642 sua
1215 2609 1392 2642 lectionem
1416 2621 1472 2642 re-

811 2657 899 2690 tulit.
947 2655 1022 2689 Nec
1063 2655 1244 2689 defuerunt
1283 2654 1343 2700 qui
1378 2652 1471 2689 α’πο-

809 2711 1054 2740 καταστασεις
1077 2703 1304 2746 praeferrent,
1335 2713 1403 2746 qua
1428 2701 1471 2736 de

809 2761 848 2783 re
872 2749 907 2782 in
934 2748 1106 2793 prooemio
1127 2747 1336 2793 disputatum
1361 2750 1424 2781 est.

857 2813 1163 2870 ανομοιοῦντων]
1210 2811 1470 2858 οἷνομιούντων

810 2863 911 2897 Vind.
936 2862 979 2896 Ε.
1001 2859 1322 2905 οἷνομοιοιοιίντων
1346 2862 1422 2898 Ald.
