1764 3176
245 324 276 366 C

255 1772 288 1816 C

308 75 391 114 1⁰2

763 70 1237 113 PLATONIS

306 184 366 233 είς
417 180 497 237 τὴν
553 182 775 225 πολιτείαν
821 179 876 226 οὔ
929 180 1260 238 παραδεξόμεθα
1307 180 1382 224 ἅτε
1427 181 1686 236 τυραννίδος

305 248 517 306 ὑμνητάς.

305 335 352 375 γε
392 316 541 361 αὐτῶν
572 318 750 372 κομψοί.

578 246 710 304 Οἶμαι
748 247 1036 307 ἔγωγ’,ἔφψ
1077 249 1476 306 ξυγγιγνοόσκουσιν
1503 247 1684 301 ὅσοιπέρ

809 319 888 368 Εἰς
927 317 972 361 δέ
1011 334 1080 373 γε,
1123 317 1264 374 οἶμαι,
1302 317 1379 369 τάς
1409 316 1541 368 ἄλλας
1569 333 1686 370 περι-

309 385 449 436 ιόντες
484 384 655 436 πόλεις,
704 385 981 440 ξυλλέγοντες
1023 386 1128 437 τούς
1166 386 1323 442 ὄχλους
1361 385 1498 437 καλάς
1534 384 1689 441 φωνὰς

305 454 381 498 καὶ
409 451 597 509 μεγάλας
634 452 709 496 καὶ
736 452 931 504 πιθανὰς
960 455 1309 510 μισθωσάμενοι,
1339 456 1399 505 εἰς
1426 455 1691 507 τυραννίδας

307 538 353 566 τε
391 521 465 565 καὶ
505 522 800 578 δημοκρατίας
836 521 1014 565 ἕλκουσι
1050 522 1127 574 τάς
1163 523 1391 573 πολιτείας.

1460 520 1597 564 Μάλα
1626 536 1689 576 γε.

315 589 495 634 Ου’κοῦν
531 588 606 633 καὶ
644 588 824 642 προσέτι
865 589 1036 633 τούτων
1075 591 1265 646 μισθούς
1303 588 1579 647 λαμβάνουσι
1618 588 1693 632 καὶ

308 662 531 715 τιμῶνται,
565 655 753 712 μάλιστα
782 656 874 711 μὲν,
907 657 1050 714 ὥσπερ
1080 659 1129 703 τό
1162 658 1295 711 εἰκὸς,
1325 657 1413 701 ὑπὸ
1446 656 1692 712 τυράννων,

311 726 517 780 δεύτερον
548 725 593 768 δὲ
622 724 710 768 ὑπὸ
747 727 1059 781 δημοκρατίας·
1099 726 1188 784 ὅσῳ
1218 726 1259 770 δ’
1294 725 1349 769 ἂν
1380 725 1584 780 ἀνωτέρω
1615 727 1692 768 ἰ’ω-

247 795 286 836 D
314 807 358 839 σι
396 793 506 849 πρὸς
536 792 585 836 τὸ
618 792 799 845 ἄναντες
831 797 920 837 τῶν
951 798 1202 848 πολιτειῶν,
1237 797 1405 849 μᾶλλον
1433 792 1694 850 ἀπαγορεύει

1103 859 1116 872 .

354 937 660 985 παραδεξόμεθα]
673 942 888 976 admittimus
896 942 972 976 Fic.

307 989 447 1031 „Quum
482 988 666 1031 praecedat
708 986 973 1044 συγγινώσκου-

309 1045 379 1078 σιν,
407 1034 621 1067 scribendum
649 1046 723 1067 esse
747 1035 822 1068 dico
848 1030 906 1069 ὅτι
927 1031 972 1068 ου’

308 1078 614 1123 παραδεχόμεθα.
628 1082 651 1099 “
696 1081 814 1125 Steph.
856 1087 972 1114 annot.

309 1139 343 1172 p.
363 1129 419 1162 26.
470 1126 604 1159 Civitas
639 1127 715 1171 ipsa
745 1127 890 1160 nondum
914 1138 974 1160 ex-

309 1173 418 1214 stitit,
444 1172 503 1205 sed
535 1172 667 1206 veniam
703 1172 770 1206 iam
793 1185 882 1207 nunc
907 1173 975 1207 sibi

309 1219 384 1252 dari
412 1223 530 1263 sperat
554 1219 728 1252 Socrates.

356 1273 491 1320 ἔγωγ’]
517 1287 582 1308 om.
609 1276 686 1312 Vat.
710 1277 756 1310 H.

357 1331 698 1377 ξυγμγνιόσκουσιν]
724 1345 811 1377 συγ,
814 1344 858 1367 ιν
882 1332 976 1367 Μοη.

312 1381 352 1413 Β.
379 1380 455 1413 Ald.
490 1379 570 1413 Bas.
605 1381 659 1414 ab.
693 1380 814 1426 Steph.
841 1379 975 1423 ξυγγιν.

313 1425 412 1460 Vind.
438 1425 512 1459 ΒΕ.
537 1425 556 1467 ξ
580 1426 759 1459 Bekkerus
788 1438 850 1469 pro
877 1436 897 1459 σ
921 1438 978 1459 se-

314 1471 457 1505 cundum
483 1472 561 1505 Par.
576 1473 616 1505 A.
645 1473 723 1506 Vat.
751 1472 865 1506 BHM.
890 1474 976 1506 V.en

312 1518 388 1552 BC.
432 1518 529 1551 Vind.
555 1519 595 1551 B.
627 1519 714 1562 Ang.
742 1519 784 1552 Β.
819 1518 978 1562 ξυγγιγν.

313 1563 559 1597 Stallbaumius
629 1565 813 1598 secundum
884 1565 978 1600 Flor.

313 1610 453 1643 ACRV.
498 1609 663 1644 exhibuit.
711 1611 807 1644 Idem
853 1608 908 1644 est
945 1611 980 1644 in

313 1656 399 1689 Lob.
424 1656 521 1690 Vind.
540 1657 584 1690 F.

361 1709 515 1757 ὅσοιπέρ
544 1714 605 1757 γε]
632 1709 716 1748 ὅσοι
738 1712 834 1747 Flor.
857 1713 903 1747 Τ.

363 1770 514 1812 κομψοί.
541 1771 622 1815 Εἰς]
652 1771 802 1814 κομψοί.
830 1770 882 1810 εἰς
908 1770 983 1805 Ald.

316 1816 478 1858 κομψοί·
505 1816 557 1856 εἰς
582 1818 702 1861 Steph.
746 1817 813 1850 Pro
841 1816 985 1860 κομψοί

316 1861 460 1895 Ficinus
483 1864 707 1905 facundiores
731 1862 855 1908 posuit.

363 1917 596 1965 περιιόντες]
621 1919 706 1963 περὶ
731 1918 852 1958 ἰόντες
883 1919 984 1954 Vind.

318 1966 361 1999 E.
387 1963 579 2009 περιόντες
606 1967 704 2000 Vind.
729 1966 773 1999 F.
797 1967 884 2009 Aug.
910 1967 950 1999 B.

365 2020 670 2068 μισθωσάμενοι]
710 2022 986 2067 μισθοσοὶμενοι

320 2069 420 2102 Vind.
447 2070 491 2103 E.

367 2126 618 2170 δημοκρατίας
631 2125 644 2170 ]

320 2173 406 2217 Ang.
432 2174 471 2207 B.

367 2228 533 2275 προσέτι]
559 2228 693 2275 πρόστι
715 2230 815 2266 Vind.
840 2230 886 2264 F.

366 2285 442 2323 ’ὑπὸ
478 2288 749 2344 δημοκρατίας·
759 2289 772 2333 ]
822 2284 985 2332 υποδημ.

321 2334 422 2367 vind.
442 2335 484 2369 E.
509 2332 587 2369 υπὸ
615 2335 886 2378 δημοκρατίας;
905 2335 984 2368 Bas.

321 2381 377 2414 ab.
405 2385 439 2413 et
464 2382 603 2422 Astius‚
628 2381 686 2426 qui
719 2381 754 2414 in
777 2385 858 2415 tert.
883 2380 986 2414 etiam

321 2426 365 2460 ad
400 2425 632 2470 πορεύεσθαι
674 2426 917 2480 interrogandi
939 2427 987 2460 si-

323 2484 425 2516 gnum
459 2474 585 2507 adiecit
617 2485 737 2526 parum
769 2479 883 2518 aptum
906 2471 987 2505 illud

322 2521 402 2563 post
439 2520 739 2563 comparationem.
809 2519 922 2559 Quam
959 2518 988 2552 si

324 2575 400 2611 cnm
417 2564 643 2599 affirmatione
661 2565 913 2610 pronuntiatam
932 2576 988 2598 es-

324 2622 363 2643 se
394 2611 603 2654 probabilius
636 2615 709 2653 est,
733 2612 818 2645 haec
842 2622 988 2664 quoque,

324 2655 450 2701 quippe
473 2656 582 2690 artius
613 2657 793 2691 coniuncta
814 2657 988 2704 sequenti-

324 2702 402 2743 bus,
427 2703 499 2736 colo
523 2703 650 2748 potius,
669 2715 771 2748 quam
794 2703 989 2748 interroga-

325 2748 426 2782 tionis
450 2752 532 2783 nota
558 2752 637 2792 aut,
668 2761 735 2795 quo
768 2749 891 2796 reliqui
913 2749 988 2784 edi-

732 2126 986 2171 δημοκρατίαν

1028 946 1122 977 tores
1144 943 1198 978 usi
1222 947 1312 985 sunt,
1331 945 1457 987 puncto
1482 942 1694 986 distinguen-

1029 989 1073 1022 da
1106 990 1275 1023 videntur.
1333 992 1447 1034 Atque
1489 989 1578 1022 haud
1611 987 1696 1029 scio,

1030 1047 1073 1068 an
1110 1036 1192 1068 illud
1228 1033 1368 1069 ου’κοῦν
1400 1035 1464 1068 hoc
1500 1034 1574 1069 loco
1599 1033 1696 1076 nihil,

1029 1081 1092 1114 nisi
1117 1081 1364 1115 conclusionem
1388 1080 1568 1125 significet.

1077 1136 1275 1182 ἀνωτέρω]
1305 1136 1480 1184 οἷνωτέρῳ
1511 1137 1590 1171 Ald.
1638 1137 1696 1171 Cf.

1031 1184 1106 1219 Vol.
1132 1185 1177 1217 II.
1204 1197 1238 1228 p.
1257 1185 1338 1226 246,
1363 1197 1395 1218 a.

1080 1241 1182 1286 ἴωσι]
1211 1241 1289 1275 ἴασι
1315 1241 1415 1274 Vind.
1443 1240 1485 1274 Ε.

1077 1297 1179 1342 τιμὴ]
1205 1296 1290 1341 τιμὴ
1324 1295 1347 1341 ἦ
1373 1298 1450 1331 Par.
1478 1298 1519 1330 A.
1543 1297 1629 1338 Ang.
1653 1297 1694 1330 Β.
1723 1287 1763 1329 D

1031 1342 1298 1425 Ϊμῖγέζέῐὶγῖἰῃᾶ.
1323 1344 1398 1378 ΒΕ.
1423 1345 1503 1379 Vat.
1526 1343 1571 1376 H.
1600 1338 1631 1376 F
1634 1343 1696 1376 lor.

1032 1495 1061 1529 B
1080 1443 1300 1492 ἄσθματος]
1362 1445 1546 1489 ἴσθματος

1065 1507 1113 1529 35.
1135 1506 1165 1528 a.

1080 1547 1324 1594 πορεύεσθαι]
1335 1547 1589 1592 πορεύενσθαι
1599 1548 1699 1582 Vind.

1035 1596 1079 1631 E.
1103 1595 1366 1640 πορεύσασθαι
1390 1596 1475 1629 Lob.
1501 1596 1580 1630 Vat.
1603 1595 1654 1628 M.

1083 1650 1143 1697 λέᾹ
1137 1655 1255 1697 ωμεν]
1282 1651 1431 1697 λέγομεν
1451 1653 1700 1687 Vat.H.F10r.

1038 1699 1142 1734 ACV.
1190 1700 1230 1732 In
1254 1700 1327 1734 Pal.
1353 1702 1392 1732 A.
1417 1700 1502 1732 haec
1525 1710 1633 1743 usque
1657 1699 1703 1731 ad

1038 1744 1230 1788 τυραννὶς
1246 1745 1302 1789 εἴη
1335 1757 1368 1790 p.
1394 1746 1471 1779 569.
1494 1746 1534 1778 B.
1566 1746 1615 1778 ita
1640 1744 1702 1778 de-

1040 1796 1176 1825 curtata
1212 1796 1312 1824 sunt:
1352 1790 1544 1846 θρέψεται
1577 1787 1617 1824 δε
1656 1787 1700 1824 τὸ

1041 1835 1294 1891 στρατόπεδον
1337 1835 1413 1870 ἀπὸ
1469 1837 1546 1870 τῶν
1590 1835 1703 1890 ιερῶν

1040 1881 1235 1939 χρημάτων
1257 1883 1333 1916 τῶν
1352 1880 1391 1916 ἐν
1407 1883 1450 1927 τῇ
1470 1881 1588 1917 πόλει.
1608 1879 1702 1916 ὅταν

1042 1927 1080 1963 δὲ
1106 1929 1228 1963 ταῦτα
1259 1927 1445 1973 ἐπιλείπῃ,
1472 1927 1509 1962 ἐκ
1534 1929 1608 1961 τῶν
1633 1940 1703 1961 πα-

1040 1973 1169 2030 τριόων
1184 1974 1388 2031 θρέψεται.
1413 1972 1551 2029 θρέψει
1575 1970 1613 2007 δ’
1635 1971 1704 2008 αὔ-

1040 2019 1110 2055 τὸν
1133 2020 1195 2054 καὶ
1219 2019 1310 2060 τοὺς
1326 2018 1504 2075 εταίρους
1531 2016 1549 2054 ὁ
1576 2017 1703 2075 γεννή-

1042 2077 1108 2106 σας
1136 2067 1264 2110 δῆμος.
1297 2063 1363 2100 ἐὰν
1394 2064 1433 2114 δὲ
1463 2063 1674 2121 ἀγανακτῇ
1682 2062 1701 2100 ὁ

1041 2113 1171 2156 δῆμος,
1191 2110 1361 2155 τολιιήσει
1387 2108 1406 2146 ὁ
1433 2110 1616 2154 τύραννος
1636 2109 1705 2146 τὸν

1039 2157 1185 2215 πατέρα
1223 2157 1434 2213 βιάζεσθαι
1454 2157 1516 2191 καὶ
1539 2156 1704 2200 τύπτειν,

1040 2217 1090 2238 αν
1113 2203 1161 2259 μὴ
1186 2205 1385 2249 πείθηται,
1411 2201 1642 2249 αφελόμενός
1665 2215 1705 2248 γε

1039 2249 1089 2285 τὰ
1115 2247 1224 2285 ὅπλα.

1618 1445 1695 1480 Ald.

1090 2318 1368 2363 στρατόπεδον]
1394 2319 1470 2353 Hoc
1493 2318 1626 2365 pariter
1650 2322 1704 2352 at-

1043 2378 1110 2412 que
1134 2366 1211 2407 illo,
1245 2366 1334 2410 quod
1363 2366 1400 2399 L.
1426 2366 1471 2399 II.
1496 2378 1528 2410 p.
1553 2367 1633 2400 373.
1658 2365 1702 2398 E.

1043 2413 1189 2454 dicitur,
1211 2413 1263 2445 uti
1293 2415 1433 2457 poterat
1456 2412 1706 2445 Antiatticistes

1042 2459 1196 2504 p.113‚
1235 2460 1288 2493 17.
1325 2455 1580 2501 στρατόπεδον
1620 2454 1706 2490 ἀντὶ

1044 2505 1113 2538 τοῦ
1139 2502 1414 2547 στρατεύματος
1438 2506 1481 2538 ab
1507 2503 1631 2537 Atticis
1653 2503 1705 2536 di-

1045 2551 1077 2584 ci
1100 2550 1308 2593 Thucydidis
1341 2556 1377 2584 et
1399 2550 1563 2585 Isocratis
1586 2555 1705 2583 aucto-

1043 2597 1149 2631 ritate
1177 2598 1336 2642 probans.

1089 2651 1184 2688 πολὺ
1211 2653 1273 2688 καὶ
1297 2653 1480 2697 ποικίλον]
1505 2649 1601 2686 πολὺ
1624 2663 1705 2686 ποι-

1043 2701 1145 2735 κίλον
1162 2702 1247 2745 Ang.
1260 2702 1300 2734 B.
1325 2698 1589 2734 πολυποίκιλον
1605 2697 1704 2731 Vind.

1043 2747 1087 2783 F.
1112 2747 1204 2781 Flor.
1223 2748 1266 2781 R.
1292 2759 1392 2793 quem
1411 2743 1654 2780 Stanbaumius
1671 2744 1705 2777 in
