1764 3176
444 186 781 230 CIVITAS
826 185 1124 230 LIB.X.617
1379 189 1464 230 285

82 297 302 354 ἄτρακτον
343 295 450 342 ὅλον
484 297 564 354 μὲν
602 296 683 354 τὴν
721 294 860 352 αὐτὴν
899 294 1072 352 φορὰν,
1113 296 1160 340 ἐν
1198 295 1245 339 δὲ
1284 299 1345 354 τῷ
1375 295 1464 354 ὅλῳ

80 365 412 423 περιφερομένῳ
449 365 556 417 τούς
585 365 665 422 μὲν
702 364 824 416 ἐντός
855 363 960 408 ἑπτὰ
996 362 1185 416 κύκλους
1224 363 1305 420 τήν
1334 363 1465 407 ἐναν-

80 436 180 479 τίαν
227 437 290 490 τῷ
335 433 423 492 ὅλῳ
479 433 620 491 ἠρέμα
667 432 1004 488 περιφέρεσθαι,
1077 431 1226 475 αὐτῶν
1275 433 1321 476 δὲ
1369 431 1467 476 τού-

80 518 168 545 των
212 500 388 557 τάχιστα
445 501 525 556 μὲν
583 501 695 545 ἰέναι
751 500 829 544 τὸν
885 499 1072 553 ὄγδοον,
1127 499 1358 555 δευτέρους
1416 501 1462 544 δὲ
1491 506 1528 547 Β

80 570 153 614 καὶ
201 569 290 626 ἅμα
341 567 544 625 ἀλλήλοις
592 568 671 612 τόν
722 586 767 613 τε
834 569 1025 624 ἕβδομον
1083 568 1157 610 καὶ
1212 568 1339 611 ἕκτον
1394 570 1469 613 καὶ

80 635 299 692 πέμπτον,
335 635 416 680 τὸν
459 637 607 691 τρίτον
655 637 701 680 δὲ
743 640 864 693 φορᾷ
911 635 1040 686 ἰέναι,
1092 635 1151 687 ὥς
1195 637 1319 691 σφίσι
1367 640 1469 692 φαί-

79 710 256 757 νεσθαι,
296 704 745 760 ἐπανακυκλούμενον
786 704 867 748 τόν
905 704 1137 757 τέταρτον,
1178 704 1387 758 τέταρτον
1420 705 1468 749 δὲ

77 774 156 817 τὸν
200 773 348 828 τρίτον
401 774 477 817 καὶ
515 772 712 829 πέμπτον
767 772 847 817 τὸν
895 770 1113 825 δεύτερον.
1203 772 1470 828 στρέφεσθαι

80 841 127 885 δὲ
165 840 302 885 αὐτὸν
342 840 389 884 ἐν
425 846 517 893 τοῖς
559 846 637 899 τῆς
672 840 882 898 Ἀνάγκης
919 839 1117 895 γόνασιν.
1179 839 1247 884 ἐπὶ
1290 841 1336 885 δὲ
1378 845 1467 884 τῶν

79 909 253 954 κύκλων
283 907 425 953 αὐτοῦ
463 908 640 954 ἄνωθεν
675 908 752 967 ,ἐφ’
786 909 970 954 ἑκάστου
1009 907 1241 965 βεβηκέναι
1271 911 1469 966 Σειρῆνα

80 1070 218 1106 τοῦτον
249 1071 336 1105 Lob.
371 1071 473 1108 Vind.
495 1072 570 1106 ΒΕ.
604 1072 676 1107 Pal.
702 1073 742 1107 A.

80 1118 160 1154 Vat.
183 1117 268 1151 HM.
294 1122 439 1152 etam.
465 1129 516 1163 pr.
541 1120 583 1154 B.

129 1159 279 1219 ὄγδοον]
309 1159 422 1208 όγδον
449 1164 526 1197 Ald.

123 1208 188 1243 καὶ
213 1206 312 1253 ἅμα]
350 1209 413 1244 καὶ
446 1222 510 1244 om
536 1210 622 1245 Lob.
647 1211 740 1245 Mon.

78 1256 120 1289 B.
145 1255 224 1290 vat.
242 1256 321 1289 ΒΜ
346 1257 426 1294 Par
439 1256 514 1290 ΒΚ.
541 1268 610 1291 sec.
629 1257 740 1291 Bekk.

79 1302 171 1336 Fior.
192 1302 236 1335 U.
262 1301 339 1336 Fic.

124 1346 186 1381 και
219 1344 345 1392 ἕκτον]
388 1360 454 1382 om.
488 1348 588 1382 Vind.
618 1338 661 1382 Ε.
696 1368 741 1374 -—

77 1393 218 1427 Procius
251 1393 287 1426 in
311 1394 402 1428 Tim.
427 1406 462 1439 p.
491 1396 572 1436 222,
595 1397 636 1430 2:
663 1392 740 1428 ἰσό-

79 1440 211 1496 δρομοι
232 1436 299 1482 μὲν
322 1438 392 1494 76:¹9
418 1439 455 1474 οὶ
478 1443 587 1495 τρεῖς,
610 1453 661 1480 ως
678 1439 741 1474 καὶ

79 1482 120 1519 ἐν
139 1484 314 1518 Πολιτεία
333 1484 508 1542 λέλεκται,
516 1482 654 1526 ‘,'H.z.09
665 1483 741 1529 Ερ

78 1531 174 1586 μῆς,
195 1520 411 1586 Ἀφροδίτη,
441 1529 615 1586 α’νόμοιοι
641 1530 679 1566 δὲ
706 1532 742 1566 οἱ

79 1575 261 1631 τέτταρες,
266 1576 428 1630 Σελήνη,
447 1575 605 1633 Κρόνος,
623 1575 742 1622 Ἀρης,

85 1620 196 1662 Ζεύς·
221 1635 358 1662 παντες
382 1623 421 1658 δὲ
449 1621 550 1679 ὅμως
577 1622 615 1658 ἐν
646 1623 741 1681 λόγῳ

81 1666 262 1712 φέρονται
285 1667 380 1713 πρός
411 1681 449 1704 τε
476 1667 656 1714 ἀλλήλους
680 1669 743 1704 καὶ

80 1713 123 1748 τὸ
149 1715 237 1748 πᾶν.

126 1757 193 1794 τόν
211 1760 349 1804 τρίτον]
377 1759 418 1795 τὸ
444 1761 570 1806 τρίτον
590 1762 689 1797 Vind.
699 1762 740 1795 F.

80 1806 208 1850 τρίτον
229 1807 319 1840 Mon.
332 1807 372 1840 Β.
393 1807 487 1841 Flor.
501 1808 545 1841 U.
571 1808 744 1841 Schleier-

81 1853 260 1886 macherus
288 1857 323 1886 et
347 1853 586 1887 Stallbaumius
610 1855 646 1887 in
672 1865 740 1887 sec.

79 1898 201 1932 Deleto
224 1898 367 1932 articulo
391 1899 464 1933 sine
486 1900 554 1932 ulla
581 1900 742 1944 ambigui-

80 1947 154 1978 tate
177 1949 320 1989 quartus
343 1945 436 1978 orbis
459 1946 597 1979 tertium
622 1946 741 1979 celeri

65 1990 164 2023 -tatis
187 1990 327 2034 gradum
352 1991 507 2025 obtinere
527 1991 668 2025 dicitur:
686 2003 742 2025 re—

79 2035 162 2069 licto
188 2035 265 2069 fieri
286 2039 419 2080 potest,
448 2041 488 2070 ut
510 2037 596 2071 alius
619 2038 741 2075 verbo—

79 2093 154 2115 rum
177 2093 295 2116 sensus
321 2093 395 2116 esse
423 2083 601 2126 videatur,
624 2095 741 2128 quem-

80 2127 257 2161 admodum
282 2128 319 2161 Fi
310 2128 395 2161 ¹cino
425 2129 567 2171 accidit,
593 2131 650 2175 qui
675 2131 742 2164 tali

80 2185 160 2207 veru
184 2174 324 2208 tertium
344 2180 438 2209 motu
452 2177 556 2218 ferri,
581 2182 619 2209 ut
635 2188 740 2220 quar-

80 2225 154 2253 tum
189 2221 450 2254 circumvolvere
484 2222 645 2256 videatur
678 2234 740 2267 po-

81 2265 159 2299 suit.
205 2265 275 2298 Sed
309 2266 385 2300 huic
411 2267 543 2312 quidem
563 2268 739 2324 interpr-e

81 2311 204 2345 tationi
237 2311 339 2345 etiam
375 2313 517 2346 verbum
555 2311 739 2347 ἐπανακυ-

80 2357 250 2391 κλεῖσθαι
288 2359 423 2399 obstat,
463 2360 550 2403 quod
588 2360 740 2393 transiti-

80 2415 157 2437 vam
174 2402 452 2446 significationem
463 2405 588 2439 habere
597 2406 740 2459 'nequit3

82 2449 270 2483 subiectum
308 2453 418 2483 autem
454 2448 522 2485 τὸν
563 2449 742 2504 τέταρτον

83 2506 159 2528 esse
198 2494 273 2538 ipsa
313 2495 385 2529 eius
436 2497 612 2530 collocatio
653 2497 743 2531 inter

37 2538 41 2562 3
81 2538 250 2583 πέμπτον
282 2546 318 2574 et
355 2539 423 2576 τὸν
452 2542 578 2596 tpitmov
617 2544 741 2600 arguit.

39 2594 41 2596 ’
82 2587 179 2629 Ergo
203 2584 270 2620 τὸν
294 2586 418 2630 τρίτον
438 2589 540 2634 φορᾷ
560 2587 655 2622 ἰέναι
675 2588 743 2624 τὸν

83 2630 262 2675 τέταρτον
300 2633 351 2666 ita
384 2624 633 2690 intelligendglm
666 2647 742 2669 esse

82 2678 210 2722 liquet,
243 2682 282 2711 ut
314 2679 342 2712 si
376 2676 395 2713 ὁ
417 2675 548 2724 ’Ἀρέως
569 2678 685 2725 οἷστὴρ
719 2677 739 2715 ὁ

84 2723 207 2767 τρίτος
223 2724 325 2770 φορᾷ
345 2724 679 2769 d1eeretur‚art1culo
700 2727 742 2760 ad

83 2760 314 2822 praedicatum
333 2770 462 2814 pariter
482 2776 584 2817 atque
600 2773 643 2806 ad
661 2774 742 2806 sub-

83 2816 208 2849 iectum
232 2815 402 2857 adhibito,
428 2823 465 2850 ut
488 2818 529 2852 L.
549 2820 574 2853 1.
605 2830 657 2875 p.
659 2820 741 2854 336.

85 2861 134 2895 A:
167 2854 215 2902 οὗ
237 2873 302 2905 μοι
326 2861 430 2897 δοκεῖ
454 2860 549 2898 εἶναι
570 2877 613 2899 το
640 2863 742 2909 ῥῆμα

800 1069 844 1106 τὸ
882 1070 1208 1127 φαναι.01“.ἰ1).
1243 1082 1276 1115 p.
1304 1072 1383 1107 331.
1414 1070 1465 1104 C:

799 1116 896 1174 πρὸς
921 1116 987 1152 τὸν
1022 1113 1144 1157 οὕτως
1178 1115 1309 1160 ἔχοντα
1340 1115 1467 1150 πάντα

800 1161 940 1198 ἐθέλων
976 1160 1169 1207 ταληθῆ
1205 1161 1330 1206 λέγειν.
1354 1163 1465 1219 Leg

799 1210 840 1243 L.
861 1211 899 1244 V.
927 1222 958 1253 p.
979 1211 1058 1244 735.
1077 1210 1124 1242 Εε
1151 1207 1323 1242 θάνατον
1349 1204 1372 1252 ἢ
1394 1221 1465 1265 φυ-

798 1254 868 1299 γὴν
896 1256 941 1300 τῇ
970 1255 1127 1301 τιμωρίᾳ
1151 1252 1202 1289 τό
1227 1252 1365 1294 τέλος
1390 1253 1466 1288 ἐπι-

798 1302 928 1340 τιθείς.

845 1347 946 1393 φορᾷ
969 1366 1008 1371 —
1029 1345 1144 1391 σφισι]
1170 1344 1272 1390 φορὰ
1290 1367 1333 1372 -
1362 1349 1467 1390 σφῖσι

798 1393 900 1428 Vind.
926 1394 965 1428 F.

846 1437 988 1482 αὐτὸν]
1015 1441 1137 1482 susum
1170 1439 1244 1472 Fic.
1281 1442 1387 1474 recte.
1421 1459 1465 1464 —

798 1486 939 1519 Proclus
962 1486 997 1518 in
1021 1486 1110 1518 'lim.
1136 1497 1170 1529 p.
1192 1486 1282 1527 323,
1309 1488 1376 1519 20:
1401 1497 1468 1540 μο-

799 1531 948 1575 νονουχὶ
983 1528 1190 1590 διαρρήδην
1229 1529 1368 1574 λέγων,
1407 1528 1468 1566 ὅτι.

799 1576 942 1621 ταύτην
983 1576 1205 1620 ειμαρμένην
1241 1558 1368 1620 νόμιζέ
1396 1576 1467 1622 τὴν

799 1623 988 1680 προσεχῶς
1003 1623 1181 1656 κινοῦσαν
1199 1621 1241 1656 τὸ
1265 1623 1465 1668 αἰσθητὸν,

799 1667 1047 1713 ἐξηρτημένην
1076 1669 1142 1712 τῆς
1171 1665 1346 1711 αφανοῦς
1375 1682 1467 1725 προ-

799 1717 906 1755 νοίας
936 1715 1012 1749 τῶν
1038 1715 1153 1748 θεῶν.
1172 1713 1250 1769 πρὸ
1277 1712 1353 1769 γάρ
1376 1713 1467 1750 ταύ-

800 1774 865 1803 της
883 1760 952 1805 τὴν
969 1759 1141 1815 Αναγκην
1158 1756 1466 1817 υποστησοέμενος

801 1806 869 1851 τὴν
903 1805 1044 1861 μητέρα
1072 1819 1149 1840 των
1182 1808 1342 1849 Μοιρῶν
1385 1804 1462 1842 υπὸ

799 1857 880 1892 τοῖς
908 1851 1062 1908 γόνασιν
1098 1849 1230 1891 αὐτοῖς
1262 1851 1390 1908 τρέφει
1420 1854 1465 1909 (l.

800 1896 918 1943 αντ-ἦς
946 1897 1109 1942 στρέφει)
1142 1896 1301 1942 κόσμον
1321 1912 1372 1940 ως
1398 1897 1467 1934 αύ-

799 1944 866 1985 τὸς
890 1943 929 1979 ἐν
955 1945 1131 1990 Πολιτείᾳ
1156 1945 1258 1988 φησί.

844 2000 1011 2047 γόνασιν]
1035 1999 1166 2045 γόνασι
1192 2002 1286 2036 Μοη.
1310 2003 1352 2039 Β.

847 2055 906 2092 ἐπὶ
935 2056 975 2092 δὲ
1001 2079 1043 2084 -—
1077 2059 1321 2104 ξυμφωνεῖν.]
1346 2060 1466 2095 laudat

799 2105 1000 2139 Heraclides
1029 2105 1136 2150 Aneg.
1162 2107 1299 2139 Homer.
1308 2118 1358 2161 p
1384 2106 1463 2142 426.

799 2153 879 2185 Gal.
905 2152 994 2195 apud
1019 2163 1120 2196 quem
1145 2150 1196 2185 ε’τι
1220 2163 1282 2196 pro
1301 2149 1361 2186 ἐπὶ
1380 2153 1465 2186 scri-

798 2202 893 2251 ptum
918 2200 980 2231 est.

843 2242 999 2287 κύκλων]
1020 2240 1140 2289 κύκλῳ
1164 2243 1303 2278 Heracl.

844 2298 989 2344 αὐτοῦ]
1025 2299 1150 2334 αὐτῶν
1183 2300 1283 2334 Vind.
1310 2301 1348 2335 B.
1382 2307 1463 2336 ante

798 2358 886 2381 corr.
919 2345 1039 2381 αὐτοῦ
1074 2347 1209 2387 eodem,
1243 2359 1309 2392 quo
1342 2348 1462 2393 proxi—

797 2405 884 2449 mu’m
911 2391 1029 2427 αυτὸν
1054 2392 1212 2448 pertinet.

845 2436 910 2482 ἐφ’
938 2437 1107 2482 ἑκάστου]
1138 2435 1236 2481 ἐφεκ.
1263 2440 1361 2474 Vind.
1388 2441 1428 2476 F.

846 2497 1024 2542 Σειρῆνα]
1050 2499 1221 2542 σειρῆνας
1240 2498 1340 2533 Vind.
1360 2498 1400 2533 F.
1417 2518 1463 2523 —

800 2543 1004 2577 Plutarchus
1052 2546 1207 2624 δμιὲροε.
1260 2544 1299 2577 L.
1346 2545 1463 2580 VIIII.

801 2590 1170 2634 qu.14.p.745.B:
1206 2587 1351 2645 λέγουσι
1390 2603 1461 2634 γαρ

801 2634 857 2678 (οἱ
887 2635 1043 2691 Δελφοὶ)
1081 2633 1126 2670 οὗ
1161 2634 1341 2680 φθόγγων
1375 2635 1461 2671 ου’δὲ

798 2680 942 2734 χορδῶν
961 2679 1178 2737 ἐπωνύμους
1194 2681 1382 2738 γεγονέναι
1394 2680 1464 2722 τὰς

799 2724 959 2766 Μούσας
987 2726 1079 2781 naq:
1101 2725 1250 2771 αὐτοῖς,
1276 2725 1368 2762 omo}
1392 2729 1462 2762 τοῦ

799 2770 938 2815 κόσμου
968 2775 1071 2827 τριχῆ
1106 2787 1233 2809 παντα
1266 2772 1462 2818 νενεμημέ-

797 2830 866 2852 νου
897 2817 1048 2864 πρώτην
1076 2817 1143 2864 μὲν
1168 2818 1263 2854 εἰναι
1290 2819 1359 2875 τὴν
1384 2833 1461 2854 των

798 2861 976 2899 ἀπλανῶν
1013 2866 1169 2910 μερίδα,
1205 2863 1384 2911 δευτέραν
1418 2863 1458 2900 δὲ
