1764 3176
154 94 207 135 38
798 91 941 129 Volum.
973 92 1018 130 ll.

156 208 338 257 Pag.21,
359 206 396 255 b,
422 207 448 246 9
477 205 616 243 addas:
646 204 707 242 Cf.
738 202 919 256 ἐλέγομεν
946 218 983 254 p.
1014 202 1108 244 454.
1141 203 1183 240 D-

157 265 249 313 Pag.
276 264 343 311 23,
371 276 404 309 a,
439 263 486 300 11
516 261 678 298 inseras:
708 257 810 310 πρός
838 276 872 300 τι
905 276 935 299 τ.
968 261 1051 299 Par.
1085 259 1127 296 A.
1148 259 1223 299 Dii.

377 319 411 363 b,
432 319 529 354 inter
559 329 593 355 v.
624 320 649 357 9
672 321 708 353 et
738 318 973 357 lOinseras:
1002 313 1094 368 ἐγώ)
1122 313 1198 368 ἐγω
1245 325 1286 362 -ζ-
1338 329 1384 352 .·-.
1422 313 1505 351 Par.
1527 312 1569 350 A.
1591 313 1661 350 Dii.

435 374 486 413 13
516 373 653 409 addas.
682 378 720 410 et
754 378 943 411 correctus
977 373 1023 410 ab
1065 374 1217 421 eadem,
1258 376 1297 408 ut
1334 359 1500 418 videtur
1538 382 1660 416 manu,

432 442 527 479 quae
555 425 679 479 μόνον
708 430 926 479 scripserat,
957 430 1041 467 Par.
1074 430 1119 465 A
1154 429 1225 465 Dii.

156 492 250 539 Pag,
272 488 339 538 24,
365 501 400 534 a,
434 488 458 526 6
489 487 627 523 addas:
657 486 711 533 (in
737 486 822 523 Par.
851 486 895 523 A.
925 486 996 523 Dii.
1037 498 1057 521 a
1086 498 1131 522 m.
1162 499 1219 536 pr.
1259 497 1334 523 non
1365 480 1536 536 ἰατρικὸν
1567 487 1661 529 erat,

431 543 499 580 sed
529 541 747 592 ἰατρικῶν).

156 604 248 641 Ρᾱσ,
279 601 347 649 25,
375 614 408 646 a,
441 602 466 639 6
496 599 632 635 addas:
664 598 718 638 Cf.
750 598 832 634 Vol.
866 597 929 634 ΙΙΙ.
958 611 993 647 p.
1025 598 1120 646 206,
1151 610 1186 646 a,
1218 599 1283 637 21.

375 657 411 704 b,
434 657 484 695 16
513 660 599 705 post
631 652 672 694 δὲ
698 655 864 691 inseras:
902 653 986 690 Par.
1019 654 1062 691 A.
1091 653 1164 693 Dii,

158 716 247 764 Pag.
280 716 346 762 26,
371 727 405 761 a,
434 714 485 753 22
517 716 605 762 post
634 708 806 760 δεόμεθα
837 712 996 746 inseras:
1022 709 1106 746 Par.
1138 709 1184 745 A.
1215 708 1288 746 Dii.
1311 722 1332 745 a
1360 720 1406 743 m.
1437 718 1493 756 pr.

378 771 415 817 b,
443 769 539 804 inter
566 781 599 806 v.
631 770 654 807 6
685 772 722 804 et
750 770 774 806 7
805 768 964 803 inseras:
996 762 1081 811 τόν)
1112 762 1154 804 to*
1187 765 1270 801 Par.
1302 765 1346 804 A.
1380 764 1448 801 Dii.
1477 775 1497 798 a
1530 776 1575 799 m.
1606 775 1661 812 pr.

158 830 250 877 Pag.
285 830 348 871 28,
375 839 409 873 a,
442 827 466 863 7
497 825 635 860 addas:
674 824 793 859 Aliter
830 822 950 859 Procli
991 822 1111 858 locum
1145 820 1464 871 interpretandum
1507 823 1544 855 et
1578 824 1664 855 ante

433 876 674 931 μιμούμεναι
708 879 945 916 inserendum
985 879 1028 916 αἳ
1053 883 1089 914 et
1128 875 1196 924 τὰς
1225 873 1471 921 πλαττούσας
1499 876 1534 912 in
1566 871 1664 913 α’να-

433 934 672 976 πλάττουσιν
689 936 902 973 mutandum
921 938 1049 971 censet
1059 933 1473 982 LobeckiusAglaoph.
1494 946 1528 982 p.
1549 932 1664 971 1029.

438 994 489 1032 10
512 1006 533 1030 a
560 993 585 1029 f.
632 997 719 1043 post
755 988 782 1041 ἢ
813 993 977 1029 inseras:
1033 991 1115 1030 Par,
1146 992 1190 1027 A.
1230 989 1301 1027 Dii.
1338 994 1377 1026 et
1410 991 1434 1028 6
1463 1002 1485 1026 a
1510 988 1534 1024 f.
1578 992 1666 1024 ante

433 1049 522 1088 Lob.
549 1050 635 1089 Par,
665 1049 708 1086 A.
736 1048 807 1084 Dii.
832 1061 852 1084 a
880 1061 927 1088 m.
957 1059 1013 1097 pr.

158 1109 249 1158 Pag.
276 1108 344 1156 30,
363 1106 400 1154 b,
434 1106 484 1145 10
513 1118 534 1142 a
565 1105 589 1142 f.
625 1118 694 1155 pro
727 1106 858 1140 mm'trit
897 1104 1061 1141 scribas:
1101 1108 1197 1140 teste
1227 1101 1407 1139 Diibnero
1436 1099 1598 1136 deletum
1630 1103 1667 1136 et

431 1162 579 1198 litterae
619 1178 642 1199 α
680 1162 714 1198 in
754 1159 980 1212 ἰσχυροτέρα
1018 1161 1232 1210 impositum
1275 1158 1386 1195 habet
1419 1158 1465 1202 ς“,
1512 1169 1554 1193 ex
1592 1168 1665 1204 quo

433 1217 635 1254 Diibnerus
671 1218 834 1254 criticum
872 1215 1122 1269 ἰσχυροτέρας
1163 1216 1399 1254 desiderasse
1428 1212 1580 1261 colligit.

159 1278 250 1327 Pag.
271 1278 386 1324 31,.1
368 1291 374 1297 ·
391 1274 487 1325 ,11
520 1274 681 1311 inseras:
720 1275 775 1322 (et
806 1274 855 1310 ita
886 1273 970 1312 Par.
1004 1273 1046 1309 A.
1080 1273 1172 1321 Dii.)

436 1331 600 1370 16—26
630 1330 728 1367 hunc
758 1330 792 1366 in
824 1330 973 1366 modum
1005 1330 1189 1378 refingas.
1227 1327 1302 1364 Sed
1337 1338 1418 1363 cum
1444 1329 1576 1362 natura
1605 1324 1668 1361 illa

433 1386 597 1423 mulieris
649 1391 686 1423 et
729 1386 794 1421 xiri
846 1386 1064 1450 ceteroquin
1115 1386 1270 1432 eadem,
1322 1386 1436 1432 prout
1477 1381 1666 1419 mulierem

434 1443 599 1478 virumve
638 1442 839 1491 respicias,
875 1443 995 1478 minus
1035 1442 1092 1479 vel
1127 1441 1210 1491 plus
1250 1440 1381 1476 virium
1413 1439 1609 1486 ostendat,
1639 1434 1669 1489 ἢ

435 1504 537 1536 recte
568 1498 699 1542 habet·
734 1492 809 1537 ὅσα
840 1511 952 1546 vero,
983 1512 1062 1535 cum
1103 1499 1232 1534 virium
1268 1495 1464 1533 diversitas
1498 1494 1667 1531 omnibns

432 1557 469 1591 in
495 1554 605 1592 rebus
637 1554 840 1604 conspicua
869 1556 934 1602 sit,
973 1555 1200 1591 diversitatis
1230 1557 1354 1589 autem
1388 1551 1545 1600 gradum
1578 1551 1667 1587 iilud

433 1624 510 1648 non
544 1612 662 1660 magis
700 1612 922 1660 designare,
958 1624 1066 1660 quam
1102 1624 1171 1661 pro
1200 1604 1262 1648 ὅτι
1292 1608 1333 1647 ἐν
1372 1610 1470 1646 πᾶσι
1506 1607 1667 1657 positum

433 1681 518 1705 esse
544 1669 682 1718 possit,
713 1681 796 1705 cum
825 1667 988 1704 Eusebio
1016 1668 1051 1704 in
1080 1664 1159 1720 ὅσῳ
1188 1665 1405 1704 mutandum
1435 1664 1597 1711 videtur,
1631 1669 1669 1700 ut

433 1737 567 1762 sensus
601 1725 659 1761 hic
699 1724 895 1762 efficiatur:
940 1728 1087 1774 excepto
1119 1737 1181 1772 eo,
1227 1722 1320 1773 quod
1349 1723 1465 1757 minus
1506 1720 1560 1756 vel
1587 1721 1667 1771 plus

433 1783 564 1817 virium
595 1781 716 1817 habet.

375 1838 414 1885 b,
434 1838 532 1874 inter
559 1849 592 1873 v.
623 1838 674 1877 18
699 1841 736 1874 et
767 1837 818 1876 17
848 1849 870 1873 a
898 1837 923 1877 f,
953 1837 1111 1874 inseras:
1147 1831 1388 1874 Παντάπασι
1408 1830 1480 1885 μὲν
1501 1827 1591 1884 οὖν)
1613 1856 1668 1862 —
1724 1872 1727 1874 .

437 1905 501 1932 σιν
528 1914 583 1920 -—
620 1893 704 1931 Par.
737 1893 782 1929 A.
815 1891 888 1930 Dii.

159 1952 248 2000 Pag.
275 1952 344 2000 32,
374 1963 406 1995 a,
439 1952 536 1987 inter
564 1962 599 1986 v,
626 1950 676 1990 22
702 1953 737 1987 et
759 1950 811 1989 23
841 1950 1004 1986 inseras:
1035 1945 1080 1997 ἢ)
1111 1941 1159 1997 ἧ,
1186 1952 1225 1984 ut
1242 1947 1401 1991 videtur,
1428 1946 1513 1986 Par.
1531 1944 1573 1984 A.
1595 1945 1667 1988 Dii,

433 2008 459 2045 7
487 2021 508 2043 a
538 2006 564 2042 f.
599 2010 687 2055 post
714 2003 807 2056 ἡγεῖ
831 2006 996 2042 inseras:
1034 2004 1116 2043 Par.
1150 2003 1191 2039 A.
1223 2002 1296 2040 Dii.
1323 2015 1346 2039 a
1374 2015 1419 2039 m.
1450 2016 1506 2052 pr.

378 2063 413 2111 b,
431 2064 457 2102 3
487 2065 524 2099 et
555 2063 605 2101 11
629 2061 766 2098 addas:
797 2060 900 2111 (δαὶ)
932 2062 1011 2099 sine
1042 2060 1172 2107 litura,
1201 2063 1297 2097 teste
1327 2058 1520 2097 Diibnero.

160 2119 252 2168 l'ag.
277 2119 342 2166 33,
369 2132 406 2168 a,
429 2120 477 2159 ll
511 2118 582 2155 af.
614 2119 752 2155 addas:
790 2117 841 2154 Et
872 2133 892 2157 ο
929 2117 1014 2154 Par.
1054 2116 1096 2152 A.
1135 2116 1208 2153 Dii.
1250 2117 1287 2152 in
1316 2115 1425 2152 litura
1464 2121 1501 2154 et
1531 2116 1666 2167 partim

432 2188 454 2211 a
484 2188 532 2215 m
558 2187 632 2212 rec.
663 2175 841 2224 scriptum
872 2174 985 2211 habet
1013 2175 1048 2209 in
1078 2174 1199 2222 spatio
1232 2187 1262 2211 ω
1288 2173 1473 2222 capiente.

378 2231 415 2277 b,
436 2232 486 2271 13
517 2231 593 2267 af.
639 2231 686 2268 ad
732 2227 1010 2283 ἐρυθρωτατον
1048 2229 1191 2266 addas:
1224 2223 1523 2281 ἕρυθρωτερον,
1565 2230 1667 2278 quod

433 2287 631 2324 Bekkerus
672 2286 770 2323 Tim.
818 2301 854 2337 p.
893 2287 958 2327 83.
989 2286 1032 2323 B.
1079 2286 1284 2323 secundum
1321 2297 1469 2322 manum
1511 2287 1667 2336 primam

432 2343 519 2383 Par.
547 2343 590 2380 A.
622 2347 657 2380 et
687 2342 770 2383 Vat.
799 2343 841 2383 B.
871 2343 1001 2381 edidit.

160 2399 252 2450 Pag.
274 2397 338 2446 34,
362 2413 398 2448 a,
426 2400 453 2440 3
476 2400 523 2437 ad
552 2412 608 2446 ea,
634 2412 728 2448 quae
749 2399 847 2436 nullo
874 2399 987 2436 modo
1006 2399 1200 2449 probanda
1231 2402 1331 2445 sunt,
1360 2398 1478 2435 addas
1508 2395 1669 2436 πυκναί-

434 2471 548 2508 τερον
575 2456 676 2493 Tim.
706 2470 742 2505 p.
771 2456 835 2496 59
853 2456 896 2497 Β
928 2460 966 2493 et
995 2458 1060 2495 76.
1086 2455 1130 2492 C.
1163 2451 1427 2520 ἅμυδρώτερα
1454 2453 1501 2490 ib.
1532 2468 1569 2504 p
1600 2456 1665 2495 72,

435 2513 479 2548 Β
506 2511 732 2564 υγρωτέραν
759 2526 794 2562 p.
824 2512 892 2552 74.
913 2511 957 2549 Ι).
988 2507 1251 2558 πυκνωτοῖτας
1281 2525 1318 2561 p.
1337 2511 1403 2551 74.
1420 2511 1465 2547 E.
1492 2509 1668 2561 ἐλαφρων

436 2567 552 2620 τέραν
581 2567 678 2617 Leg
707 2567 751 2605 L.
783 2568 845 2605 XI.
880 2583 916 2618 p.
948 2567 1040 2608 934
1073 2568 1118 2606 A
1160 2568 1247 2605 item
1277 2564 1535 2606 πυκνώτατον
1565 2567 1664 2609 Tim,

436 2639 474 2675 p.
504 2626 568 2664 59.
600 2625 640 2660 B.
673 2626 774 2674 quod
806 2626 940 2662 inuno
967 2624 1058 2661 Ven.
1099 2625 1139 2664 B,
1170 2637 1214 2661 ex
1244 2636 1366 2673 eoque
1402 2625 1438 2661 in
1471 2623 1552 2663 Ald
1579 2623 1667 2661 Bas.

438 2682 497 2719 ab.
529 2680 676 2729 legitur.

471 2739 519 2777 16
550 2750 571 2773 a
601 2737 626 2775 f.
662 2741 749 2787 post
769 2735 905 2776 δοτέον
932 2738 1095 2774 inseras:
1125 2735 1211 2773 Par.
1236 2734 1279 2771 A.
1302 2735 1373 2776 Dii
1405 2731 1599 2786 ἀνδράσιν
1630 2737 1663 2777 δ.

381 2793 417 2836 Ι),
438 2794 463 2832 3
494 2794 541 2829 ad
572 2788 705 2844 ἀτελῆ)
733 2794 872 2830 addas:
901 2809 947 2845 γρ
978 2786 1046 2834 ἅτε
1072 2790 1121 2843 δὴ
1151 2804 1280 2840 margo
1309 2791 1394 2831 Par
1427 2792 1475 2831 Α
1507 2791 1580 2831 Dii
