1764 3176
22 2428 61 2469 D

384 188 716 234 CIVITAS
767 188 891 231 LIB.
937 187 1050 231 VIII.
1092 191 1161 228 553

1410 189 1465 229 41

78 300 350 358 λοχρήματον
380 301 623 358 ἐγκαθίζειν
651 300 726 344 καὶ
755 299 893 356 μέγαν
923 299 1105 354 βασιλέα
1124 303 1267 342 ποιεῖν
1293 298 1340 341 ἐν
1369 296 1467 341 ἑαυ-

76 374 162 425 τῷ,
200 366 351 422 τιάρας
391 385 436 412 τε
473 369 548 412 καὶ
591 367 829 424 στρεπτούς
867 368 941 411 καὶ
981 365 1194 418 ἀκινάκας
1240 370 1469 420 παραζων-

77 436 234 487 νύντας
262 435 449 493 ’Έγωγε,
491 436 586 493 ἔφη.
648 435 709 479 Τὸ
750 437 797 479 δὲ
840 452 908 491 γε,
949 432 1093 490 οἶμαι,
1133 432 1382 490 λογιστικόν
1423 449 1468 477 τε

76 505 150 548 καὶ
179 505 411 561 θυμοειδὲς
447 505 579 560 χαμαὶ
619 504 748 548 ἔνθεν
776 504 851 548 καὶ
885 504 1015 547 ἔνθεν
1044 504 1353 556 παρακαθίσας
1382 499 1463 545 ὑπ’
1495 501 1534 542 D

76 573 227 630 ἐκείνῳ
267 574 339 616 καὶ
377 574 825 629 καταδουλωσάμενος
870 570 920 617 τὸ
960 572 1040 625 μὲν
1091 569 1223 613 οὐδὲν
1272 570 1376 613 ἄλλο
1420 570 1470 626 ἐᾷ

75 643 321 697 λογίζεσθαι
362 638 466 684 ου’δὲ
509 646 709 695 σκοπεῖν,
754 639 850 685 ἀλλ’
883 641 913 698 ἢ
943 637 1112 682 ὁπόθεν
1151 638 1193 690 ἐξ
1224 638 1470 682 ἐλαττόνων

76 708 308 765 χρημάτων
336 711 467 752 πλείω
499 709 642 762 ἔσται,
683 710 733 753 τὸ
775 710 820 753 δὲ
861 702 918 752 αὗ
947 705 1190 761 θαυμάζειν
1229 707 1303 751 καὶ
1341 713 1471 766 τιμᾷν

80 777 215 833 μηδὲν
247 775 379 830 ἄλλο,
417 776 447 833 ἦ
480 777 675 821 πλοῦτόν
712 795 757 822 τε
788 778 862 822 καὶ
891 778 1152 828 πλουσίους,
1193 776 1266 818 καὶ
1307 779 1470 830 φιλοτι-

79 850 258 901 μεῖσθαι
289 843 395 901 μηδ’
425 843 502 900 ἐφ’
531 844 593 888 ἑνὶ
624 844 769 904 ἄλλῳ,
807 846 835 902 ἢ
865 845 935 889 ἐπὶ
964 843 1195 901 χρημάτων
1221 842 1366 927 κτήσει
1399 843 1473 886 καὶ

81 912 157 957 ἐάν
185 930 227 957 τι
257 912 363 957 ἄλλο
403 914 462 964 εἰς
501 917 632 956 τοῦτο
664 915 793 972 φέρῃ.

857 912 951 958 Οὐκ
981 911 1070 956 εστ’
1103 911 1232 968 ἄλλη,
1265 912 1370 968 ἔφη,
1402 927 1472 994 με-

80 981 243 1040 ταβολὴ
287 981 404 1025 οὕτω
442 980 591 1037 ταχεῖά
634 999 679 1026 τε
720 983 794 1026 καὶ
833 980 990 1038 ἰσχυρὰ
1019 980 1067 1024 ἐκ
1096 983 1332 1037 φιλοτίμου
1363 981 1473 1024 νέου

82 1052 143 1102 εἰς
172 1049 359 1106 φιλοχρ’
334 1066 515 1106 ηματον.

569 1045 664 1106 Λρ’
697 1047 779 1094 οὖν
809 1053 962 1102 οὐτος,
994 1045 1050 1106 ἧν
1081 1048 1125 1093 δ’
1160 1067 1265 1106 εγω,
1297 1048 1468 1105 ὀλιγαρ-
1498 1056 1532 1096 Ε

78 1116 200 1175 χικός
241 1118 379 1170 ἐστιν,·
415 1117 473 1160 ‘H
503 1122 616 1174 γοῦν
658 1117 875 1174 μεταβολὴ
917 1116 1057 1162 αὐτοῦ
1112 1117 1154 1171 εξ
1200 1115 1358 1174 ὁμοίου
1399 1115 1471 1160 ἀν-

81 1187 188 1251 δρός
235 1186 325 1231 ἐστι
376 1190 429 1244 τῇ
473 1187 691 1244 πολιτείᾳ,
743 1186 787 1240 ἐξ
835 1181 888 1243 ἧς
936 1185 963 1243 ἡ
1015 1184 1242 1243 ὀλιγαρχία
1280 1184 1470 1242 μετέστη.

82 1334 148 1371 λέα
170 1336 268 1371 Vind.
293 1336 334 1371 F.
371 1347 459 1382 quae
490 1336 600 1371 forma
623 1347 745 1370 secun-

82 1384 161 1417 dum
184 1383 350 1417 Lobeckii
376 1383 643 1437 disputationem
669 1383 744 1417 Vol.

80 1429 129 1466 ΙΙ.
160 1441 195 1474 Ρ.
227 1431 316 1472 296,
350 1429 385 1464 b.
429 1429 569 1463 citatam
607 1429 745 1463 defendi

80 1479 206 1521 potest.

129 1529 294 1588 savz-913]
310 1528 414 1567 αὐτῶ
437 1533 539 1568 Vind.
564 1534 639 1568 ΒΕ.
666 1534 746 1568 vat.

82 1578 127 1612 H.
157 1575 294 1612 ἑαυτοῦ
317 1579 396 1613 Par.
424 1580 467 1613 K.
487 1592 555 1614 sec.
581 1580 656 1624 Bip.
681 1591 748 1613 non

84 1624 243 1658 absurde.
285 1625 340 1658 Cf.
373 1625 527 1659 Reitzius
553 1627 596 1660 ad
622 1626 749 1660 Lucia-

84 1682 162 1704 num
195 1671 240 1705 Τ.
260 1671 374 1704 VIIII.
401 1683 434 1716 p.
461 1674 539 1708 368.
565 1673 686 1706 Lehm.

132 1723 335 1782 οἷκινακας]
366 1725 567 1768 οἷκκινοὶκας
586 1728 687 1762 Vind.
703 1727 746 1762 Ε.

86 1771 290 1814 οέκιννοίκας
328 1775 422 1809 Μοῃ.
459 1776 500 1809 Β.
539 1780 617 1808 ante
657 1785 745 1808 corr.

81 1819 238 1859 πίνακας
265 1821 363 1875 Virjd.
397 1821 438 1854 F.
480 1821 643 1854 Timaeus
679 1820 745 1854 lex.

83 1878 124 1922 Ρ.
131 1868 190 1902 18:
216 1863 412 1921 οἷκινακης·
427 1864 647 1922 περιζώνιον
669 1876 747 1901 στε·

84 1911 154 1946 νὸν
178 1909 441 1956 ἕτερόστομον,
477 1909 600 1957 (ὅσπερ
619 1909 748 1957 ήμίτο·

83 1969 156 2013 μον
203 1959 450 2003 (Ruhnkenius
497 1959 604 1993 tacite
644 1959 750 1993 edidit

83 2000 314 2050 ἠμίστομον)
351 2005 546 2050 μαχαίρας.
577 2025 624 2030 -
656 2005 750 2040 Fici-

84 2061 147 2084 nus
174 2051 262 2085 hunc
284 2057 484 2108 apparatum
522 2049 750 2097 (τιάρας-

84 2097 405 2142 παραζωννύντα)
448 2098 552 2132 etiam
592 2098 749 2142 magnifi—

87 2143 273 2185 centiorem
289 2144 459 2178 reddidit:
472 2146 749 2189 ornamentisque

86 2191 197 2234 regiis
223 2202 412 2232 exornare,
438 2193 588 2232 coronis,
618 2192 753 2232 balteis,

79 2236 221 2278 fibulis,
236 2238 408 2279 fimbriis,
437 2249 514 2271 ense
540 2238 688 2272 Persico.

123 2287 283 2339 '‘Eycoye]
312 2291 419 2339 ἔγωγ’
444 2294 544 2329 Vind.
567 2295 643 2329 ΒΕ.
674 2295 754 2332 Vat.

139 2381 182 2418 δέ
205 2385 265 2429 γε]
293 2383 335 2419 δέ
358 2382 397 2430 γ’
422 2387 521 2420 Vind.
546 2387 586 2420 Β.

138 2430 274 2486 χαμαὶ]
301 2431 424 2475 θαμαὶ
458 2433 563 2467 Vind.
588 2434 631 2467 E.

138 2473 182 2511 τό
206 2474 294 2531 μὲν]
320 2479 372 2512 τῶ
397 2477 462 2522 μὲν
486 2480 578 2514 Mon.
602 2481 644 2514 Β.

141 2519 313 2568 ὁπόθεν]
336 2513 459 2560 πόθεν
485 2526 582 2559 Vind.
606 2526 647 2560 F.
671 2528 757 2570 Ang.

93 2569 132 2602 Β.
158 2569 250 2603 Flor.
271 2570 315 2603 R.

139 2623 177 2668 ἐξ
203 2624 430 2673 ἐλαττόνων]
458 2626 544 2671 εξέλ.
570 2630 655 2663 Lob.
668 2627 754 2672 ἐξελ.

93 2672 191 2705 Vind.
216 2673 257 2706 F.

92 2765 132 2798 F
138 2719 276 2763 πλείω]
319 2720 491 2764 plurimae
539 2721 756 2767 (pecuniae)

91 2842 93 2844 ,
123 2777 181 2845 κτὰ
219 2807 281 2856 δε]
314 2809 359 2846 τὸ
393 2809 434 2846 δ’
469 2813 554 2847 Lob.
590 2813 687 2848 Vind.
717 2815 755 2849 Β.

94 2858 173 2892 Vat.
198 2857 247 2892 M.
271 2858 323 2904 τῷ
349 2855 389 2892 δὲ
413 2859 508 2894 Mon.
533 2860 572 2893 B.

847 1334 1078 1381 θαυμαζειν]
1103 1334 1311 1380 θαυμάζειν
1329 1347 1368 1369 τε
1384 1336 1469 1369 Ven.

801 1383 843 1417 B.
868 1383 965 1418 Vind.
991 1384 1033 1417 Ε.
1063 1384 1143 1419 Vat.
1170 1384 1213 1418 H.
1238 1383 1331 1416 Flor.
1358 1382 1469 1416 ACT.

801 1429 877 1464 Ald.
902 1430 981 1463 Bas.
1007 1430 1061 1463 ab.
1086 1430 1208 1475 Steph.
1233 1431 1309 1462 Ast.
1344 1428 1473 1462 Stallb.

848 1484 939 1531 μηδ’
973 1483 1042 1531 ἐφ’
1075 1483 1153 1530 ἓνὶ]
1194 1484 1243 1530 μὴ
1281 1484 1319 1520 δὲ
1364 1498 1412 1530 φ

804 1534 905 1568 Vind.
938 1533 978 1567 F.
1019 1532 1151 1576 μηδενι
1196 1534 1276 1566 Par.
1310 1532 1354 1565 K
1405 1543 1476 1565 sec.

804 1580 882 1625 Bip.
916 1580 1009 1613 Flor.
1037 1580 1081 1613 U.
1118 1584 1177 1620 et,
1211 1578 1409 1622 praeposito
1442 1578 1477 1611 in

805 1638 847 1659 m.
886 1637 907 1659 a
940 1638 983 1659 m.
1009 1636 1036 1659 s,
1072 1621 1151 1665 ἐπὶ,
1188 1625 1282 1659 Mon.
1308 1625 1347 1658 Β.
1382 1624 1475 1657 Bek-

803 1672 907 1705 kerus
931 1671 1149 1705 Monacensis
1183 1671 1263 1704 libri
1297 1671 1421 1704 oblitus
1443 1669 1476 1703 in

803 1718 882 1751 Par.
908 1718 983 1751 DK.
1011 1714 1068 1761 ἐφ’
1095 1716 1204 1751 omitti
1228 1716 1346 1750 tradit.

803 1772 918 1855 Β,ἐοίν
941 1776 1000 1819 τι]
1032 1786 1068 1808 τι
1102 1787 1167 1809 om.
1192 1774 1294 1810 Vind.
1317 1774 1359 1808 F.
1386 1776 1474 1819 Ang.

852 1864 959 1911 φέρῃ·
970 1866 983 1910 ]
997 1862 1131 1921 φέρῃς
1157 1867 1237 1900 Bas·
1263 1867 1296 1899 b

851 1892 1153 1958 φιλοχρήματον]
1189 1910 1476 1957 φιλοχρηματίαν

804 1959 898 1994 Mon.
912 1960 1037 2027 '’Bsa
1034 1971 1078 1992 111.
1096 1970 1149 2004 pr.

845 2010 938 2060 Ἆρ’]
972 2011 1037 2061 ἄρ’
1063 2016 1163 2050 Vind.
1187 2016 1229 2050 F.
1253 2017 1350 2050 Flor.
1374 2017 1419 2051 R.

852 2068 987 2120 ουτρς]
1026 2086 1089 2108 om.
1126 2073 1206 2107 Par.
1226 2074 1271 2108 K.
1295 2085 1365 2107 sec.
1396 2073 1474 2118 Bip.

805 2127 884 2176 post
906 2133 955 2165 ην
981 2117 1021 2154 δ’
1045 2117 1112 2176 ἐγώ
1141 2121 1247 2153 habet
1271 2132 1338 2153 sec.
1364 2120 1474 2153 Bekk.

856 2164 902 2200 ‘H
921 2167 1037 2211 γοῦν]
1063 2163 1180 2210 ἤγουν
1204 2167 1306 2201 Vind.
1317 2166 1359 2200 F.
1384 2166 1478 2200 Male

811 2213 952 2248 Ficinus
985 2214 1070 2246 haec
1095 2212 1233 2246 Socrati
1267 2213 1328 2246 dat
1360 2218 1395 2245 et
1422 2217 1478 2246 to-

812 2265 882 2293 tam
914 2259 1094 2293 dictionem
1125 2269 1303 2304 perperam
1340 2263 1393 2292 est
1424 2259 1478 2291 in—

813 2310 1050 2350 terpretatus,
1095 2305 1123 2338 si
1156 2304 1208 2338 ita
1241 2305 1400 2349 scripsit,
1443 2308 1482 2338 ut

815 2352 906 2397 apud
930 2353 1124 2385 Bekkerum
1148 2350 1294 2394 legitur:
1328 2352 1480 2385 Mutatio

814 2399 951 2443 quidem
982 2399 1088 2442 ipsius
1123 2409 1163 2430 σε
1192 2398 1327 2431 homine
1358 2398 1480 2431 similis

815 2450 865 2479 est
907 2446 1001 2478 illius
1035 2445 1086 2477 rei
1125 2445 1304 2486 publicae,
1341 2456 1380 2477 ex
1411 2455 1482 2489 qua

812 2490 1482 2570 ἷὲἕὲοἶιῖῗῖῑἕῗέἒῆὲἒπῗῇῗέὴίξ...εξεᾶ

814 2584 890 2617 mili
913 2582 1074 2628 scripsit,
1100 2587 1139 2615 ut
1165 2563 1370 2616 editum'est
1397 2582 1480 2616 Ven.

817 2641 849 2663 a.
880 2630 980 2665 1517.
1010 2629 1064 2662 Cf.
1091 2628 1133 2662 L.
1158 2629 1242 2663 IIII.
1255 2641 1302 2685 Ρ.
1327 2629 1406 2663 4Ξ4.
1426 2629 1479 2662 Dt

814 2672 968 2731 Ηγουν
986 2675 1223 2731 παρανομία,
1251 2687 1343 2718 εφη,
1369 2679 1434 2708 etc.

861 2718 898 2762 ἐξ
926 2717 1080 2765 ὁμοίου]
1116 2701 1288 2765 ἐξομόίου
1315 2721 1414 2755 Vind.
1440 2720 1481 2755 F.

860 2767 1050 2824 πολιτείᾳ]
1077 2767 1220 2802 πολιτεὶ
1244 2767 1342 2801 Vind.
1367 2766 1412 2802 E.

861 2810 898 2854 ἐξ
923 2812 988 2857 ἧς]
1027 2811 1112 2857 ἑξῆς
1148 2814 1248 2848 Vind.
1272 2814 1314 2846 F.

861 2856 909 2903 η]
935 2871 999 2897 om.
1025 2860 1104 2895 Par.
1128 2860 1173 2894 K.
1200 2872 1268 2895 sec.
1293 2859 1402 2896 Bekk.
