<?xml version="1.0" encoding="UTF-8"?>
<!DOCTYPE html PUBLIC "-//W3C//DTD XHTML 1.0 Transitional//EN"
    "http://www.w3.org/TR/xhtml1/DTD/xhtml1-transitional.dtd">
<html xmlns="http://www.w3.org/1999/xhtml" xml:lang="en" lang="en">
 <head>
  <title>
</title>
<meta http-equiv="Content-Type" content="text/html;charset=utf-8" />
  <meta name='ocr-system' content='tesseract 3.04.00' />
  <meta name='ocr-capabilities' content='ocr_page ocr_carea ocr_par ocr_line ocrx_word'/>
</head>
<body>
  <div class='ocr_page' id='page_1' title='image "./operagraecerecen01platuoft_0074.png"; bbox 0 0 1764 3176; ppageno 0'>
   <div class='ocr_carea' id='block_1_1' title="bbox 271 125 1236 174">
    <p class='ocr_par' dir='ltr' id='par_1_1' title="bbox 271 125 1236 174">
     <span class='ocr_line' id='line_1_1' title="bbox 271 125 1236 174; baseline -0.005 -2"><span class='ocrx_word' id='word_1_1' title='bbox 271 146 379 174; x_wconf 77' lang='lat' dir='ltr'>mcvi</span> <span class='ocrx_word' id='word_1_2' title='bbox 703 125 1236 170; x_wconf 86' lang='lat' dir='ltr'><strong>PRAEFATIO</strong></span> 
     </span>
    </p>
   </div>
   <div class='ocr_carea' id='block_1_2' title="bbox 269 242 1662 2832">
    <p class='ocr_par' dir='ltr' id='par_1_2' title="bbox 269 242 1662 2832">
     <span class='ocr_line' id='line_1_2' title="bbox 273 242 1657 289; baseline -0.004 -8"><span class='ocrx_word' id='word_1_3' title='bbox 273 250 490 288; x_wconf 83' lang='lat' dir='ltr'><strong>mentemque</strong></span> <span class='ocrx_word' id='word_1_4' title='bbox 509 245 665 279; x_wconf 78' lang='lat' dir='ltr'><strong>Platonis</strong></span> <span class='ocrx_word' id='word_1_5' title='bbox 686 246 859 289; x_wconf 84' lang='lat' dir='ltr'>explicuit.</span> <span class='ocrx_word' id='word_1_6' title='bbox 890 246 1030 289; x_wconf 75' lang='lat' dir='ltr'>quanvis</span> <span class='ocrx_word' id='word_1_7' title='bbox 1055 245 1144 279; x_wconf 87' lang='lat' dir='ltr'>enim</span> <span class='ocrx_word' id='word_1_8' title='bbox 1169 251 1286 277; x_wconf 88' lang='lat' dir='ltr'>verum</span> <span class='ocrx_word' id='word_1_9' title='bbox 1315 242 1360 275; x_wconf 90' lang='lat' dir='ltr'>sit</span> <span class='ocrx_word' id='word_1_10' title='bbox 1375 242 1466 286; x_wconf 73' lang='lat' dir='ltr'>qubd</span> <span class='ocrx_word' id='word_1_11' title='bbox 1495 247 1657 286; x_wconf 86' lang='lat' dir='ltr'>septena-</span> 
     </span>
     <span class='ocr_line' id='line_1_3' title="bbox 269 298 1657 346; baseline -0.003 -9"><span class='ocrx_word' id='word_1_12' title='bbox 269 304 343 337; x_wconf 85' lang='lat' dir='ltr'>rius</span> <span class='ocrx_word' id='word_1_13' title='bbox 367 303 523 346; x_wconf 87' lang='lat' dir='ltr'>quinario</span> <span class='ocrx_word' id='word_1_14' title='bbox 544 303 758 343; x_wconf 88' lang='lat' dir='ltr'>coniunctus,</span> <span class='ocrx_word' id='word_1_15' title='bbox 787 303 1099 345; x_wconf 79' lang='lat' dir='ltr'>duodenariumque</span> <span class='ocrx_word' id='word_1_16' title='bbox 1125 301 1318 344; x_wconf 89' lang='lat' dir='ltr'>producens</span> <span class='ocrx_word' id='word_1_17' title='bbox 1337 298 1422 332; x_wconf 88' lang='lat' dir='ltr'>duas</span> <span class='ocrx_word' id='word_1_18' title='bbox 1439 300 1537 332; x_wconf 93' lang='lat' dir='ltr'>nobis</span> <span class='ocrx_word' id='word_1_19' title='bbox 1556 309 1657 342; x_wconf 83' lang='lat' dir='ltr'>prae—</span> 
     </span>
     <span class='ocr_line' id='line_1_4' title="bbox 272 356 1658 402; baseline -0.001 -10"><span class='ocrx_word' id='word_1_20' title='bbox 272 360 330 393; x_wconf 87' lang='lat' dir='ltr'>bet</span> <span class='ocrx_word' id='word_1_21' title='bbox 349 359 566 402; x_wconf 77' lang='lat' dir='ltr'>harmonias,</span> <span class='ocrx_word' id='word_1_22' title='bbox 597 359 719 402; x_wconf 68' lang='lat' dir='ltr'>nempe</span> <span class='ocrx_word' id='word_1_23' title='bbox 740 359 981 401; x_wconf 80' lang='lat' dir='ltr'>Diatessaron,</span> <span class='ocrx_word' id='word_1_24' title='bbox 1017 364 1053 392; x_wconf 89' lang='lat' dir='ltr'>et</span> <span class='ocrx_word' id='word_1_25' title='bbox 1074 359 1262 400; x_wconf 86' lang='lat' dir='ltr'>Diapente,</span> <span class='ocrx_word' id='word_1_26' title='bbox 1292 366 1380 398; x_wconf 87' lang='lat' dir='ltr'>quae</span> <span class='ocrx_word' id='word_1_27' title='bbox 1399 356 1432 388; x_wconf 88' lang='lat' dir='ltr'>in</span> <span class='ocrx_word' id='word_1_28' title='bbox 1452 356 1658 390; x_wconf 86' lang='lat' dir='ltr'>Rationibus</span> 
     </span>
     <span class='ocr_line' id='line_1_5' title="bbox 270 413 1658 459; baseline -0.003 -10"><span class='ocrx_word' id='word_1_29' title='bbox 270 416 499 458; x_wconf 85' lang='lat' dir='ltr'>Sesquitertia</span> <span class='ocrx_word' id='word_1_30' title='bbox 521 416 716 459; x_wconf 84' lang='lat' dir='ltr'>septenarii,</span> <span class='ocrx_word' id='word_1_31' title='bbox 735 420 770 448; x_wconf 94' lang='lat' dir='ltr'>et</span> <span class='ocrx_word' id='word_1_32' title='bbox 788 416 1020 459; x_wconf 81' lang='lat' dir='ltr'>sesquialtera</span> <span class='ocrx_word' id='word_1_33' title='bbox 1044 414 1189 458; x_wconf 89' lang='lat' dir='ltr'>quinarii</span> <span class='ocrx_word' id='word_1_34' title='bbox 1211 413 1439 446; x_wconf 83' lang='lat' dir='ltr'><strong>consistentes</strong></span> <span class='ocrx_word' id='word_1_35' title='bbox 1458 413 1548 446; x_wconf 88' lang='lat' dir='ltr'>intra</span> <span class='ocrx_word' id='word_1_36' title='bbox 1568 413 1658 446; x_wconf 87' lang='lat' dir='ltr'>duo-</span> 
     </span>
     <span class='ocr_line' id='line_1_6' title="bbox 272 469 1656 517; baseline -0.002 -12"><span class='ocrx_word' id='word_1_37' title='bbox 272 472 448 505; x_wconf 90' lang='lat' dir='ltr'>denarium</span> <span class='ocrx_word' id='word_1_38' title='bbox 477 471 826 515; x_wconf 70' lang='lat' dir='ltr'>comprehendunturt</span> <span class='ocrx_word' id='word_1_39' title='bbox 867 472 1083 506; x_wconf 78' lang='lat' dir='ltr'>nihilominus</span> <span class='ocrx_word' id='word_1_40' title='bbox 1118 470 1204 504; x_wconf 91' lang='lat' dir='ltr'>haec</span> <span class='ocrx_word' id='word_1_41' title='bbox 1239 469 1413 517; x_wconf 21' lang='lat' dir='ltr'>expositio,</span> <span class='ocrx_word' id='word_1_42' title='bbox 1438 479 1505 502; x_wconf 92' lang='lat' dir='ltr'>non</span> <span class='ocrx_word' id='word_1_43' title='bbox 1533 474 1586 502; x_wconf 86' lang='lat' dir='ltr'>est</span> <span class='ocrx_word' id='word_1_44' title='bbox 1613 469 1656 502; x_wconf 91' lang='lat' dir='ltr'>ad</span> 
     </span>
     <span class='ocr_line' id='line_1_7' title="bbox 273 525 1658 572; baseline -0.002 -11"><span class='ocrx_word' id='word_1_45' title='bbox 273 529 498 572; x_wconf 87' lang='lat' dir='ltr'>propositum,</span> <span class='ocrx_word' id='word_1_46' title='bbox 516 529 675 571; x_wconf 90' lang='lat' dir='ltr'>quoniam</span> <span class='ocrx_word' id='word_1_47' title='bbox 692 530 802 562; x_wconf 87' lang='lat' dir='ltr'>verbis</span> <span class='ocrx_word' id='word_1_48' title='bbox 824 529 928 572; x_wconf 87' lang='lat' dir='ltr'>ipsius</span> <span class='ocrx_word' id='word_1_49' title='bbox 946 529 1102 562; x_wconf 82' lang='lat' dir='ltr'>Platonis</span> <span class='ocrx_word' id='word_1_50' title='bbox 1126 527 1262 560; x_wconf 78' lang='lat' dir='ltr'>minime</span> <span class='ocrx_word' id='word_1_51' title='bbox 1278 525 1434 569; x_wconf 82' lang='lat' dir='ltr'>quadrat.</span> <span class='ocrx_word' id='word_1_52' title='bbox 1465 536 1544 558; x_wconf 89' lang='lat' dir='ltr'>mox</span> <span class='ocrx_word' id='word_1_53' title='bbox 1568 526 1658 559; x_wconf 88' lang='lat' dir='ltr'>enim</span> 
     </span>
     <span class='ocr_line' id='line_1_8' title="bbox 272 583 1659 626; baseline -0.003 -8"><span class='ocrx_word' id='word_1_54' title='bbox 272 585 450 618; x_wconf 88' lang='lat' dir='ltr'>declarans</span> <span class='ocrx_word' id='word_1_55' title='bbox 469 586 571 618; x_wconf 90' lang='lat' dir='ltr'>Plato</span> <span class='ocrx_word' id='word_1_56' title='bbox 603 585 688 618; x_wconf 87' lang='lat' dir='ltr'>duas</span> <span class='ocrx_word' id='word_1_57' title='bbox 715 585 790 618; x_wconf 87' lang='lat' dir='ltr'>illas</span> <span class='ocrx_word' id='word_1_58' title='bbox 817 585 1031 626; x_wconf 85' lang='lat' dir='ltr'>harmonias,</span> <span class='ocrx_word' id='word_1_59' title='bbox 1062 585 1110 617; x_wconf 90' lang='lat' dir='ltr'>ait</span> <span class='ocrx_word' id='word_1_60' title='bbox 1141 593 1243 616; x_wconf 89' lang='lat' dir='ltr'>unam</span> <span class='ocrx_word' id='word_1_61' title='bbox 1265 583 1400 625; x_wconf 90' lang='lat' dir='ltr'>quidem</span> <span class='ocrx_word' id='word_1_62' title='bbox 1436 593 1552 615; x_wconf 87' lang='lat' dir='ltr'>earum</span> <span class='ocrx_word' id='word_1_63' title='bbox 1582 592 1659 615; x_wconf 84' lang='lat' dir='ltr'>esse</span> 
     </span>
     <span class='ocr_line' id='line_1_9' title="bbox 272 638 1659 684; baseline -0.001 -10"><span class='ocrx_word' id='word_1_64' title='bbox 272 643 450 684; x_wconf 86' lang='lat' dir='ltr'>aequalem</span> <span class='ocrx_word' id='word_1_65' title='bbox 478 642 683 684; x_wconf 89' lang='lat' dir='ltr'>aequaliter,</span> <span class='ocrx_word' id='word_1_66' title='bbox 714 646 847 675; x_wconf 87' lang='lat' dir='ltr'>centum</span> <span class='ocrx_word' id='word_1_67' title='bbox 878 642 1027 683; x_wconf 83' lang='lat' dir='ltr'>centies3</span> <span class='ocrx_word' id='word_1_68' title='bbox 1058 642 1200 674; x_wconf 89' lang='lat' dir='ltr'>alteram</span> <span class='ocrx_word' id='word_1_69' title='bbox 1232 639 1312 673; x_wconf 71' lang='lat' dir='ltr'>verb</span> <span class='ocrx_word' id='word_1_70' title='bbox 1346 639 1499 681; x_wconf 88' lang='lat' dir='ltr'>aequalis</span> <span class='ocrx_word' id='word_1_71' title='bbox 1522 638 1659 681; x_wconf 84' lang='lat' dir='ltr'>quidem</span> 
     </span>
     <span class='ocr_line' id='line_1_10' title="bbox 273 695 1660 741; baseline -0.002 -11"><span class='ocrx_word' id='word_1_72' title='bbox 273 698 504 740; x_wconf 83' lang='lat' dir='ltr'>longitudinis,</span> <span class='ocrx_word' id='word_1_73' title='bbox 536 698 597 731; x_wconf 90' lang='lat' dir='ltr'>sed</span> <span class='ocrx_word' id='word_1_74' title='bbox 616 699 845 741; x_wconf 83' lang='lat' dir='ltr'>praelongiori</span> <span class='ocrx_word' id='word_1_75' title='bbox 865 702 931 732; x_wconf 86' lang='lat' dir='ltr'>etc.</span> <span class='ocrx_word' id='word_1_76' title='bbox 952 703 989 731; x_wconf 90' lang='lat' dir='ltr'>ut</span> <span class='ocrx_word' id='word_1_77' title='bbox 1007 699 1040 730; x_wconf 92' lang='lat' dir='ltr'>in</span> <span class='ocrx_word' id='word_1_78' title='bbox 1059 697 1290 740; x_wconf 87' lang='lat' dir='ltr'>superioribus</span> <span class='ocrx_word' id='word_1_79' title='bbox 1310 695 1509 736; x_wconf 89' lang='lat' dir='ltr'>audivimus,</span> <span class='ocrx_word' id='word_1_80' title='bbox 1538 696 1660 738; x_wconf 90' lang='lat' dir='ltr'>quibus</span> 
     </span>
     <span class='ocr_line' id='line_1_11' title="bbox 273 750 1660 798; baseline -0.003 -10"><span class='ocrx_word' id='word_1_81' title='bbox 273 755 376 798; x_wconf 68' lang='lat' dir='ltr'>porri)</span> <span class='ocrx_word' id='word_1_82' title='bbox 389 755 544 788; x_wconf 83' lang='lat' dir='ltr'>Platonis</span> <span class='ocrx_word' id='word_1_83' title='bbox 568 750 678 787; x_wconf 69' lang='lat' dir='ltr'>verbis</span> <span class='ocrx_word' id='word_1_84' title='bbox 700 764 777 787; x_wconf 86' lang='lat' dir='ltr'>mea</span> <span class='ocrx_word' id='word_1_85' title='bbox 801 756 934 797; x_wconf 90' lang='lat' dir='ltr'>quidem</span> <span class='ocrx_word' id='word_1_86' title='bbox 953 755 1123 788; x_wconf 88' lang='lat' dir='ltr'>sententia</span> <span class='ocrx_word' id='word_1_87' title='bbox 1134 753 1235 786; x_wconf 84' lang='lat' dir='ltr'>Fabri</span> <span class='ocrx_word' id='word_1_88' title='bbox 1257 752 1424 794; x_wconf 84' lang='lat' dir='ltr'>expositio</span> <span class='ocrx_word' id='word_1_89' title='bbox 1445 762 1660 795; x_wconf 89' lang='lat' dir='ltr'>nequaquam</span> 
     </span>
     <span class='ocr_line' id='line_1_12' title="bbox 272 808 1661 854; baseline -0.001 -11"><span class='ocrx_word' id='word_1_90' title='bbox 272 810 530 844; x_wconf 88' lang='lat' dir='ltr'>accommodari</span> <span class='ocrx_word' id='word_1_91' title='bbox 557 815 681 854; x_wconf 86' lang='lat' dir='ltr'>potest.</span> <span class='ocrx_word' id='word_1_92' title='bbox 730 811 854 846; x_wconf 81' lang='lat' dir='ltr'>Quoad</span> <span class='ocrx_word' id='word_1_93' title='bbox 878 816 1059 852; x_wconf 85' lang='lat' dir='ltr'>octavum,</span> <span class='ocrx_word' id='word_1_94' title='bbox 1087 810 1145 843; x_wconf 90' lang='lat' dir='ltr'>ubi</span> <span class='ocrx_word' id='word_1_95' title='bbox 1170 809 1253 842; x_wconf 91' lang='lat' dir='ltr'>dicit</span> <span class='ocrx_word' id='word_1_96' title='bbox 1269 809 1451 842; x_wconf 82' lang='lat' dir='ltr'>Platonem</span> <span class='ocrx_word' id='word_1_97' title='bbox 1466 808 1661 842; x_wconf 86' lang='lat' dir='ltr'>nominasse</span> 
     </span>
     <span class='ocr_line' id='line_1_13' title="bbox 273 864 1660 910; baseline -0.001 -10"><span class='ocrx_word' id='word_1_98' title='bbox 273 873 408 900; x_wconf 87' lang='lat' dir='ltr'>centum</span> <span class='ocrx_word' id='word_1_99' title='bbox 433 868 563 900; x_wconf 84' lang='lat' dir='ltr'>centies</span> <span class='ocrx_word' id='word_1_100' title='bbox 591 867 700 910; x_wconf 87' lang='lat' dir='ltr'>ipsum</span> <span class='ocrx_word' id='word_1_101' title='bbox 728 878 902 901; x_wconf 87' lang='lat' dir='ltr'>numerum</span> <span class='ocrx_word' id='word_1_102' title='bbox 929 868 1091 908; x_wconf 87' lang='lat' dir='ltr'>fatalem,</span> <span class='ocrx_word' id='word_1_103' title='bbox 1121 870 1188 899; x_wconf 90' lang='lat' dir='ltr'>etc.</span> <span class='ocrx_word' id='word_1_104' title='bbox 1246 865 1332 898; x_wconf 89' lang='lat' dir='ltr'>Dico</span> <span class='ocrx_word' id='word_1_105' title='bbox 1354 864 1585 907; x_wconf 72' lang='lat' dir='ltr'>quodfalsum</span> <span class='ocrx_word' id='word_1_106' title='bbox 1607 864 1660 898; x_wconf 87' lang='lat' dir='ltr'>di-</span> 
     </span>
     <span class='ocr_line' id='line_1_14' title="bbox 273 921 1660 968; baseline -0.001 -12"><span class='ocrx_word' id='word_1_107' title='bbox 273 925 332 964; x_wconf 90' lang='lat' dir='ltr'>cit,</span> <span class='ocrx_word' id='word_1_108' title='bbox 351 924 459 966; x_wconf 65' lang='lat' dir='ltr'>primi)</span> <span class='ocrx_word' id='word_1_109' title='bbox 479 924 567 956; x_wconf 90' lang='lat' dir='ltr'>enim</span> <span class='ocrx_word' id='word_1_110' title='bbox 579 924 717 956; x_wconf 90' lang='lat' dir='ltr'>verbum</span> <span class='ocrx_word' id='word_1_111' title='bbox 736 923 800 957; x_wconf 87' lang='lat' dir='ltr'>hoc</span> <span class='ocrx_word' id='word_1_112' title='bbox 813 926 931 968; x_wconf 80' lang='lat' dir='ltr'>fatale</span> <span class='ocrx_word' id='word_1_113' title='bbox 947 925 979 957; x_wconf 94' lang='lat' dir='ltr'>in</span> <span class='ocrx_word' id='word_1_114' title='bbox 998 925 1097 956; x_wconf 87' lang='lat' dir='ltr'>litera</span> <span class='ocrx_word' id='word_1_115' title='bbox 1109 922 1263 955; x_wconf 85' lang='lat' dir='ltr'>Platonis</span> <span class='ocrx_word' id='word_1_116' title='bbox 1281 932 1348 954; x_wconf 94' lang='lat' dir='ltr'>non</span> <span class='ocrx_word' id='word_1_117' title='bbox 1366 921 1502 963; x_wconf 83' lang='lat' dir='ltr'>legitur,</span> <span class='ocrx_word' id='word_1_118' title='bbox 1523 921 1660 962; x_wconf 85' lang='lat' dir='ltr'>deinde,</span> 
     </span>
     <span class='ocr_line' id='line_1_15' title="bbox 272 978 1660 1022; baseline -0.002 -9"><span class='ocrx_word' id='word_1_119' title='bbox 272 980 302 1013; x_wconf 92' lang='lat' dir='ltr'>si</span> <span class='ocrx_word' id='word_1_120' title='bbox 319 981 513 1022; x_wconf 85' lang='lat' dir='ltr'>legeretur,</span> <span class='ocrx_word' id='word_1_121' title='bbox 544 981 653 1013; x_wconf 89' lang='lat' dir='ltr'>nullus</span> <span class='ocrx_word' id='word_1_122' title='bbox 687 981 771 1013; x_wconf 90' lang='lat' dir='ltr'>alius</span> <span class='ocrx_word' id='word_1_123' title='bbox 795 991 955 1014; x_wconf 89' lang='lat' dir='ltr'>numerus</span> <span class='ocrx_word' id='word_1_124' title='bbox 974 981 993 1013; x_wconf 73' lang='lat' dir='ltr'>a</span> <span class='ocrx_word' id='word_1_125' title='bbox 1014 980 1158 1013; x_wconf 87' lang='lat' dir='ltr'>Platone</span> <span class='ocrx_word' id='word_1_126' title='bbox 1185 978 1296 1011; x_wconf 89' lang='lat' dir='ltr'>fatalis</span> <span class='ocrx_word' id='word_1_127' title='bbox 1314 978 1566 1021; x_wconf 85' lang='lat' dir='ltr'>appellaretur,</span> <span class='ocrx_word' id='word_1_128' title='bbox 1594 978 1660 1011; x_wconf 87' lang='lat' dir='ltr'>nisi</span> 
     </span>
     <span class='ocr_line' id='line_1_16' title="bbox 271 1035 1660 1079; baseline -0.001 -11"><span class='ocrx_word' id='word_1_129' title='bbox 271 1036 328 1070; x_wconf 88' lang='lat' dir='ltr'>ille</span> <span class='ocrx_word' id='word_1_130' title='bbox 363 1037 452 1070; x_wconf 73' lang='lat'>1728</span> <span class='ocrx_word' id='word_1_131' title='bbox 483 1046 642 1069; x_wconf 90' lang='lat' dir='ltr'>numerus</span> <span class='ocrx_word' id='word_1_132' title='bbox 672 1037 932 1076; x_wconf 87' lang='lat' dir='ltr'>Geometricus,</span> <span class='ocrx_word' id='word_1_133' title='bbox 966 1037 1091 1079; x_wconf 87' lang='lat' dir='ltr'>quippe</span> <span class='ocrx_word' id='word_1_134' title='bbox 1120 1035 1176 1077; x_wconf 91' lang='lat' dir='ltr'>qui</span> <span class='ocrx_word' id='word_1_135' title='bbox 1214 1044 1325 1067; x_wconf 88' lang='lat' dir='ltr'>rerum</span> <span class='ocrx_word' id='word_1_136' title='bbox 1358 1037 1505 1076; x_wconf 89' lang='lat' dir='ltr'>statum,</span> <span class='ocrx_word' id='word_1_137' title='bbox 1534 1039 1660 1077; x_wconf 90' lang='lat' dir='ltr'>ortum,</span> 
     </span>
     <span class='ocr_line' id='line_1_17' title="bbox 271 1091 1659 1136; baseline -0.001 -11"><span class='ocrx_word' id='word_1_138' title='bbox 271 1097 375 1135; x_wconf 83' lang='lat' dir='ltr'>atque</span> <span class='ocrx_word' id='word_1_139' title='bbox 402 1093 576 1125; x_wconf 88' lang='lat' dir='ltr'>interitum</span> <span class='ocrx_word' id='word_1_140' title='bbox 603 1094 782 1135; x_wconf 85' lang='lat' dir='ltr'>significat.</span> <span class='ocrx_word' id='word_1_141' title='bbox 841 1094 958 1136; x_wconf 80' lang='lat' dir='ltr'>Quare</span> <span class='ocrx_word' id='word_1_142' title='bbox 984 1094 1075 1126; x_wconf 90' lang='lat' dir='ltr'>nullo</span> <span class='ocrx_word' id='word_1_143' title='bbox 1110 1091 1212 1125; x_wconf 90' lang='lat' dir='ltr'>modo</span> <span class='ocrx_word' id='word_1_144' title='bbox 1241 1091 1342 1124; x_wconf 85' lang='lat' dir='ltr'>Plato</span> <span class='ocrx_word' id='word_1_145' title='bbox 1372 1095 1509 1123; x_wconf 89' lang='lat' dir='ltr'>centum</span> <span class='ocrx_word' id='word_1_146' title='bbox 1529 1092 1659 1124; x_wconf 83' lang='lat' dir='ltr'>centies</span> 
     </span>
     <span class='ocr_line' id='line_1_18' title="bbox 272 1145 1659 1193; baseline -0.001 -10"><span class='ocrx_word' id='word_1_147' title='bbox 272 1159 448 1183; x_wconf 90' lang='lat' dir='ltr'>numerum</span> <span class='ocrx_word' id='word_1_148' title='bbox 474 1149 610 1182; x_wconf 84' lang='lat' dir='ltr'>fatalem</span> <span class='ocrx_word' id='word_1_149' title='bbox 630 1151 780 1192; x_wconf 75' lang='lat' dir='ltr'>vocavit,</span> <span class='ocrx_word' id='word_1_150' title='bbox 813 1151 888 1183; x_wconf 79' lang='lat' dir='ltr'>cnm</span> <span class='ocrx_word' id='word_1_151' title='bbox 921 1150 994 1193; x_wconf 89' lang='lat' dir='ltr'>ipse</span> <span class='ocrx_word' id='word_1_152' title='bbox 1025 1152 1159 1182; x_wconf 91' lang='lat' dir='ltr'>centum</span> <span class='ocrx_word' id='word_1_153' title='bbox 1184 1148 1335 1188; x_wconf 88' lang='lat' dir='ltr'>centies,</span> <span class='ocrx_word' id='word_1_154' title='bbox 1366 1145 1433 1180; x_wconf 91' lang='lat' dir='ltr'>hoc</span> <span class='ocrx_word' id='word_1_155' title='bbox 1465 1151 1518 1180; x_wconf 87' lang='lat' dir='ltr'>est</span> <span class='ocrx_word' id='word_1_156' title='bbox 1538 1148 1659 1181; x_wconf 87' lang='lat' dir='ltr'>decem</span> 
     </span>
     <span class='ocr_line' id='line_1_19' title="bbox 272 1204 1658 1249; baseline 0.001 -11"><span class='ocrx_word' id='word_1_157' title='bbox 272 1206 375 1239; x_wconf 91' lang='lat' dir='ltr'>millia</span> <span class='ocrx_word' id='word_1_158' title='bbox 407 1216 567 1239; x_wconf 92' lang='lat' dir='ltr'>numerus</span> <span class='ocrx_word' id='word_1_159' title='bbox 608 1206 650 1239; x_wconf 91' lang='lat' dir='ltr'>ab</span> <span class='ocrx_word' id='word_1_160' title='bbox 682 1207 756 1249; x_wconf 91' lang='lat' dir='ltr'>ipso</span> <span class='ocrx_word' id='word_1_161' title='bbox 787 1206 877 1240; x_wconf 73' lang='lat'>1728</span> <span class='ocrx_word' id='word_1_162' title='bbox 908 1206 987 1239; x_wconf 78' lang='lat' dir='ltr'>vere</span> <span class='ocrx_word' id='word_1_163' title='bbox 1017 1205 1113 1239; x_wconf 81' lang='lat' dir='ltr'>fatali</span> <span class='ocrx_word' id='word_1_164' title='bbox 1149 1214 1289 1238; x_wconf 90' lang='lat' dir='ltr'>numero</span> <span class='ocrx_word' id='word_1_165' title='bbox 1326 1204 1473 1236; x_wconf 81' lang='lat' dir='ltr'>maxime</span> <span class='ocrx_word' id='word_1_166' title='bbox 1510 1204 1658 1240; x_wconf 79' lang='lat' dir='ltr'>differat.</span> 
     </span>
     <span class='ocr_line' id='line_1_20' title="bbox 273 1260 1660 1305; baseline 0 -11"><span class='ocrx_word' id='word_1_167' title='bbox 273 1262 399 1298; x_wconf 80' lang='lat' dir='ltr'>Quoad</span> <span class='ocrx_word' id='word_1_168' title='bbox 417 1273 541 1295; x_wconf 91' lang='lat' dir='ltr'>nonum</span> <span class='ocrx_word' id='word_1_169' title='bbox 556 1288 566 1304; x_wconf 93' lang='lat'>,</span> <span class='ocrx_word' id='word_1_170' title='bbox 596 1263 653 1295; x_wconf 93' lang='lat' dir='ltr'>ubi</span> <span class='ocrx_word' id='word_1_171' title='bbox 671 1263 786 1296; x_wconf 85' lang='lat' dir='ltr'>Faber</span> <span class='ocrx_word' id='word_1_172' title='bbox 802 1263 910 1305; x_wconf 87' lang='lat' dir='ltr'>inquit</span> <span class='ocrx_word' id='word_1_173' title='bbox 926 1263 1106 1295; x_wconf 85' lang='lat' dir='ltr'>Platonem</span> <span class='ocrx_word' id='word_1_174' title='bbox 1135 1261 1326 1304; x_wconf 87' lang='lat' dir='ltr'>appellasse</span> <span class='ocrx_word' id='word_1_175' title='bbox 1346 1260 1478 1292; x_wconf 91' lang='lat' dir='ltr'>Cubum</span> <span class='ocrx_word' id='word_1_176' title='bbox 1496 1260 1660 1294; x_wconf 87' lang='lat' dir='ltr'>trinitatis</span> 
     </span>
     <span class='ocr_line' id='line_1_21' title="bbox 271 1315 1660 1361; baseline -0.001 -10"><span class='ocrx_word' id='word_1_177' title='bbox 271 1318 383 1361; x_wconf 88' lang='lat' dir='ltr'>ipsum</span> <span class='ocrx_word' id='word_1_178' title='bbox 414 1319 549 1352; x_wconf 89' lang='lat' dir='ltr'>millena</span> <span class='ocrx_word' id='word_1_179' title='bbox 585 1319 686 1352; x_wconf 91' lang='lat' dir='ltr'>millia</span> <span class='ocrx_word' id='word_1_180' title='bbox 708 1320 839 1352; x_wconf 89' lang='lat' dir='ltr'>Cubum</span> <span class='ocrx_word' id='word_1_181' title='bbox 860 1319 1092 1352; x_wconf 79' lang='lat' dir='ltr'>acentenario</span> <span class='ocrx_word' id='word_1_182' title='bbox 1120 1317 1322 1361; x_wconf 86' lang='lat' dir='ltr'>productum</span> <span class='ocrx_word' id='word_1_183' title='bbox 1353 1315 1483 1349; x_wconf 89' lang='lat' dir='ltr'>duabus</span> <span class='ocrx_word' id='word_1_184' title='bbox 1509 1318 1573 1351; x_wconf 87' lang='lat' dir='ltr'>illis</span> <span class='ocrx_word' id='word_1_185' title='bbox 1601 1328 1660 1351; x_wconf 88' lang='lat' dir='ltr'>ra-</span> 
     </span>
     <span class='ocr_line' id='line_1_22' title="bbox 274 1372 1659 1418; baseline -0.001 -10"><span class='ocrx_word' id='word_1_186' title='bbox 274 1375 423 1408; x_wconf 90' lang='lat' dir='ltr'>tionibus</span> <span class='ocrx_word' id='word_1_187' title='bbox 442 1375 599 1408; x_wconf 85' lang='lat' dir='ltr'>adductis</span> <span class='ocrx_word' id='word_1_188' title='bbox 618 1376 637 1408; x_wconf 81' lang='lat' dir='ltr'>a</span> <span class='ocrx_word' id='word_1_189' title='bbox 657 1376 782 1417; x_wconf 89' lang='lat' dir='ltr'>Fabro,</span> <span class='ocrx_word' id='word_1_190' title='bbox 818 1386 902 1418; x_wconf 90' lang='lat' dir='ltr'>quas</span> <span class='ocrx_word' id='word_1_191' title='bbox 920 1376 985 1408; x_wconf 89' lang='lat' dir='ltr'>iam</span> <span class='ocrx_word' id='word_1_192' title='bbox 1005 1375 1271 1408; x_wconf 82' lang='lat' dir='ltr'>declaravimus:</span> <span class='ocrx_word' id='word_1_193' title='bbox 1302 1372 1380 1405; x_wconf 89' lang='lat' dir='ltr'>dico</span> <span class='ocrx_word' id='word_1_194' title='bbox 1402 1373 1492 1415; x_wconf 72' lang='lat' dir='ltr'>qubd</span> <span class='ocrx_word' id='word_1_195' title='bbox 1512 1374 1659 1407; x_wconf 77' lang='lat' dir='ltr'>maxime</span> 
     </span>
     <span class='ocr_line' id='line_1_23' title="bbox 272 1429 1660 1474; baseline 0 -10"><span class='ocrx_word' id='word_1_196' title='bbox 272 1431 455 1474; x_wconf 81' lang='lat' dir='ltr'>decipitur.</span> <span class='ocrx_word' id='word_1_197' title='bbox 486 1433 628 1474; x_wconf 86' lang='lat' dir='ltr'>quanvis</span> <span class='ocrx_word' id='word_1_198' title='bbox 648 1433 737 1466; x_wconf 90' lang='lat' dir='ltr'>enim</span> <span class='ocrx_word' id='word_1_199' title='bbox 762 1443 823 1474; x_wconf 87' lang='lat' dir='ltr'>ea,</span> <span class='ocrx_word' id='word_1_200' title='bbox 854 1443 942 1474; x_wconf 89' lang='lat' dir='ltr'>quae</span> <span class='ocrx_word' id='word_1_201' title='bbox 962 1432 1045 1465; x_wconf 88' lang='lat' dir='ltr'>dicit</span> <span class='ocrx_word' id='word_1_202' title='bbox 1074 1431 1290 1470; x_wconf 87' lang='lat' dir='ltr'>acutissima,</span> <span class='ocrx_word' id='word_1_203' title='bbox 1320 1429 1660 1473; x_wconf 84' lang='lat' dir='ltr'>ingeniosissimaque</span> 
     </span>
     <span class='ocr_line' id='line_1_24' title="bbox 272 1486 1659 1530; baseline 0 -10"><span class='ocrx_word' id='word_1_204' title='bbox 272 1488 359 1521; x_wconf 86' lang='lat' dir='ltr'>sint:</span> <span class='ocrx_word' id='word_1_205' title='bbox 392 1492 545 1521; x_wconf 86' lang='lat' dir='ltr'>attamen</span> <span class='ocrx_word' id='word_1_206' title='bbox 579 1487 658 1521; x_wconf 86' lang='lat' dir='ltr'>huic</span> <span class='ocrx_word' id='word_1_207' title='bbox 677 1490 753 1522; x_wconf 89' lang='lat' dir='ltr'>loco</span> <span class='ocrx_word' id='word_1_208' title='bbox 777 1500 843 1522; x_wconf 92' lang='lat' dir='ltr'>non</span> <span class='ocrx_word' id='word_1_209' title='bbox 872 1489 1097 1529; x_wconf 89' lang='lat' dir='ltr'>conveniunt,</span> <span class='ocrx_word' id='word_1_210' title='bbox 1127 1487 1252 1530; x_wconf 89' lang='lat' dir='ltr'>quippe</span> <span class='ocrx_word' id='word_1_211' title='bbox 1281 1486 1357 1519; x_wconf 80' lang='lat' dir='ltr'>cum</span> <span class='ocrx_word' id='word_1_212' title='bbox 1379 1486 1452 1528; x_wconf 88' lang='lat' dir='ltr'>ipse</span> <span class='ocrx_word' id='word_1_213' title='bbox 1470 1487 1571 1521; x_wconf 90' lang='lat' dir='ltr'>Plato</span> <span class='ocrx_word' id='word_1_214' title='bbox 1590 1498 1659 1520; x_wconf 92' lang='lat' dir='ltr'>non</span> 
     </span>
     <span class='ocr_line' id='line_1_25' title="bbox 273 1539 1659 1590; baseline 0.001 -14"><span class='ocrx_word' id='word_1_215' title='bbox 273 1544 317 1577; x_wconf 89' lang='lat' dir='ltr'>de</span> <span class='ocrx_word' id='word_1_216' title='bbox 342 1545 442 1576; x_wconf 90' lang='lat' dir='ltr'>unico</span> <span class='ocrx_word' id='word_1_217' title='bbox 462 1549 596 1578; x_wconf 91' lang='lat' dir='ltr'>tantum</span> <span class='ocrx_word' id='word_1_218' title='bbox 630 1545 727 1578; x_wconf 90' lang='lat' dir='ltr'>Cubo</span> <span class='ocrx_word' id='word_1_219' title='bbox 754 1545 915 1578; x_wconf 85' lang='lat' dir='ltr'>trinitatis</span> <span class='ocrx_word' id='word_1_220' title='bbox 945 1542 1002 1590; x_wconf 92' lang='lat' dir='ltr'>(ut</span> <span class='ocrx_word' id='word_1_221' title='bbox 1018 1545 1131 1578; x_wconf 86' lang='lat' dir='ltr'>Faber</span> <span class='ocrx_word' id='word_1_222' title='bbox 1151 1539 1275 1588; x_wconf 88' lang='lat' dir='ltr'>voluit)</span> <span class='ocrx_word' id='word_1_223' title='bbox 1307 1542 1364 1575; x_wconf 89' lang='lat' dir='ltr'>hic</span> <span class='ocrx_word' id='word_1_224' title='bbox 1387 1543 1564 1585; x_wconf 89' lang='lat' dir='ltr'>loquatur,</span> <span class='ocrx_word' id='word_1_225' title='bbox 1597 1544 1659 1577; x_wconf 89' lang='lat' dir='ltr'>sed</span> 
     </span>
     <span class='ocr_line' id='line_1_26' title="bbox 273 1599 1661 1644; baseline 0.001 -11"><span class='ocrx_word' id='word_1_226' title='bbox 273 1600 317 1633; x_wconf 91' lang='lat' dir='ltr'>de</span> <span class='ocrx_word' id='word_1_227' title='bbox 339 1605 475 1634; x_wconf 87' lang='lat' dir='ltr'>centum</span> <span class='ocrx_word' id='word_1_228' title='bbox 498 1602 603 1634; x_wconf 84' lang='lat' dir='ltr'>Cubis</span> <span class='ocrx_word' id='word_1_229' title='bbox 632 1602 804 1641; x_wconf 88' lang='lat' dir='ltr'>trinitatis,</span> <span class='ocrx_word' id='word_1_230' title='bbox 836 1612 878 1634; x_wconf 83' lang='lat' dir='ltr'>ex</span> <span class='ocrx_word' id='word_1_231' title='bbox 898 1603 1018 1644; x_wconf 92' lang='lat' dir='ltr'>quibus</span> <span class='ocrx_word' id='word_1_232' title='bbox 1038 1600 1226 1634; x_wconf 90' lang='lat' dir='ltr'>secundam</span> <span class='ocrx_word' id='word_1_233' title='bbox 1245 1600 1387 1632; x_wconf 90' lang='lat' dir='ltr'>duarum</span> <span class='ocrx_word' id='word_1_234' title='bbox 1406 1599 1661 1634; x_wconf 88' lang='lat' dir='ltr'>harmoniarum</span> 
     </span>
     <span class='ocr_line' id='line_1_27' title="bbox 273 1654 1660 1700; baseline 0 -10"><span class='ocrx_word' id='word_1_235' title='bbox 273 1661 434 1690; x_wconf 87' lang='lat' dir='ltr'>constare</span> <span class='ocrx_word' id='word_1_236' title='bbox 463 1657 556 1690; x_wconf 86' lang='lat' dir='ltr'>dicit.</span> <span class='ocrx_word' id='word_1_237' title='bbox 624 1658 725 1691; x_wconf 76' lang='lat' dir='ltr'>Unde</span> <span class='ocrx_word' id='word_1_238' title='bbox 758 1659 786 1691; x_wconf 89' lang='lat' dir='ltr'>si</span> <span class='ocrx_word' id='word_1_239' title='bbox 815 1658 949 1691; x_wconf 81' lang='lat' dir='ltr'>Cabum</span> <span class='ocrx_word' id='word_1_240' title='bbox 970 1658 1132 1691; x_wconf 83' lang='lat' dir='ltr'>trinitatis</span> <span class='ocrx_word' id='word_1_241' title='bbox 1165 1656 1357 1699; x_wconf 87' lang='lat' dir='ltr'>accepisset</span> <span class='ocrx_word' id='word_1_242' title='bbox 1385 1654 1440 1689; x_wconf 85' lang='lat' dir='ltr'>hic</span> <span class='ocrx_word' id='word_1_243' title='bbox 1466 1657 1568 1690; x_wconf 86' lang='lat' dir='ltr'>Plato</span> <span class='ocrx_word' id='word_1_244' title='bbox 1597 1668 1660 1700; x_wconf 90' lang='lat' dir='ltr'>pro</span> 
     </span>
     <span class='ocr_line' id='line_1_28' title="bbox 273 1711 1660 1758; baseline 0.001 -12"><span class='ocrx_word' id='word_1_245' title='bbox 273 1714 371 1746; x_wconf 89' lang='lat' dir='ltr'>Cubo</span> <span class='ocrx_word' id='word_1_246' title='bbox 399 1714 587 1747; x_wconf 86' lang='lat' dir='ltr'>centenarii</span> <span class='ocrx_word' id='word_1_247' title='bbox 615 1713 673 1758; x_wconf 83' lang='lat' dir='ltr'>(nt</span> <span class='ocrx_word' id='word_1_248' title='bbox 691 1715 803 1747; x_wconf 88' lang='lat' dir='ltr'>Faber</span> <span class='ocrx_word' id='word_1_249' title='bbox 818 1712 906 1758; x_wconf 87' lang='lat' dir='ltr'>vult)</span> <span class='ocrx_word' id='word_1_250' title='bbox 936 1718 1138 1756; x_wconf 85' lang='lat' dir='ltr'>sequeretur</span> <span class='ocrx_word' id='word_1_251' title='bbox 1157 1724 1199 1746; x_wconf 85' lang='lat' dir='ltr'>ex</span> <span class='ocrx_word' id='word_1_252' title='bbox 1224 1713 1335 1745; x_wconf 80' lang='lat' dir='ltr'>verbis</span> <span class='ocrx_word' id='word_1_253' title='bbox 1363 1711 1538 1755; x_wconf 90' lang='lat' dir='ltr'>Platonis,</span> <span class='ocrx_word' id='word_1_254' title='bbox 1568 1713 1660 1756; x_wconf 80' lang='lat' dir='ltr'>quod</span> 
     </span>
     <span class='ocr_line' id='line_1_29' title="bbox 272 1769 1661 1813; baseline 0.001 -11"><span class='ocrx_word' id='word_1_255' title='bbox 272 1769 348 1813; x_wconf 88' lang='lat' dir='ltr'>ipsa</span> <span class='ocrx_word' id='word_1_256' title='bbox 368 1770 520 1803; x_wconf 87' lang='lat' dir='ltr'>secunda</span> <span class='ocrx_word' id='word_1_257' title='bbox 551 1769 728 1803; x_wconf 87' lang='lat' dir='ltr'>harmonia</span> <span class='ocrx_word' id='word_1_258' title='bbox 749 1775 924 1804; x_wconf 87' lang='lat' dir='ltr'>constaret</span> <span class='ocrx_word' id='word_1_259' title='bbox 945 1780 987 1804; x_wconf 84' lang='lat' dir='ltr'>ex</span> <span class='ocrx_word' id='word_1_260' title='bbox 1003 1774 1139 1803; x_wconf 89' lang='lat' dir='ltr'>centum</span> <span class='ocrx_word' id='word_1_261' title='bbox 1168 1770 1271 1802; x_wconf 88' lang='lat' dir='ltr'>Cubis</span> <span class='ocrx_word' id='word_1_262' title='bbox 1292 1770 1502 1811; x_wconf 87' lang='lat' dir='ltr'>centenarii,</span> <span class='ocrx_word' id='word_1_263' title='bbox 1533 1770 1589 1813; x_wconf 89' lang='lat' dir='ltr'>qui</span> <span class='ocrx_word' id='word_1_264' title='bbox 1608 1769 1661 1803; x_wconf 89' lang='lat' dir='ltr'>fa-</span> 
     </span>
     <span class='ocr_line' id='line_1_30' title="bbox 272 1824 1662 1869; baseline 0.001 -10"><span class='ocrx_word' id='word_1_265' title='bbox 272 1827 368 1859; x_wconf 83' lang='lat' dir='ltr'>ciunt</span> <span class='ocrx_word' id='word_1_266' title='bbox 393 1828 520 1859; x_wconf 91' lang='lat' dir='ltr'>centies</span> <span class='ocrx_word' id='word_1_267' title='bbox 548 1828 683 1860; x_wconf 89' lang='lat' dir='ltr'>millena</span> <span class='ocrx_word' id='word_1_268' title='bbox 712 1828 826 1860; x_wconf 89' lang='lat' dir='ltr'>millia.</span> <span class='ocrx_word' id='word_1_269' title='bbox 856 1827 948 1869; x_wconf 71' lang='lat' dir='ltr'>qubd</span> <span class='ocrx_word' id='word_1_270' title='bbox 979 1831 1094 1859; x_wconf 87' lang='lat' dir='ltr'>autem</span> <span class='ocrx_word' id='word_1_271' title='bbox 1121 1831 1243 1859; x_wconf 89' lang='lat' dir='ltr'>neutra</span> <span class='ocrx_word' id='word_1_272' title='bbox 1271 1835 1314 1858; x_wconf 86' lang='lat' dir='ltr'>ex</span> <span class='ocrx_word' id='word_1_273' title='bbox 1345 1824 1476 1858; x_wconf 88' lang='lat' dir='ltr'>duabus</span> <span class='ocrx_word' id='word_1_274' title='bbox 1505 1827 1662 1861; x_wconf 85' lang='lat' dir='ltr'>Platonis</span> 
     </span>
     <span class='ocr_line' id='line_1_31' title="bbox 272 1881 1660 1923; baseline 0.001 -8"><span class='ocrx_word' id='word_1_275' title='bbox 272 1881 460 1916; x_wconf 86' lang='lat' dir='ltr'>harmoniis</span> <span class='ocrx_word' id='word_1_276' title='bbox 481 1881 570 1916; x_wconf 89' lang='lat' dir='ltr'>hunc</span> <span class='ocrx_word' id='word_1_277' title='bbox 598 1883 632 1916; x_wconf 93' lang='lat' dir='ltr'>in</span> <span class='ocrx_word' id='word_1_278' title='bbox 654 1894 690 1916; x_wconf 90' lang='lat' dir='ltr'>se</span> <span class='ocrx_word' id='word_1_279' title='bbox 712 1894 887 1917; x_wconf 91' lang='lat' dir='ltr'>numerum</span> <span class='ocrx_word' id='word_1_280' title='bbox 917 1884 1112 1923; x_wconf 88' lang='lat' dir='ltr'>contineat,</span> <span class='ocrx_word' id='word_1_281' title='bbox 1143 1887 1215 1915; x_wconf 91' lang='lat' dir='ltr'>tum</span> <span class='ocrx_word' id='word_1_282' title='bbox 1243 1881 1339 1914; x_wconf 87' lang='lat' dir='ltr'>iuxta</span> <span class='ocrx_word' id='word_1_283' title='bbox 1368 1886 1522 1915; x_wconf 88' lang='lat' dir='ltr'>nostram</span> <span class='ocrx_word' id='word_1_284' title='bbox 1544 1893 1660 1917; x_wconf 87' lang='lat' dir='ltr'>veram</span> 
     </span>
     <span class='ocr_line' id='line_1_32' title="bbox 274 1937 1660 1981; baseline 0.001 -10"><span class='ocrx_word' id='word_1_285' title='bbox 274 1938 418 1972; x_wconf 87' lang='lat' dir='ltr'>duarum</span> <span class='ocrx_word' id='word_1_286' title='bbox 448 1938 704 1973; x_wconf 89' lang='lat' dir='ltr'>harmoniarum</span> <span class='ocrx_word' id='word_1_287' title='bbox 735 1940 1023 1981; x_wconf 86' lang='lat' dir='ltr'>declarationem,</span> <span class='ocrx_word' id='word_1_288' title='bbox 1062 1942 1133 1972; x_wconf 90' lang='lat' dir='ltr'>tum</span> <span class='ocrx_word' id='word_1_289' title='bbox 1157 1939 1260 1971; x_wconf 89' lang='lat' dir='ltr'>etiam</span> <span class='ocrx_word' id='word_1_290' title='bbox 1282 1938 1378 1970; x_wconf 79' lang='lat' dir='ltr'>iuxta</span> <span class='ocrx_word' id='word_1_291' title='bbox 1403 1937 1524 1972; x_wconf 90' lang='lat' dir='ltr'>falsam</span> <span class='ocrx_word' id='word_1_292' title='bbox 1554 1940 1660 1973; x_wconf 89' lang='lat' dir='ltr'>Fabri</span> 
     </span>
     <span class='ocr_line' id='line_1_33' title="bbox 273 1993 1661 2039; baseline 0.001 -11"><span class='ocrx_word' id='word_1_293' title='bbox 273 1995 460 2029; x_wconf 89' lang='lat' dir='ltr'>earundem</span> <span class='ocrx_word' id='word_1_294' title='bbox 479 1997 726 2039; x_wconf 81' lang='lat' dir='ltr'>expositionem</span> <span class='ocrx_word' id='word_1_295' title='bbox 746 1997 960 2039; x_wconf 89' lang='lat' dir='ltr'>perspicuum</span> <span class='ocrx_word' id='word_1_296' title='bbox 993 2000 1063 2036; x_wconf 89' lang='lat' dir='ltr'>est,</span> <span class='ocrx_word' id='word_1_297' title='bbox 1093 2005 1203 2037; x_wconf 88' lang='lat' dir='ltr'>neque</span> <span class='ocrx_word' id='word_1_298' title='bbox 1231 1994 1319 2027; x_wconf 90' lang='lat' dir='ltr'>enim</span> <span class='ocrx_word' id='word_1_299' title='bbox 1350 1993 1418 2028; x_wconf 94' lang='lat' dir='ltr'>duo</span> <span class='ocrx_word' id='word_1_300' title='bbox 1443 1996 1573 2029; x_wconf 88' lang='lat' dir='ltr'>numeri</span> <span class='ocrx_word' id='word_1_301' title='bbox 1598 1996 1661 2029; x_wconf 89' lang='lat' dir='ltr'>de·-</span> 
     </span>
     <span class='ocr_line' id='line_1_34' title="bbox 274 2051 1660 2095; baseline 0.001 -10"><span class='ocrx_word' id='word_1_302' title='bbox 274 2063 349 2085; x_wconf 88' lang='lat' dir='ltr'>cem</span> <span class='ocrx_word' id='word_1_303' title='bbox 371 2052 494 2094; x_wconf 88' lang='lat' dir='ltr'>millia,</span> <span class='ocrx_word' id='word_1_304' title='bbox 524 2058 560 2086; x_wconf 90' lang='lat' dir='ltr'>et</span> <span class='ocrx_word' id='word_1_305' title='bbox 575 2053 712 2086; x_wconf 88' lang='lat' dir='ltr'>millena</span> <span class='ocrx_word' id='word_1_306' title='bbox 729 2053 853 2093; x_wconf 88' lang='lat' dir='ltr'>millia;</span> <span class='ocrx_word' id='word_1_307' title='bbox 882 2063 991 2095; x_wconf 89' lang='lat' dir='ltr'>neque</span> <span class='ocrx_word' id='word_1_308' title='bbox 1015 2052 1104 2085; x_wconf 89' lang='lat' dir='ltr'>duae</span> <span class='ocrx_word' id='word_1_309' title='bbox 1127 2051 1315 2092; x_wconf 81' lang='lat' dir='ltr'>Rationes,</span> <span class='ocrx_word' id='word_1_310' title='bbox 1345 2051 1594 2094; x_wconf 89' lang='lat' dir='ltr'>Sesquitertia,</span> <span class='ocrx_word' id='word_1_311' title='bbox 1624 2056 1660 2086; x_wconf 87' lang='lat' dir='ltr'>et</span> 
     </span>
     <span class='ocr_line' id='line_1_35' title="bbox 275 2107 1658 2153; baseline 0.001 -11"><span class='ocrx_word' id='word_1_312' title='bbox 275 2108 511 2151; x_wconf 86' lang='lat' dir='ltr'>Sesquialtera</span> <span class='ocrx_word' id='word_1_313' title='bbox 539 2119 715 2143; x_wconf 87' lang='lat' dir='ltr'>numerum</span> <span class='ocrx_word' id='word_1_314' title='bbox 748 2110 857 2152; x_wconf 89' lang='lat' dir='ltr'>ipsum</span> <span class='ocrx_word' id='word_1_315' title='bbox 882 2109 1010 2143; x_wconf 86' lang='lat' dir='ltr'>centies</span> <span class='ocrx_word' id='word_1_316' title='bbox 1030 2109 1165 2142; x_wconf 86' lang='lat' dir='ltr'>millena</span> <span class='ocrx_word' id='word_1_317' title='bbox 1192 2108 1296 2141; x_wconf 87' lang='lat' dir='ltr'>millia</span> <span class='ocrx_word' id='word_1_318' title='bbox 1318 2107 1352 2140; x_wconf 90' lang='lat' dir='ltr'>in</span> <span class='ocrx_word' id='word_1_319' title='bbox 1376 2118 1413 2141; x_wconf 91' lang='lat' dir='ltr'>se</span> <span class='ocrx_word' id='word_1_320' title='bbox 1432 2108 1658 2153; x_wconf 88' lang='lat' dir='ltr'>comprehen-</span> 
     </span>
     <span class='ocr_line' id='line_1_36' title="bbox 274 2163 1659 2208; baseline 0.001 -10"><span class='ocrx_word' id='word_1_321' title='bbox 274 2165 358 2198; x_wconf 87' lang='lat' dir='ltr'>dere</span> <span class='ocrx_word' id='word_1_322' title='bbox 381 2170 535 2208; x_wconf 86' lang='lat' dir='ltr'>possunt.</span> <span class='ocrx_word' id='word_1_323' title='bbox 594 2166 718 2202; x_wconf 81' lang='lat' dir='ltr'>Quoad</span> <span class='ocrx_word' id='word_1_324' title='bbox 736 2166 903 2199; x_wconf 88' lang='lat' dir='ltr'>decimum</span> <span class='ocrx_word' id='word_1_325' title='bbox 936 2166 991 2198; x_wconf 90' lang='lat' dir='ltr'>ubi</span> <span class='ocrx_word' id='word_1_326' title='bbox 1008 2165 1056 2198; x_wconf 89' lang='lat' dir='ltr'>ait</span> <span class='ocrx_word' id='word_1_327' title='bbox 1074 2165 1187 2198; x_wconf 89' lang='lat' dir='ltr'>Faber</span> <span class='ocrx_word' id='word_1_328' title='bbox 1203 2164 1289 2197; x_wconf 90' lang='lat' dir='ltr'>duas</span> <span class='ocrx_word' id='word_1_329' title='bbox 1309 2163 1444 2206; x_wconf 87' lang='lat' dir='ltr'>quidem</span> <span class='ocrx_word' id='word_1_330' title='bbox 1462 2166 1659 2200; x_wconf 89' lang='lat' dir='ltr'>Diametros</span> 
     </span>
     <span class='ocr_line' id='line_1_37' title="bbox 277 2220 1659 2265; baseline 0.001 -11"><span class='ocrx_word' id='word_1_331' title='bbox 277 2221 436 2264; x_wconf 89' lang='lat' dir='ltr'>quinitati</span> <span class='ocrx_word' id='word_1_332' title='bbox 458 2223 726 2265; x_wconf 86' lang='lat' dir='ltr'>comparabiles,</span> <span class='ocrx_word' id='word_1_333' title='bbox 757 2226 859 2265; x_wconf 91' lang='lat' dir='ltr'>atque</span> <span class='ocrx_word' id='word_1_334' title='bbox 886 2222 1159 2265; x_wconf 81' lang='lat' dir='ltr'>proportionales</span> <span class='ocrx_word' id='word_1_335' title='bbox 1177 2220 1358 2254; x_wconf 89' lang='lat' dir='ltr'>Platonem</span> <span class='ocrx_word' id='word_1_336' title='bbox 1388 2221 1514 2256; x_wconf 85' lang='lat' dir='ltr'>dixisse</span> <span class='ocrx_word' id='word_1_337' title='bbox 1539 2224 1659 2264; x_wconf 71' lang='lat' dir='ltr'>Latus,</span> 
     </span>
     <span class='ocr_line' id='line_1_38' title="bbox 278 2277 1659 2322; baseline 0.001 -12"><span class='ocrx_word' id='word_1_338' title='bbox 278 2281 313 2311; x_wconf 93' lang='lat' dir='ltr'>et</span> <span class='ocrx_word' id='word_1_339' title='bbox 330 2278 541 2312; x_wconf 88' lang='lat' dir='ltr'>Diametrum</span> <span class='ocrx_word' id='word_1_340' title='bbox 569 2279 667 2322; x_wconf 88' lang='lat' dir='ltr'>primi</span> <span class='ocrx_word' id='word_1_341' title='bbox 694 2280 726 2312; x_wconf 91' lang='lat' dir='ltr'>in</span> <span class='ocrx_word' id='word_1_342' title='bbox 757 2279 905 2312; x_wconf 90' lang='lat' dir='ltr'>numeris</span> <span class='ocrx_word' id='word_1_343' title='bbox 929 2279 1080 2321; x_wconf 87' lang='lat' dir='ltr'>expressi</span> <span class='ocrx_word' id='word_1_344' title='bbox 1110 2277 1300 2318; x_wconf 76' lang='lat' dir='ltr'>Quadrati3</span> <span class='ocrx_word' id='word_1_345' title='bbox 1330 2281 1396 2312; x_wconf 91' lang='lat' dir='ltr'>etc.</span> <span class='ocrx_word' id='word_1_346' title='bbox 1453 2279 1541 2312; x_wconf 92' lang='lat' dir='ltr'>Dico</span> <span class='ocrx_word' id='word_1_347' title='bbox 1567 2279 1659 2322; x_wconf 67' lang='lat' dir='ltr'>qubd</span> 
     </span>
     <span class='ocr_line' id='line_1_39' title="bbox 278 2333 1658 2378; baseline 0.002 -12"><span class='ocrx_word' id='word_1_348' title='bbox 278 2335 370 2367; x_wconf 88' lang='lat' dir='ltr'>circa</span> <span class='ocrx_word' id='word_1_349' title='bbox 399 2333 466 2368; x_wconf 87' lang='lat' dir='ltr'>hoc</span> <span class='ocrx_word' id='word_1_350' title='bbox 492 2337 595 2369; x_wconf 89' lang='lat' dir='ltr'>etiam</span> <span class='ocrx_word' id='word_1_351' title='bbox 627 2335 852 2369; x_wconf 90' lang='lat' dir='ltr'>hallucinatur</span> <span class='ocrx_word' id='word_1_352' title='bbox 880 2345 1089 2378; x_wconf 82' lang='lat' dir='ltr'>magnopere</span> <span class='ocrx_word' id='word_1_353' title='bbox 1115 2334 1239 2367; x_wconf 86' lang='lat' dir='ltr'>Faber.</span> <span class='ocrx_word' id='word_1_354' title='bbox 1270 2342 1349 2366; x_wconf 88' lang='lat' dir='ltr'>nam</span> <span class='ocrx_word' id='word_1_355' title='bbox 1384 2335 1493 2377; x_wconf 78' lang='lat' dir='ltr'>primo</span> <span class='ocrx_word' id='word_1_356' title='bbox 1523 2336 1658 2378; x_wconf 89' lang='lat' dir='ltr'>quidem</span> 
     </span>
     <span class='ocr_line' id='line_1_40' title="bbox 278 2390 1657 2436; baseline 0.001 -11"><span class='ocrx_word' id='word_1_357' title='bbox 278 2391 367 2425; x_wconf 79' lang='lat' dir='ltr'>male</span> <span class='ocrx_word' id='word_1_358' title='bbox 389 2391 470 2433; x_wconf 82' lang='lat' dir='ltr'>legit</span> <span class='ocrx_word' id='word_1_359' title='bbox 487 2392 639 2425; x_wconf 85' lang='lat' dir='ltr'>Platonis</span> <span class='ocrx_word' id='word_1_360' title='bbox 658 2393 802 2433; x_wconf 89' lang='lat' dir='ltr'>literam,</span> <span class='ocrx_word' id='word_1_361' title='bbox 825 2393 898 2425; x_wconf 81' lang='lat' dir='ltr'>cum</span> <span class='ocrx_word' id='word_1_362' title='bbox 915 2393 987 2434; x_wconf 88' lang='lat' dir='ltr'>ipse</span> <span class='ocrx_word' id='word_1_363' title='bbox 1008 2391 1100 2434; x_wconf 80' lang='lat' dir='ltr'>legat</span> <span class='ocrx_word' id='word_1_364' title='bbox 1119 2392 1141 2423; x_wconf 87' lang='grc' dir='ltr'><em>ὰ</em></span> <span class='ocrx_word' id='word_1_365' title='bbox 1162 2390 1350 2423; x_wconf 83' lang='lat' dir='ltr'>Diametris</span> <span class='ocrx_word' id='word_1_366' title='bbox 1368 2393 1657 2436; x_wconf 79' lang='lat' dir='ltr'>comparabilibus</span> 
     </span>
     <span class='ocr_line' id='line_1_41' title="bbox 278 2447 1657 2493; baseline 0.003 -14"><span class='ocrx_word' id='word_1_367' title='bbox 278 2447 445 2491; x_wconf 71' lang='lat' dir='ltr'>quinitati</span> <span class='ocrx_word' id='word_1_368' title='bbox 467 2449 619 2493; x_wconf 78' lang='lat' dir='ltr'>singulis</span> <span class='ocrx_word' id='word_1_369' title='bbox 636 2449 870 2493; x_wconf 78' lang='lat' dir='ltr'>indigentibus</span> <span class='ocrx_word' id='word_1_370' title='bbox 889 2461 974 2489; x_wconf 81' lang='lat' dir='ltr'>uno,</span> <span class='ocrx_word' id='word_1_371' title='bbox 1005 2448 1133 2481; x_wconf 81' lang='lat' dir='ltr'>duobus</span> <span class='ocrx_word' id='word_1_372' title='bbox 1159 2450 1261 2487; x_wconf 76' lang='lat' dir='ltr'>verb,</span> <span class='ocrx_word' id='word_1_373' title='bbox 1291 2447 1350 2490; x_wconf 80' lang='lat' dir='ltr'>qui</span> <span class='ocrx_word' id='word_1_374' title='bbox 1377 2460 1446 2481; x_wconf 85' lang='grc' dir='ltr'>ποη</span> <span class='ocrx_word' id='word_1_375' title='bbox 1465 2453 1542 2482; x_wconf 84' lang='lat' dir='ltr'>sunt</span> <span class='ocrx_word' id='word_1_376' title='bbox 1563 2461 1657 2483; x_wconf 85' lang='lat' dir='ltr'>com-</span> 
     </span>
     <span class='ocr_line' id='line_1_42' title="bbox 276 2504 1658 2549; baseline 0.003 -14"><span class='ocrx_word' id='word_1_377' title='bbox 276 2504 453 2549; x_wconf 81' lang='lat' dir='ltr'>parabiles</span> <span class='ocrx_word' id='word_1_378' title='bbox 490 2506 546 2537; x_wconf 89' lang='lat' dir='ltr'>ubi</span> <span class='ocrx_word' id='word_1_379' title='bbox 575 2510 687 2539; x_wconf 89' lang='lat' dir='ltr'>tamen</span> <span class='ocrx_word' id='word_1_380' title='bbox 716 2506 896 2549; x_wconf 85' lang='lat' dir='ltr'>legendum</span> <span class='ocrx_word' id='word_1_381' title='bbox 916 2510 967 2538; x_wconf 91' lang='lat' dir='ltr'>est</span> <span class='ocrx_word' id='word_1_382' title='bbox 989 2516 1028 2537; x_wconf 75' lang='lat' dir='ltr'>ex</span> <span class='ocrx_word' id='word_1_383' title='bbox 1048 2505 1234 2538; x_wconf 81' lang='lat' dir='ltr'>Diametris</span> <span class='ocrx_word' id='word_1_384' title='bbox 1260 2504 1463 2546; x_wconf 83' lang='lat' dir='ltr'>Effabz&#39;libus</span> <span class='ocrx_word' id='word_1_385' title='bbox 1489 2506 1658 2549; x_wconf 80' lang='lat' dir='ltr'>quinariis</span> 
     </span>
     <span class='ocr_line' id='line_1_43' title="bbox 279 2560 1657 2607; baseline 0.002 -14"><span class='ocrx_word' id='word_1_386' title='bbox 279 2560 515 2604; x_wconf 79' lang='lat' dir='ltr'>indigentibus</span> <span class='ocrx_word' id='word_1_387' title='bbox 534 2573 601 2595; x_wconf 85' lang='lat' dir='ltr'>uno</span> <span class='ocrx_word' id='word_1_388' title='bbox 623 2562 791 2607; x_wconf 83' lang='lat' dir='ltr'>singulis,</span> <span class='ocrx_word' id='word_1_389' title='bbox 821 2563 951 2595; x_wconf 83' lang='lat' dir='ltr'>duabus</span> <span class='ocrx_word' id='word_1_390' title='bbox 976 2566 1089 2594; x_wconf 82' lang='lat' dir='ltr'>autem</span> <span class='ocrx_word' id='word_1_391' title='bbox 1112 2560 1345 2604; x_wconf 83' lang='lat' dir='ltr'>[neffabilibus</span> <span class='ocrx_word' id='word_1_392' title='bbox 1363 2565 1399 2594; x_wconf 89' lang='lat' dir='ltr'>ut</span> <span class='ocrx_word' id='word_1_393' title='bbox 1419 2573 1481 2595; x_wconf 90' lang='lat' dir='ltr'>nos</span> <span class='ocrx_word' id='word_1_394' title='bbox 1501 2563 1533 2595; x_wconf 91' lang='lat' dir='ltr'>in</span> <span class='ocrx_word' id='word_1_395' title='bbox 1553 2572 1657 2606; x_wconf 88' lang='lat' dir='ltr'>supe-</span> 
     </span>
     <span class='ocr_line' id='line_1_44' title="bbox 279 2617 1655 2661; baseline 0.001 -10"><span class='ocrx_word' id='word_1_396' title='bbox 279 2617 426 2651; x_wconf 89' lang='lat' dir='ltr'>rioribus</span> <span class='ocrx_word' id='word_1_397' title='bbox 445 2618 658 2660; x_wconf 85' lang='lat' dir='ltr'>legebamus:</span> <span class='ocrx_word' id='word_1_398' title='bbox 689 2619 839 2652; x_wconf 57' lang='lat' dir='ltr'>secundi)</span> <span class='ocrx_word' id='word_1_399' title='bbox 862 2619 941 2651; x_wconf 79' lang='lat' dir='ltr'>vero</span> <span class='ocrx_word' id='word_1_400' title='bbox 963 2618 1037 2651; x_wconf 78' lang='lat' dir='ltr'>cum</span> <span class='ocrx_word' id='word_1_401' title='bbox 1058 2619 1189 2650; x_wconf 90' lang='lat' dir='ltr'>literam</span> <span class='ocrx_word' id='word_1_402' title='bbox 1210 2617 1317 2659; x_wconf 84' lang='lat' dir='ltr'>ipsam</span> <span class='ocrx_word' id='word_1_403' title='bbox 1344 2619 1433 2651; x_wconf 76' lang='lat' dir='ltr'>male</span> <span class='ocrx_word' id='word_1_404' title='bbox 1450 2620 1562 2661; x_wconf 85' lang='lat' dir='ltr'>legat,</span> <span class='ocrx_word' id='word_1_405' title='bbox 1593 2629 1655 2652; x_wconf 87' lang='lat' dir='ltr'>ne-</span> 
     </span>
     <span class='ocr_line' id='line_1_45' title="bbox 281 2674 1655 2718; baseline 0.002 -12"><span class='ocrx_word' id='word_1_406' title='bbox 281 2674 432 2706; x_wconf 61' lang='lat' dir='ltr'>cessarii)</span> <span class='ocrx_word' id='word_1_407' title='bbox 460 2675 551 2707; x_wconf 80' lang='lat' dir='ltr'>male</span> <span class='ocrx_word' id='word_1_408' title='bbox 578 2685 712 2718; x_wconf 88' lang='lat' dir='ltr'>quoque</span> <span class='ocrx_word' id='word_1_409' title='bbox 744 2680 891 2709; x_wconf 90' lang='lat' dir='ltr'>mentem</span> <span class='ocrx_word' id='word_1_410' title='bbox 920 2675 1075 2707; x_wconf 89' lang='lat' dir='ltr'>Platonis</span> <span class='ocrx_word' id='word_1_411' title='bbox 1106 2674 1263 2717; x_wconf 84' lang='lat' dir='ltr'>explicat.</span> <span class='ocrx_word' id='word_1_412' title='bbox 1298 2684 1377 2706; x_wconf 91' lang='lat' dir='ltr'>nam</span> <span class='ocrx_word' id='word_1_413' title='bbox 1402 2685 1464 2716; x_wconf 88' lang='lat' dir='ltr'>ea,</span> <span class='ocrx_word' id='word_1_414' title='bbox 1494 2686 1581 2717; x_wconf 89' lang='lat' dir='ltr'>quae</span> <span class='ocrx_word' id='word_1_415' title='bbox 1612 2676 1655 2709; x_wconf 82' lang='lat' dir='ltr'>de</span> 
     </span>
     <span class='ocr_line' id='line_1_46' title="bbox 282 2730 1655 2774; baseline 0.002 -12"><span class='ocrx_word' id='word_1_416' title='bbox 282 2730 465 2764; x_wconf 87' lang='lat' dir='ltr'>Diametris</span> <span class='ocrx_word' id='word_1_417' title='bbox 483 2731 594 2764; x_wconf 86' lang='lat' dir='ltr'>Faber</span> <span class='ocrx_word' id='word_1_418' title='bbox 615 2733 770 2774; x_wconf 87' lang='lat' dir='ltr'>exponit,</span> <span class='ocrx_word' id='word_1_419' title='bbox 802 2731 1061 2774; x_wconf 89' lang='lat' dir='ltr'>haudquaquam</span> <span class='ocrx_word' id='word_1_420' title='bbox 1082 2730 1143 2771; x_wconf 89' lang='lat' dir='ltr'>iis,</span> <span class='ocrx_word' id='word_1_421' title='bbox 1173 2741 1261 2773; x_wconf 88' lang='lat' dir='ltr'>quae</span> <span class='ocrx_word' id='word_1_422' title='bbox 1278 2730 1379 2764; x_wconf 90' lang='lat' dir='ltr'>Plato</span> <span class='ocrx_word' id='word_1_423' title='bbox 1403 2731 1448 2764; x_wconf 91' lang='lat' dir='ltr'>de</span> <span class='ocrx_word' id='word_1_424' title='bbox 1473 2732 1655 2765; x_wconf 87' lang='lat' dir='ltr'>Diametris</span> 
     </span>
     <span class='ocr_line' id='line_1_47' title="bbox 279 2787 1654 2832; baseline 0.001 -12"><span class='ocrx_word' id='word_1_425' title='bbox 279 2787 352 2829; x_wconf 90' lang='lat' dir='ltr'>ait,</span> <span class='ocrx_word' id='word_1_426' title='bbox 381 2788 561 2821; x_wconf 83' lang='lat' dir='ltr'>convenire</span> <span class='ocrx_word' id='word_1_427' title='bbox 577 2797 655 2822; x_wconf 90' lang='lat' dir='ltr'>meo</span> <span class='ocrx_word' id='word_1_428' title='bbox 674 2788 810 2831; x_wconf 89' lang='lat' dir='ltr'>quidem</span> <span class='ocrx_word' id='word_1_429' title='bbox 828 2789 954 2822; x_wconf 89' lang='lat' dir='ltr'>iudicio</span> <span class='ocrx_word' id='word_1_430' title='bbox 974 2791 1132 2832; x_wconf 88' lang='lat' dir='ltr'>possunt,</span> <span class='ocrx_word' id='word_1_431' title='bbox 1152 2791 1201 2824; x_wconf 64' lang='lat' dir='ltr'>,ut</span> <span class='ocrx_word' id='word_1_432' title='bbox 1228 2787 1368 2821; x_wconf 89' lang='lat' dir='ltr'>cuilibet</span> <span class='ocrx_word' id='word_1_433' title='bbox 1395 2788 1498 2822; x_wconf 87' lang='lat' dir='ltr'>etiam</span> <span class='ocrx_word' id='word_1_434' title='bbox 1519 2789 1654 2823; x_wconf 88' lang='lat' dir='ltr'>literam</span> 
     </span>
    </p>
   </div>
  </div>
 </body>
</html>
