1764 3176
479 147 815 192 CIVITAS
854 144 1066 192 LIBLX.
1096 157 1165 190 600
1438 154 1524 195 209

139 257 350 314 ἄρχοντος
386 255 415 313 ἢ
452 257 828 314 ξυμβουλεύοντος
868 255 920 304 εὖ
956 261 1217 318 πολεμηθεὶς
1248 259 1520 317 μνημονεύε-

137 343 231 377 vac,-
271 324 436 376 Οὐδείς.
494 320 613 371 Ἀλλ’
654 325 727 371 οἷα
758 326 811 383 δή
841 329 902 379 εἰς
937 328 991 371 τοὶ
1030 329 1134 384 ἔργα
1173 332 1321 385 σοφοῦ
1361 326 1522 384 ἀνδρὸς

136 393 295 438 πολλαὶ
323 392 514 437 ἐπίνοιαι
539 395 614 438 καὶ
643 393 882 452 εὐμήχανοι
911 395 971 446 εἰς
998 395 1150 450 τέχνας
1177 395 1206 451 ἤ
1234 413 1356 447 τινας
1385 395 1519 449 ἄλλοις

135 460 310 515 πράξεις
338 460 560 516 λέγονται,
599 462 741 518 ὥσπερ
773 459 831 507 αὖ
866 461 1018 506 Θάλεώ
1047 478 1093 506 τε
1127 463 1228 517 πέρι
1256 468 1339 509 τοῦ
1369 468 1517 523 Μιλη-

135 529 234 572 σίου
273 529 348 572 καὶ
372 526 656 585 Ἀναχάρσιος
688 534 772 576 τοῦ
801 530 987 575 Σκύθου
999 547 1012 580 ,·
1059 529 1276 586 Οὐδαμῶς
1312 536 1520 577 τοιοῦτον

135 595 280 641 οὐδέν.
336 595 458 640 'AM-o}
488 597 541 653 δή
573 599 609 641 εἰ
637 599 697 655 μή
729 601 929 658 δημοσίᾳ,
961 600 1051 655 ἰδίᾳ
1081 599 1194 642 τισὶν
1226 597 1403 656 ἡγεμών
1423 616 1521 643 παι-

134 666 252 716 δείας
292 663 424 715 αὐτός
455 668 539 717 ζῶν
575 663 741 722 λέγεται
764 666 962 724 ”Ομηρος
998 666 1227 723 γενέσθαι,
1267 669 1311 710 οἳ
1347 666 1518 711 ἐκεῖνον

5 755 10 758 >
67 731 325 790 513ήγάπων
354 733 421 776 ἐπὶ
451 735 666 791 συνουσίᾳ
694 736 769 780 καὶ
796 740 890 787 τοῖς
927 734 1130 789 ὑστέροις
1161 732 1271 778 ὁδόν
1300 752 1399 778 τινα
1432 753 1514 779 πα-
1541 745 1577 787 Β

134 800 322 856 ρέδοσαν
359 802 462 857 βίου
495 799 754 861 Ὁμηρικὴν,
796 802 940 859 ὥσπερ
982 802 1257 860 Πυθαγόρας
1304 801 1438 856 αὐτός
1471 820 1517 849 τε

131 975 172 1009 Β.
199 971 292 1009 ἀλλὰ
320 977 384 1009 etc.
421 975 521 1009 alteri
554 976 686 1011 tribuit.
736 977 794 1011 Fi-

133 1021 228 1055 cinus
252 1022 336 1055 haec
358 1021 437 1055 inde
460 1022 502 1055 ab
520 1019 600 1056 Οὔκ
622 1020 724 1066 οἶμαι
743 1023 795 1057 ita

132 1067 318 1101 convertit:
346 1068 483 1108 Νιιίίυε,
501 1074 541 1102 ut
559 1070 718 1110 arbitror,
736 1070 794 1102 be-

130 1115 254 1157 neficia
285 1115 356 1147 eius
384 1121 634 1149 commemorat.
703 1116 794 1158 Quin

129 1171 238 1203 neque
266 1161 335 1204 ipsi
364 1160 506 1194 Homeri
529 1167 717 1196 assertores
739 1167 793 1196 te-

129 1207 218 1240 stari
235 1206 298 1239 hoc
315 1207 455 1240 audent.
474 1226 479 1229 -

176 1252 246 1296 τις]
272 1252 328 1291 τίς
352 1252 430 1287 Par.
456 1252 498 1286 A.
522 1251 622 1286 Vind.
638 1253 678 1285 B.
704 1254 790 1287 Ven.

128 1296 169 1331 B.
194 1298 287 1331 Mon.
314 1298 354 1332 C.
384 1299 475 1342 quod
499 1297 570 1331 Fic.
597 1310 661 1332 om.
686 1299 792 1333 Arist.

61 1347 132 1382 600
177 1339 259 1387 ὑπ’]
287 1341 352 1377 ἐπ’
370 1343 475 1377 Arist.
496 1343 572 1378 edd.
592 1349 672 1378 ante
689 1344 791 1378 Dind.

131 1390 213 1435 (uon
237 1389 350 1433 codd.)

173 1431 220 1479 ἢ]
246 1434 310 1469 καὶ
334 1436 414 1469 Bas.
440 1435 475 1470 b.

173 1479 512 1527 ξυμβουλεύοντος]
548 1482 655 1528 συμβ.
683 1482 789 1516 Arist.

126 1527 242 1617 Fau-5³31}
248 1553 324 1606 ⁰int.
349 1584 438 1607 vers.
463 1572 549 1608 Lob.

172 1617 476 1699 Ξιωίἑιᾶἒνεξεταις]
507 1617 789 1663 μνημονεύεται.

124 1665 326 1790 Ξίὁῠδείξ.
359 1691 471 1756 ³Aaz’]
508 1707 666 1755 οὐδεὶς,
701 1708 789 1746 ἀλλ’

169 1757 265 1845 ilisa]
291 1799 370 1836 οἶαι
400 1802 479 1836 Par.
504 1802 549 1836 Κ.
583 1814 651 1836 sec.
678 1803 787 1839 Bekk.

127 1852 164 1882 et
188 1849 336 1882 fortasse
358 1848 464 1881 codex
483 1848 606 1891 moini,
630 1849 687 1894 qui
705 1849 790 1884 haec

126 1893 176 1928 ita
197 1894 364 1928 reddidit:
388 1895 579 1928 Praeterea
605 1907 695 1939 quae
722 1897 790 1930 viri

127 1941 239 1981 haim,
263 1946 430 1985 tanquam
461 1941 498 1973 in
526 1942 579 1974 his
606 1942 706 1975 rebus
729 1954 788 1975 sa-

122 1987 274 2032 picatis,
309 1987 451 2020 inventa
477 1988 525 2020 ad
551 1989 667 2030 officia
694 1989 788 2022 vitae

125 2038 161 2067 et
179 2034 265 2067 artis
280 2034 460 2076 aptissima
470 2033 694 2073 referuntur?
712 2034 789 2068 Nec

124 2078 210 2113 ferri
237 2090 302 2112 non
322 2083 439 2123 posset
463 2076 560 2112 οἶαιε
580 2081 700 2124 quales
717 2092 789 2114 esse
826 2106 829 2109 ,

124 2125 235 2159 sole-nt
264 2125 499 2164 inventiones‚·
530 2126 590 2159 sed
626 2123 689 2159 οἷα
721 2138 789 2161 non

125 2170 320 2205 mutandum
345 2174 380 2205 et
407 2174 446 2205 ut
470 2167 536 2205 ἅτε
558 2171 790 2218 accipiendum

127 2220 192 2251 est.

174 2261 249 2305 εἰς]
290 2274 355 2296 om.
389 2263 469 2297 Par.
507 2264 547 2298 A.
587 2275 608 2297 a
650 2275 691 2297 m.
735 2276 787 2309 pr.

125 2308 305 2342 Bekkerus
333 2312 369 2342 et
390 2309 505 2342 Astius
537 2308 573 2342 in
599 2314 679 2344 tert.
704 2311 787 2356 [εἰς]

127 2354 252 2388 Stallb.
277 2365 328 2399 pr.
380 2355 433 2389 Ad
466 2366 599 2389 sensum
628 2356 710 2389 nihil
731 2368 788 2390 re-

125 2402 196 2435 fert
228 2398 274 2433 τὸι
319 2398 407 2444 ἔργα
442 2401 563 2444 σοφοῦ
604 2402 788 2445 scribatur,

126 2458 170 2480 an
207 2446 259 2486 εἰς
284 2444 337 2480 τὰ
375 2444 481 2491 ἔργα,
515 2459 623 2492 neque
646 2449 710 2482 hac
744 2460 786 2483 ex

125 2495 225 2536 parte
260 2492 457 2536 impugnare
490 2493 683 2528 Bekkerum
725 2495 786 2528 de-

126 2539 231 2572 bebat
281 2539 641 2581 Schleiermacherus‚
695 2541 785 2585 quod

128 2584 252 2618 omisso
285 2584 337 2623 εἰς
377 2595 495 2619 sensus
532 2585 586 2619 hic
620 2587 782 2620 exsistatz

125 2631 191 2663 wie
219 2631 309 2664 dorm
331 2630 439 2665 dieses
460 2633 515 2665 die
542 2633 668 2666 Werlce
693 2634 785 2666 eines

125 2676 250 2710 weisen
290 2677 434 2711 Mannes
473 2678 560 2711 sind.
627 2678 664 2710 Id
697 2678 783 2712 enim

126 2723 262 2756 Graece
286 2722 335 2756 sic
368 2723 478 2767 potius
502 2723 695 2757 diceretur:
721 2722 783 2758 οἶα

126 2765 173 2812 δὴ
212 2768 333 2812 σοφοῦ
367 2766 504 2813 ἀνδρὸς
540 2767 627 2812 ἔργα
656 2770 710 2803 vel
733 2768 782 2804 τὰ

126 2812 224 2859 ἔργα.
272 2814 343 2848 Sed
366 2815 465 2849 unius
487 2815 614 2849 codicis
642 2815 783 2862 eiusque

229 2873 440 2914 Pm'roms
472 2873 546 2914 ΟΡ.
577 2873 647 2914 ΠΙ.

852 976 1001 1010 correcti
1041 981 1076 1010 et
1106 977 1255 1010 fortasse
1289 977 1332 1010 ab
1375 976 1517 1022 antiqua

851 1034 951 1056 manu
976 1022 1121 1057 correcti
1155 1022 1342 1056 auctoritas
1367 1035 1409 1056 ne
1433 1022 1515 1056 mihi

851 1069 986 1113 quidem
1022 1069 1065 1102 ad
1099 1068 1296 1101 eiiciendam
1336 1069 1515 1113 praeposi-

851 1114 977 1148 tionem
1011 1115 1168 1159 quamvis
1199 1115 1393 1158 glossemati
1422 1114 1516 1148 simi-

850 1160 913 1194 lem
939 1161 1099 1195 sufficere
1122 1160 1267 1194 videtur.

896 1214 1119 1261 εὐμήχανοι]
1169 1213 1368 1261 ἕνμήχανοι
1407 1217 1513 1252 Arist.

849 1264 925 1298 cod.
950 1264 1070 1297 Bar-oc.
1091 1263 1132 1296 D.

894 1307 1037 1353 τέχνας]
1062 1306 1198 1352 πέχνας
1223 1308 1300 1343 Ald.

893 1367 1000 1394 τινας
1020 1352 1146 1399 ἄλλας]
1172 1366 1268 1394 τινες
1287 1350 1397 1389 ἄλλαι
1420 1355 1513 1389 Mon.

846 1400 887 1434 Β.
912 1402 1006 1435 Flor.
1033 1401 1077 1435 U.
1104 1401 1210 1434 Arist.

892 1446 1097 1491 λέγονται,]
1133 1444 1311 1491 λέγονται.
1346 1446 1423 1480 Ald.
1457 1444 1514 1480 λέ-

845 1505 996 1537 γονται;
1021 1494 1101 1527 Bas.
1127 1493 1181 1527 ab.

894 1544 971 1595 αὖ]
997 1563 1062 1585 om.
1088 1550 1180 1583 Flor.
1205 1550 1250 1586 T.
1275 1549 1349 1583 Fic.

897 1594 1050 1642 Θάλεώ]
1094 1595 1222 1630 &ocum
1255 1596 1356 1630 Vind.
1399 1595 1438 1628 F.
1479 1598 1514 1629 et

846 1642 950 1677 Arist.
984 1643 1076 1685 (cod.
1102 1643 1206 1677 Laur.
1241 1642 1281 1676 C.
1316 1641 1410 1676 Mon.
1443 1641 1515 1676 Ba-

846 1701 918 1723 roc.
940 1689 999 1732 D.)
1026 1689 1101 1722 edd.
1127 1693 1206 1722 ante
1229 1687 1329 1722 Dind.

891 1734 944 1790 τε]
967 1747 1031 1768 om.
1058 1734 1165 1767 Arist.

892 1781 990 1824 περι]
1017 1779 1100 1823 περὶ
1127 1779 1223 1813 Vind.
1251 1778 1326 1814 EF.

891 1827 1092 1870 Μιλησίου]
1117 1825 1299 1869 μηλησίου
1324 1823 1424 1859 Vind.
1441 1823 1486 1857 F.

890 1881 1136 1929 Ἀναχάρσιος]
1149 1879 1509 1926 ἄναχάρσιδοςνίηᾶ.

845 1929 918 1963 ΒΕ.
954 1930 1046 1963 Mon.
1073 1929 1112 1962 C.
1148 1930 1227 1963 Vat.
1251 1929 1297 1962 H.
1333 1927 1428 1961 Flor.
1465 1927 1509 1960 T.

845 1976 975 2010 Euseb.
1000 1976 1040 2009 Id
1063 1975 1179 2009 Astius
1201 1975 1235 2008 in
1258 1985 1329 2008 sec.
1353 1984 1415 2018 pro
1436 1972 1511 2005 vul-

845 2026 949 2066 gato,
982 2022 1072 2067 quod
1103 2021 1266 2055 Doricum
1299 2024 1334 2053 et
1359 2018 1510 2052 Ionicum

846 2068 910 2110 sit,
934 2068 1077 2112 recepit.
1126 2068 1181 2100 Cf.
1218 2066 1293 2101 Vol.
1322 2065 1348 2099 I.
1374 2076 1405 2108 p.
1428 2066 1510 2107 229,

845 2114 879 2147 b.
906 2119 942 2148 et
974 2113 1125 2147 Bekkeri
1154 2113 1271 2146 anecd.
1302 2123 1334 2155 p.
1362 2110 1451 2149 346,
1476 2114 1508 2146 1.

845 2160 902 2194 ubi
940 2157 1109 2198 Ἀδώνιος
1152 2170 1214 2203 pro
1254 2154 1446 2196 Ἀδώνιδος
1489 2168 1511 2191 a

844 2206 1052 2240 Pherecrate
1076 2205 1221 2249 positum
1244 2203 1404 2237 traditur.

891 2251 1002 2295 τισὶν]
1027 2253 1228 2295 ᾳμὶὂιιεηατη
1252 2250 1329 2283 Fic.

890 2299 987 2342 ζῶν]
1015 2310 1080 2332 om.
1105 2298 1191 2332 Ven.
1214 2296 1254 2331 B.
1280 2300 1362 2330 ante
1390 2291 1509 2334 αὐτὸς

844 2344 952 2378 Arist.
978 2344 1042 2388 ζῆν
1062 2343 1191 2376 Euseb.

890 2398 1073 2445 ὑστέροις]
1102 2396 1254 2443 ὕστερον
1278 2398 1356 2432 Par.
1370 2397 1414 2432 K.
1439 2407 1508 2431 sec.

843 2447 951 2481 Bekk.
976 2448 1054 2480 Vat.
1080 2446 1126 2479 M.
1156 2445 1285 2479 Euseb.
1340 2443 1510 2487 „Legitur

843 2494 945 2527 etiam
969 2495 1048 2532 τοῖς
1074 2487 1253 2535 ὕστερον)
1278 2490 1432 2531 sequitur
1455 2493 1509 2522 ta·-

842 2551 919 2573 men
954 2544 989 2572 et
1019 2538 1120 2583 paulo
1143 2540 1221 2581 post
1257 2536 1292 2571 oi
1317 2533 1508 2579 ὗ’στεροι.“

840 2586 961 2630 steph.
987 2585 1020 2618 in
1045 2596 1090 2619 m.

887 2628 1005 2669 αὐτός
1026 2631 1077 2674 τε]
1109 2625 1203 2663 αὐτὸ
1232 2629 1319 2672 Ang.
1344 2628 1385 2661 B.
1408 2626 1505 2659 Flor.
1532 2625 1568 2666 Β

839 2678 882 2711 R.
916 2673 1033 2715 αὐτὸς
1068 2675 1166 2710 Vind.
1204 2675 1244 2708 F.
1278 2675 1312 2708 in
1346 2685 1411 2718 quo
1443 2672 1506 2706 ali-

840 2723 919 2767 quid
931 2722 1098 2757 tantulum
1113 2721 1262 2763 evanuit,
1282 2723 1316 2755 et
1326 2718 1407 2753 editi
1426 2722 1505 2751 ante

839 2768 929 2802 Astii
957 2780 1025 2803 see.
1050 2767 1241 2803 tacentibus
1278 2767 1321 2800 de
1353 2765 1432 2799 Par.
1458 2763 1501 2797 K.

839 2815 919 2862 Bip.

1275 2870 1313 2909 O
