1764 3176
135 857 198 891 581

174 2651 208 2691 E

227 132 310 172 146
655 107 1144 170 *PLATONIS

225 240 362 293 τριῶν
408 235 552 281 ὄντων
587 238 751 292 τριτταὶ
791 240 864 282 καὶ
902 238 1057 296 ἡδοναί
1096 254 1172 293 μοι
1212 235 1468 292 φαίνονται,
1506 235 1604 287 ἑνὸς

226 304 412 349 εκάστον
455 305 533 359 μία
571 305 681 356 ι’δία,
729 306 957 364 ἐπιθυμίαι
1006 322 1050 350 τε
1090 303 1300 356 ὡσαύτως
1339 304 1412 348 καὶ
1457 301 1602 360 οἷρχαί.

231 376 334 436 Πῶς
363 371 522 427 λέγειςς
554 373 651 429 ἔφη.
715 374 772 416 Τό
802 374 907 430 μὲν,
943 375 1100 430 φαμὲν,
1131 367 1189 429 ἦν
1220 373 1253 429 ᾧ
1274 371 1492 428 μανθάνει
1523 370 1603 414 ἅν-

227 432 433 494 θρὼπος,
478 438 526 482 τὰ
559 440 606 483 δὲ
636 436 671 499 ῴ
700 445 944 497 θυμοῦται·
986 442 1036 487 τὸ
1068 440 1114 485 δὲ
1144 442 1294 497 τρίτον
1326 437 1398 483 διὰ
1431 443 1605 483 πολυει-

229 510 328 552 δίαν
370 507 434 550 ἑνὶ
472 506 555 550 οὐκ
595 508 774 564 ἔσχομεν
813 508 1000 565 ὀνόματι
1033 512 1286 564 προσειπεῖν
1326 508 1421 564 ἰδίῳ
1453 505 1604 559 αὐτοῦ,

226 575 336 620 ἀλλὰ
367 574 392 619 ὃ
421 575 626 631 μέγιστον
659 576 733 618 καὶ
764 576 1053 631 ἰσχυρότατον
1081 576 1193 634 εἶχεν
1223 576 1270 620 ἐν
1301 573 1434 632 αὐτῷ,
1463 574 1606 631 τούτῳ

227 641 592 699 ἐπωνομάσαμεν·
635 643 951 699 ἐπιθυμητικόν
980 644 1064 701 γὰρ
1096 643 1202 688 αὐτὸ
1234 640 1498 700 κεκλήκαμεν
1533 640 1607 686 διὰ

226 711 504 768 σφοδρότητα
533 716 622 754 τῶν
656 713 753 765 περὶ
783 713 863 766 τὴν
895 712 1063 768 ἐδωδὴν
1092 712 1340 766 ἐπιθυμιῶν
1368 711 1442 755 καὶ
1477 710 1609 755 πόσιν

229 781 302 823 καὶ
333 778 574 833 ἀφροδίσια
603 780 677 822 καὶ
708 779 790 823 ὅσα
820 780 927 824 ἄλλα
957 779 1129 831 τούτοις
1161 777 1409 831 α’κόλουθα,
1441 779 1515 822 καὶ
1541 796 1609 835 φι-

227 844 504 902 λοχρήματον
543 846 618 903 δὴ,
658 848 725 891 ὅτι
756 850 827 892 διὰ
855 847 1090 905 χρημάτων
1128 847 1314 902 μάλιστα
1344 847 1609 890 ἀποτελοῦν-

225 932 295 958 ται
337 916 612 957 αἱτοιαῦται
652 915 889 971 ἐπιθυμίαι.
950 918 1037 959 Καὶ
1076 914 1224 968 ὀρθῶς
1260 914 1321 969 γ’,
1362 915 1457 970 ἔφη.
1506 911 1605 969 ’Ἆρ’

226 980 309 1027 οὖν
338 983 413 1027 καὶ
450 982 530 1038 τὴν
558 979 725 1039 ἡδονήν
765 982 904 1027 αὐτοῦ
937 984 1011 1027 καὶ
1041 985 1194 1039 φιλίαν
1231 984 1267 1025 εἰ
1306 987 1467 1039 φαῖμεν
1497 980 1608 1025 εἶναι

226 1056 305 1097 τοῦ
345 1052 549 1108 κέρδους,
593 1049 770 1106 μάλιστ’
805 1050 860 1094 ἂν
900 1053 961 1103 εἰς
996 1053 1046 1095 ἓν
1085 1050 1328 1107 κεφάλαιον
1366 1048 1608 1106 ἀπερειδοί-

270 1200 426 1244 τριῶν].·
451 1200 564 1244 τριῶν
588 1199 740 1234 Vind.E.
764 1201 888 1245 Τριῶν
945 1201 985 1234 Β.
1012 1201 1090 1233 vat.
1116 1200 1161 1234 H.
1186 1199 1281 1233 Flor.
1300 1199 1473 1234 ACRTV.
1515 1199 1609 1233 Idem

225 1247 343 1291 steph.
377 1246 480 1280 editio
504 1246 654 1280 Bekkeri
681 1246 788 1281 invito
812 1248 888 1292 ipso
945 1247 978 1280 in
1004 1247 1081 1279 Par.
1106 1246 1150 1280 K.
1175 1257 1278 1290 super
1302 1246 1440 1290 vulgato
1464 1245 1609 1290 positum

226 1296 260 1327 et
285 1292 538 1326 Stallbaumius.
946 1292 1061 1326 Astius
1095 1292 1129 1324 in
1161 1303 1214 1336 pr.
1247 1296 1282 1325 et
1324 1303 1392 1324 sec.
1435 1291 1608 1335 praetulit,

271 1339 348 1381 μοι]
372 1351 435 1371 om.
460 1338 537 1371 Fic.
946 1338 1186 1371 Stallbaumius
1218 1337 1252 1370 in
1285 1342 1432 1381 unaque
1465 1337 1608 1382 recepit.

272 1384 487 1428 φαίνονται]
509 1383 684 1427 φαίνεται
704 1379 888 1417 εἷναιΡειτ.

226 1431 270 1465 K.
304 1442 372 1464 sec.
409 1430 519 1464 Bekk.
553 1430 755 1473 φαίνονται
793 1427 890 1463 εἶναι

227 1489 295 1511 sec.
329 1477 405 1521 Bip.
437 1476 539 1521 idque
569 1476 687 1509 Astius
717 1476 751 1509 in
778 1488 829 1521 pr.
856 1480 891 1510 et

227 1535 294 1557 sec.
321 1521 464 1567 recepit.
498 1533 570 1555 esse
594 1523 756 1556 videntur
778 1522 856 1555 Fic.

273 1575 370 1622 ἑνὸς]
400 1575 438 1612 ἐν
461 1575 517 1618 οἷς
537 1579 639 1613 Vind.
663 1580 706 1612 F.

274 1624 374 1668 ἰδία]
401 1636 466 1658 om.
490 1625 590 1658 idem.
622 1624 717 1659 ἰδίαι
744 1625 823 1659 Par.
849 1625 890 1660 A.

227 1672 330 1705 multo
355 1670 464 1704 minus
489 1671 662 1705 concinne.

274 1713 452 1756 ὡσαύτως
484 1716 569 1760 καὶ]
597 1715 640 1750 (ὁ.
668 1729 699 1750 κ.
724 1715 764 1751 αἱ
788 1716 891 1752 Vind.

227 1765 269 1797 B.
293 1761 356 1795 καὶ
391 1760 432 1796 ὦ.
467 1762 508 1796 αὶ
542 1763 640 1797 Vind.
664 1763 705 1796 F.
738 1764 825 1808 Ang.
851 1764 890 1797 B.

228 1810 319 1843 Flor.
343 1808 387 1841 R.

275 1852 420 1898 φαμὲν]
445 1865 510 1888 om.
536 1854 630 1888 Mon.
655 1855 696 1888 B.
721 1853 821 1888 Vind.
846 1855 888 1888 F.

231 1901 316 1946 Ang.
341 1901 382 1934 Β.

274 1952 337 2001 ἦν]
363 1949 411 2000 ἦν
440 1952 483 1990 δ’
505 1952 573 1999 ἐγώ
599 1956 685 1990 Lob.
710 1957 789 1991 vat.
810 1957 891 1991 ΒΜ.

229 2003 325 2037 Flor.
349 2003 425 2037 TV.
451 2003 573 2036 Stallb.
598 2014 650 2046 pr.
676 2003 893 2043 QuodStall-

229 2048 383 2083 baumius
416 2053 535 2082 narrat
558 2048 690 2082 Bremio
715 2049 758 2082 ad
790 2050 890 2094 epist.

231 2096 366 2129 Socrat.
392 2094 640 2150 p 323.0re11.
663 2096 893 2140 reponendum

229 2141 350 2182 videri,
365 2138 408 2174 τὸ
430 2139 496 2184 μέν
515 2151 649 2183 φαμεν,
673 2141 716 2186 ᾠ,
737 2141 772 2174 id
798 2147 892 2175 recte

231 2188 274 2221 ab
300 2199 339 2220 eo
364 2187 578 2230 repudiatum
606 2186 765 2230 exiguum
787 2199 808 2221 a
834 2188 892 2221 Fi-

233 2233 307 2266 cino
338 2232 545 2277 praesidium
574 2232 696 2267 habet:
751 2232 893 2268 Partem

231 2290 336 2312 unam
361 2279 516 2319 dicimus,
539 2290 618 2322 qua.

281 2321 345 2358 διὰ
374 2325 610 2369 πολυειδίαν]
648 2324 895 2358 διαπολυδίαν

233 2370 333 2406 Vind.
356 2371 395 2403 F.

282 2413 352 2450 οὐκ
390 2414 559 2461 ἔσχομεν]
612 2413 754 2460 ον’κέσχ.

237 2459 306 2496 ov'u
331 2459 457 2515 ε’χομεν
482 2463 557 2507 Bip.
591 2468 626 2496 et
650 2463 797 2496 Bekkeri
826 2463 897 2496 edi-

235 2509 297 2549 tio,
314 2508 372 2562 qui
389 2509 422 2541 in
445 2519 562 2542 comm.
585 2520 736 2542 errorem
752 2509 896 2542 notavit.

236 2600 277 2634 B
281 2550 460 2633 σ’ἔῖἱματι]
479 2558 786 2643 [ἒῗῗτξῖτροσειπεῖν
802 2555 897 2590 Μοη.

344 2610 381 2632 or
417 2625 426 2634 .

285 2642 392 2699 εἶχεν]
420 2647 570 2679 continet
592 2645 665 2680 Fic.

287 2691 414 2736 αυτῷ]
448 2703 509 2725 αν.
546 2691 632 2727 Lob.
666 2692 764 2727 Vind.
789 2693 897 2727 BEF.

240 2737 315 2770 Ald.
339 2738 419 2772 Bas.
444 2739 498 2771 ab.

283 2780 417 2829 τουτῳ]
439 2783 552 2818 τοῦτο
570 2783 670 2819 Vind.
687 2785 795 2820 BEF.
810 2785 898 2829 Ang.

794 2416 895 2450 idem.

947 1385 1015 1417 Sed
1043 1385 1105 1417 hoc
1131 1383 1240 1437 ipsum
1267 1383 1379 1416 τοῦτο
1398 1383 1532 1416 videtur
1551 1394 1609 1416 su-

944 1429 1077 1462 baudiri
1096 1434 1131 1462 et
1148 1427 1268 1475 τούτῳ
1282 1441 1344 1473 pro
1356 1428 1407 1474 τῷ
1429 1428 1539 1484 τρίτῳ
1551 1441 1609 1462 ac-

947 1475 1014 1519 cipi
1050 1486 1171 1520 posse,
1203 1480 1242 1508 ut
1281 1475 1376 1508 verbi
1424 1472 1609 1518 ἐπονομα-

948 1522 1019 1563 ζειν
1044 1522 1250 1554 constructio
1274 1521 1316 1554 ab
1340 1520 1539 1554 Heindorfio
1567 1520 1611 1554 ad

948 1567 1093 1600 Phaedr.
1127 1570 1158 1609 ἓ.
1181 1569 1234 1602 30.
1269 1572 1303 1600 et
1334 1579 1355 1599 a
1387 1566 1610 1600 Stallbaumio

948 1613 1110 1657 exemplis
1134 1614 1308 1646 declarata
1333 1617 1477 1653 constet,
1503 1613 1531 1646 si
1556 1618 1612 1646 ta-

947 1670 1025 1692 men
1049 1659 1198 1692 Bekkeri
1220 1659 1391 1692 silentium
1415 1659 1456 1692 de
1479 1659 1558 1692 Par.
1570 1660 1610 1692 A.

949 1710 985 1737 et
1012 1705 1152 1749 reliquis
1186 1705 1312 1738 cenius
1345 1707 1419 1746 est,
1445 1716 1545 1749 quam
1569 1705 1612 1738 de

948 1751 1050 1785 Vind.
1076 1751 1115 1784 Β.
1151 1751 1185 1784 in
1220 1763 1286 1795 quo
1318 1750 1432 1784 τοῦτο
1456 1750 1523 1794 legi
1546 1762 1612 1784 non

949 1796 1108 1830 ostendit.
1157 1797 1298 1830 Ficinus
1330 1797 1436 1829 verba
1468 1778 1561 1830 αλλοὶ
1587 1792 1608 1831 ὃ

949 1847 1015 1876 etc.
1040 1854 1148 1887 usque
1171 1843 1213 1875 ad
1242 1840 1464 1885 κεκλήκαμεν
1484 1843 1534 1876 ita
1560 1842 1611 1876 in·

949 1892 1159 1933 terpretatus
1183 1893 1256 1921 est:
1282 1890 1341 1921 sed
1366 1900 1407 1921 ex
1436 1901 1496 1930 eo,
1521 1889 1613 1932 quod

949 1936 985 1968 in
1003 1946 1038 1967 se
1058 1935 1207 1967 continet
1223 1934 1409 1967 maximum
1429 1935 1613 1967 vehemen-

949 1981 1196 2024 tissimumque,
1221 1981 1475 2033 concupiscibile
1493 1982 1613 2024 appel-

950 2027 1115 2066 lavimus,
1158 2037 1199 2059 ex
1243 2025 1366 2070 quibus
1406 2023 1527 2071 τούτῳ
1569 2038 1612 2061 an

949 2072 1063 2106 τοῦτο
1089 2072 1233 2115 legerit,
1258 2071 1404 2105 discerni
1428 2060 1557 2116 nequit.

994 2126 1298 2173 ἐπωνομάσαμεν]
1331 2125 1612 2172 ἐπονομάσαμεν

923 2182 927 2185 ’
948 2175 1048 2209 Vind.
1072 2176 1115 2209 F.

998 2218 1108 2266 αὐτὸ]
1135 2217 1256 2255 αὐτοῦ
1281 2221 1367 2254 Lob.
1392 2221 1472 2256 Vat.
1496 2220 1547 2255 M.

996 2268 1095 2311 τῶν]
1131 2268 1187 2301 Ita
1223 2269 1302 2301 Par.
1335 2268 1375 2300 A.
1412 2267 1513 2301 Vind.
1538 2266 1613 2302 BE.

951 2315 1032 2350 vat.
1066 2314 1108 2347 H.
1142 2314 1237 2347 Flor.
1260 2313 1434 2346 ACRTV.
1468 2313 1544 2346 τῶν
1575 2324 1615 2346 τε

952 2360 1075 2405 reliqui
1105 2362 1140 2393 et
1175 2360 1250 2392 Ald.
1286 2360 1366 2392 Bas.
1403 2359 1458 2392 ab.
1493 2359 1614 2404 steph.

952 2408 1027 2440 Ast.

999 2460 1083 2505 περι
1105 2459 1200 2504 τὴν]
1232 2459 1316 2504 περὶ
1348 2461 1432 2495 Ven.
1457 2461 1498 2495 Β.
1521 2461 1615 2494 Flor.

953 2509 997 2542 T.
1027 2507 1099 2542 Ald.
1125 2508 1202 2540 Bas.
1221 2508 1275 2540 ab.
1295 2507 1416 2551 Steph.
1434 2507 1507 2540 Ast.
1528 2504 1616 2550 (τήν

953 2553 1038 2598 περὶ
1079 2553 1183 2587 editio
1217 2553 1387 2596 Bekkeri,
1418 2553 1618 2598 typothetae

954 2601 1099 2656 err7ore.)

1002 2643 1158 2689 ἐδωδὴν]
1181 2640 1326 2689 ἡδονὴν
1349 2645 1430 2680 Par.
1449 2645 1526 2682 DK.
1547 2657 1615 2679 sec.

954 2693 1065 2726 Bekk.

996 2732 1078 2781 Ἆρ’]
1105 2733 1171 2780 ἄρ’
1196 2735 1298 2771 Vind.
1322 2737 1363 2770 F.
1614 2738 1680 2773 581

1002 2784 1158 2829 φαῖμεν]
1186 2783 1314 2827 φῶμεν
1344 2783 1436 2817 Mon.
1468 2782 1508 2816 Β.
1541 2792 1612 2825 φα-

1758 860 1764 919 -.Δμ
1758 762 1764 847 ...—..-
1757 646 1764 745 ⁴..⁴·*
