1764 3176
122 80 176 121 42
765 81 912 119 Volum.
946 81 993 121 H.

400 194 488 240 illo,
529 193 631 241 quod
662 192 745 234 Civ,
772 191 816 233 L,
853 194 887 232 l.
920 205 956 243 p.
987 191 1079 232 335.
1112 193 1154 228 A.
1196 191 1355 242 legitur,
1390 196 1628 242 προσθεῖναι

395 250 452 302 τῷ
478 249 631 303 δικαίῳ.

127 307 217 356 Pag.
239 309 307 356 87,
339 321 371 353 a,
401 307 498 343 inter
524 318 560 344 v.
596 307 644 344 11
676 310 714 343 et
747 307 799 346 10
828 318 850 342 a
874 305 899 345 f.
929 306 1092 343 inseras:
1120 305 1173 343 ov’
1199 307 1376 357 πρῶτον)
1411 327 1457 332 —-
1494 302 1548 344 ὕπ
1575 328 1628 333 ——

399 363 437 399 in
465 362 575 399 litura
604 361 689 398 Par.
720 362 766 403 A,
798 361 873 399 Dii.

344 419 381 468 b,
406 418 455 458 15
484 431 506 455 a
537 419 561 455 f.
598 418 736 455 addas:
777 423 891 467 utque
929 419 1196 468 interpretatus
1242 421 1298 454 est
1334 416 1550 455 Macrobius
1590 418 1629 454 {n

402 475 532 514 Somn.
572 476 617 522 1,
657 476 695 513 9.
732 488 768 524 p.
811 474 875 513 51.
915 474 1038 524 Lugd.
1084 474 1167 513 Bat.
1204 473 1396 524 Indigetes
1434 473 1510 510 dim·
1541 473 1629 523 fato

400 533 529 568 summi
555 529 654 567 Jovz‘s
682 530 723 566 1ιὶ
747 534 845 567 sunt.

126 587 216 637 Pag.
239 588 306 636 88,
334 587 370 637 b,
401 588 454 628 20
481 588 528 625 ad
555 582 903 638 προσκυνήσομεν)
933 591 969 623 et
997 600 1033 637 p.
1055 588 1130 635 89,
1162 601 1196 635 a,
1232 587 1280 626 15
1311 587 1359 623 ad
1396 585 1446 626 Τι’
1476 585 1534 636 δέ)
1563 587 1631 623 ad-

347 665 351 668 ·
402 645 488 682 das:
520 643 603 682 Par.
631 644 677 682 A.
710 643 782 682 Dii.
822 655 844 680 a
871 656 918 681 111.
950 656 1008 693 pr.

129 699 218 748 Pag.
245 701 311 746 89,
340 701 377 749 b,
401 701 426 740 3
456 713 478 737 a
509 700 534 736 f.
560 705 648 751 post
669 699 759 737 Par.
789 700 832 740 Α,
867 700 1029 737 inseras:
1061 697 1119 747 (αὶ
1150 699 1186 735 in
1217 698 1327 736 litura
1359 698 1450 748 Dii.)

126 756 218 806 Pag.
240 757 308 806 90,
334 758 369 803 b,
400 758 496 794 inter
524 770 559 797 v.
586 758 611 796 8
631 761 667 794 et
697 758 723 796 9
752 757 916 794 inseras:
948 757 1019 795 τοῦ
1047 753 1213 806 ἐχθροῦ)
1243 770 1312 794 του
1335 754 1363 795 ε’.
1393 754 1478 795 Par.
1498 754 1540 794 A.
1563 755 1632 795 Dii,

403 812 454 853 14
484 818 570 863 post
599 813 751 862 κυνῶν)
775 813 934 850 inseras:
963 833 1017 839 —-
1036 827 1061 849 v
1085 834 1137 839 —
1165 811 1201 847 in
1231 811 1338 848 {itura
1368 811 1452 848 Par.
1484 810 1528 847 A.
1562 810 1633 847 Dii.

127 869 218 918 Pag·
245 871 313 915 91,
337 883 370 917 a,
402 871 427 908 7
458 882 479 906 a
506 869 530 905 f.
560 869 695 906 addas:
728 868 833 918 μέλει
863 882 884 906 a
914 882 962 906 m.
994 881 1052 919 pr.
1085 867 1158 917 (—-
1188 883 1213 921 ῃ
1239 868 1333 918 τρο.)
1373 867 1458 907 Par.
1488 867 1532 905 A.
1565 867 1635 904 Dii.

345 927 383 975 b,
407 927 454 964 11
489 941 510 963 a
538 926 562 964 f.
595 930 683 976 post
715 925 806 966 Pur.
847 925 892 965 A,
931 926 1093 962 inseras:
1136 922 1195 973 (αὶ
1234 924 1271 961 in
1312 925 1422 961 litura
1453 923 1546 971 Dii.)
1576 925 1633 960 Ad

402 983 740 1032 interpunctionem
775 980 935 1030 cf.Leg.
955 981 999 1018 L.
1030 980 1111 1018 1111.
1144 994 1181 1030 p.
1218 978 1314 1022 704.
1343 980 1395 1017 C:
1425 981 1461 1019 τί
1491 975 1530 1019 ὁ’
1560 975 1636 1028 αὖ,

401 1039 551 1078 πεδίων
570 1054 609 1078 τε
638 1037 702 1078 καὶ
735 1034 842 1089 ὀρῶν
869 1037 935 1077 καὶ
964 1032 1063 1089 ὕλης
1092 1038 1177 1084 πῶς
1197 1035 1314 1088 μέρος
1342 1033 1517 1076 ἑκάστων
1538 1035 1636 1088 ἡμῖν

405 1095 556 1146 εἴληχεν
595 1094 641 1146 (ἦ
670 1091 812 1147 χώρα);

130 1149 221 1200 Pag.
243 1153 310 1199 92,
339 1165 372 1197 a,
404 1150 428 1191 4
459 1165 480 1189 a
509 1152 536 1188 f.
568 1156 654 1202 post
682 1151 772 1189 Par.
803 1152 848 1188 A.
880 1153 1043 1188 inseras:
1073 1145 1236 1200 (ταῦτιὶ,
1273 1162 1387 1199 supra
1423 1150 1561 1200 scripto
1592 1166 1637 1189 τα

405 1221 427 1245 a
457 1221 504 1248 m.
533 1213 607 1246 vet.
635 1205 728 1257 Dii.)

344 1264 381 1314 b,
405 1266 454 1305 22
484 1265 625 1301 addas:
654 1285 710 1290 —
741 1279 771 1302 ω
804 1264 838 1300 in
869 1256 973 1302 οὕτω
1013 1260 1095 1301 Par.
1131 1261 1175 1299 A.
1203 1261 1277 1301 Dii.
1305 1261 1341 1298 in
1373 1262 1483 1299 litura
1514 1262 1636 1300 habet.

129 1319 218 1369 Pag.
247 1318 314 1368 94,
341 1333 376 1369 a,
409 1322 503 1358 inter
533 1334 565 1361 v.
596 1321 618 1360 5
646 1326 682 1357 et
700 1322 725 1359 6
755 1321 916 1357 inseras:
948 1315 1110 1367 61io)—-
1143 1333 1172 1356 ω
1202 1330 1223 1355 a
1244 1331 1290 1358 m.
1310 1331 1367 1368 pr.
1388 1319 1474 1357 Par.
1500 1319 1542 1359 Α,
1567 1318 1636 1356 Dii.

402 1380 427 1417 9
459 1390 481 1414 a
520 1376 545 1417 s.
577 1382 666 1426 post
695 1391 735 1427 γε
766 1377 929 1412 inseras:
962 1376 1047 1412 Par.
1071 1374 1117 1413 A.
1150 1374 1223 1411 Dii.

403 1436 428 1472 7
455 1447 476 1470 a
507 1434 533 1470 f.
560 1433 610 1469 ad
649 1430 727 1472 ἄπο
764 1429 931 1483 τρόπον)
970 1431 1108 1468 addas:
1147 1431 1201 1467 Ita
1236 1443 1258 1468 a
1294 1442 1340 1467 m.
1371 1444 1445 1468 sec.
1477 1430 1561 1468 Par.
1595 1430 1637 1471 Α,

433 1489 506 1527 Dii.
539 1501 560 1525 a
590 1502 635 1525 m.
664 1503 719 1539 pr.
746 1489 866 1540 (quod
896 1488 1006 1526 etiam
1030 1487 1194 1524 Bastium
1228 1488 1340 1536 fugit)
1371 1483 1451 1527 ct'ao*
1476 1509 1533 1515 —-
1561 1487 1639 1535 (De

435 1572 598 1622 scholio,
624 1574 660 1609 in
687 1587 761 1623 quo
786 1573 934 1610 Bastius
954 1573 1275 1623 praepositionem
1314 1601 1344 1637 Α
1376 1574 1456 1610 sine
1485 1578 1641 1610 accentu

435 1660 472 1693 et
503 1656 638 1706 spiritu
666 1657 842 1706 scriptam
883 1669 968 1693 esse
1007 1656 1117 1703 dicit,
1150 1655 1349 1693 Diibnerus
1381 1656 1514 1706 tacet.)

129 1714 220 1764 Pag.
246 1714 312 1761 95,
341 1727 375 1763 a,
407 1714 458 1752 16
487 1713 628 1749 addas:
671 1736 721 1741 —
743 1728 847 1752 ω-
887 1714 923 1750 in
961 1713 1072 1751 litura
1107 1711 1192 1750 Par.
1228 1710 1272 1748 A.
1303 1712 1374 1752 Dii.
1416 1713 1550 1750 Fuisse
1590 1715 1639 1749 vi-

404 1770 513 1806 detur
539 1784 585 1808 ov

405 1826 500 1862 inter
528 1838 565 1861 v.
599 1826 651 1865 16
685 1831 724 1862 et
762 1827 811 1864 17
851 1826 1014 1862 inseras:
1054 1824 1319 1876 ἒμπιπρώσιν)
1360 1838 1440 1862 cum
1472 1842 1498 1876 μ
1529 1839 1641 1877 super

432 1897 507 1920 πιπ
539 1895 613 1918 rec.
646 1881 731 1921 Par.
759 1880 803 1919 A.
836 1880 912 1920 Dii.

408 1938 459 1977 18
489 1938 537 1974 ad
569 1933 852 1989 α’λιτηριώὸης)
883 1938 1020 1975 addas:
1055 1933 1319 1988 ἄλιτηρίωδης
1343 1936 1427 1977 Par.
1454 1936 1498 1978 A,
1524 1937 1594 1974 Dii.

349 1994 384 2039 b,
411 1992 437 2033 4
466 2007 487 2030 a
511 1993 535 2033 f.
568 1999 655 2044 post
687 1993 729 2034 οἷ
756 1995 919 2030 inseras:
962 1994 1091 2030 eadem
1121 2006 1232 2029 manu
1262 2007 1344 2043 sup.
1377 1993 1462 2032 Par.
1494 1993 1535 2031 A.
1568 1993 1640 2032 Dii.

130 2050 222 2100 Pag.
250 2051 318 2098 96,
344 2064 379 2099 a,
408 2051 503 2087 inter
534 2063 567 2089 v,
599 2049 625 2089 4
654 2056 690 2088 et
718 2051 741 2090 5
769 2050 933 2087 inseras:
971 2045 1049 2099 Οὔ)
1081 2046 1144 2097 οὕ,
1171 2048 1254 2086 Par.
1288 2048 1330 2085 A.
1349 2048 1420 2086 Dii.
1596 2081 1602 2088 .

405 2105 458 2146 20
490 2106 630 2144 addas:
654 2106 694 2144 In
727 2106 810 2144 Par.
835 2105 881 2145 A.
905 2106 978 2145 Dii.
1008 2106 1042 2142 h.
1075 2106 1095 2145 1.
1128 2107 1162 2142 in
1195 2118 1241 2142 m.
1276 2107 1452 2156 scriptum
1489 2111 1547 2144 est
1578 2103 1642 2156 ὥς,

433 2163 469 2199 ἱι]
500 2175 611 2200 versu
642 2164 725 2214 ipso
756 2166 932 2213 punctum
959 2174 1142 2210 nusquam
1172 2163 1330 2200 videtur.

131 2219 223 2268 Pag.
250 2221 317 2268 97,
343 2219 380 2268 b,
408 2219 504 2256 inter
537 2232 570 2256 v.
605 2221 655 2260 21
694 2224 731 2257 et
769 2221 820 2260 22
852 2220 1015 2256 inseras:
1051 2214 1317 2271 ἐμπιπράναι)
1358 2232 1439 2257 cum
1473 2236 1500 2271 μ
1530 2233 1642 2271 super

407 2291 483 2315 πιπ
508 2280 583 2313 vet.
608 2275 693 2316 Par.
723 2275 768 2312 A.
793 2275 866 2313 Dii.

407 2334 432 2372 9
464 2345 485 2369 a
514 2333 540 2368 f.
571 2337 657 2383 post
687 2331 893 2387 ἐπιτρέπῃ)
923 2332 1086 2369 inseras:
1123 2353 1170 2358 —
1204 2347 1228 2386 ’ῃ
1259 2345 1332 2372 rec,
1364 2332 1399 2369 in
1428 2332 1535 2370 litura
1557 2333 1641 2371 Par.

409 2388 452 2424 A.
483 2388 554 2426 Dii.

132 2443 223 2494 Pag.
254 2444 320 2489 98,
348 2443 386 2492 b,
413 2443 438 2483 4
468 2457 489 2481 a
521 2445 547 2482 f.
575 2445 712 2483 addas:
739 2443 779 2483 τὲ
808 2457 891 2482 cum
918 2460 940 2496 γ
969 2449 1040 2481 vet.
1075 2457 1201 2495 super.
1231 2459 1261 2484 τ,
1292 2444 1374 2484 Par,
1407 2447 1447 2480 A.
1479 2444 1550 2485 Dii,

132 2501 222 2551 Pag.
254 2501 320 2550 99,
348 2514 381 2549 a,
413 2501 511 2538 inter
541 2514 573 2539 v.
597 2502 646 2542 12
677 2506 714 2538 et
735 2503 784 2541 11
812 2514 834 2538 a
864 2501 889 2542 f.
920 2501 1081 2538 inseras:
1113 2496 1275 2549 αὐτούς)
1304 2499 1356 2540 αὖ
1375 2523 1420 2528 —
1443 2514 1465 2538 a
1493 2515 1539 2541 m.
1567 2514 1641 2542 see.

409 2561 448 2594 ut
472 2558 634 2606 videtur,
668 2557 754 2599 Par.
776 2558 818 2595 A.
840 2550 914 2594 Dii.

134 2615 225 2664 pag.
240 2614 332 2661 100,
349 2626 385 2661 a,
414 2613 478 2654 ult,
507 2615 645 2663 addasf:
683 2615 759 2652 Sed
788 2614 873 2654 Par.
900 2613 943 2654 A,
980 2612 1050 2652 Dii,
1077 2613 1189 2651 habet
1221 2626 1392 2666 συγγιγν,

134 2671 224 2720 Pag.
237 2671 329 2719 102,
352 2683 385 2717 a,
420 2670 469 2710 15
496 2671 661 2707 inseras:
694 2670 797 2716 (Par.
827 2670 870 2710 A.
892 2670 965 2709 Dii.
993 2682 1014 2706 a
1042 2683 1089 2709 m.
1116 2670 1224 2707 valde
1254 2684 1328 2712 rec,
1354 2670 1464 2708 habet
1492 2690 1547 2696 —
1573 2685 1643 2719 ειν,

409 2741 431 2763 a
461 2739 509 2766 m.
538 2740 594 2776 pr.
626 2727 894 2777 fuerat—27)
937 2727 987 2766 13
1018 2738 1039 2763 a
1071 2726 1094 2766 f.
1131 2732 1219 2776 post
1253 2725 1376 2779 λέγεις
1414 2731 1451 2764 et
1482 2727 1534 2766 10
1564 2741 1584 2764 a
1618 2727 1642 2764 f.

410 2787 498 2834 post
525 2779 727 2835 οἷφεθήσει
756 2784 920 2821 inseras:
945 2783 1029 2823 Par,
1059 2782 1100 2822 Α,
1129 2783 1201 2820 Dii.
1233 2796 1254 2820 a
1285 2797 1332 2822 m.
1359 2796 1417 2834 pr.
