1764 3176
562 199 1051 243 EDITORIS.
1474 215 1503 242 v

113 320 334 352 monumenta
362 315 519 359 reliquit:
552 316 733 351 Problema
753 318 795 353 cle
820 318 953 351 duabus
975 316 1076 352 lineis
1093 316 1130 350 in
1150 315 1269 350 eodem
1282 317 1389 359 plano
1409 314 1502 348 desi-

113 374 282 420 gnandis,
306 385 396 420 quae
413 384 589 417 nunquam
609 380 728 408 coeant
748 375 784 409 in
802 375 905 415 idem,
925 374 1003 408 licet
1016 373 1257 418 producamur
1275 373 1312 406 in
1330 372 1502 416 infinitum

114 436 148 466 et
167 435 295 476 quanto
309 431 564 476 protrahantur
577 431 720 475 longius
738 435 834 465 tanto
854 431 921 465 sibi
941 431 1091 464 evadant
1108 431 1286 473 propiores
1298 454 1308 469 ‚
1336 429 1502 462 tredecim

112 489 224 522 modis
263 488 550 531 demonstratum3
589 488 868 532 Explicationem
898 486 1229 531 Rhythmomachiae
1255 485 1503 530 Pythagor-eae

110 545 233 578 Italice
247 545 433 588 scriptam,
465 549 500 576 et
518 554 615 585 eum,
649 555 748 587 quem
769 556 832 578 nos
853 543 1116 577 examinandum
1146 543 1375 584 suscepimus,
1406 542 1504 574 libel-

111 602 182 635 lum
210 601 253 634 de
279 600 421 634 numero
441 600 606 634 Platonis.
664 602 770 634 Cuius
797 601 902 634 libelli
931 601 1020 634 inter
1050 599 1154 633 Italos
1186 599 1248 632 soli
1265 597 1503 632 Mazzuchello

112 658 373 692 commemorati
399 661 434 690 et
463 667 507 690 ne
537 656 616 690 huic
631 658 768 700 quidem
796 658 972 701 conspecti
1002 658 1092 690 inter
1111 659 1284 690 nostrates
1304 655 1504 688 memoriam

110 715 315 748 instauravit
330 712 547 758 Boeckffim,
577 715 628 747 vir
658 714 892 756 doctissimus,
923 715 957 748 in
985 713 1119 748 Studiis
1152 711 1504 756 Heidelberg-ensibus

110 771 154 809 T.
175 771 235 805 111.
251 782 285 815 p.
305 767 361 804 44.
381 781 448 813 quo
473 771 550 804 loco
576 772 757 814 plerosque
784 782 923 812 eorum,
954 771 1010 814 qui
1044 770 1087 803 de
1116 769 1234 802 eadem
1262 778 1300 801 re
1321 769 1503 811 scripsere,

109 828 308 863 nominavit.
365 827 502 861 Titulus
530 827 585 861 hic
615 832 683 861 est:
712 827 963 861 FRANCISCI
992 826 1185 861 BAROCII
1209 825 1372 858 JACOBI
1395 825 1505 858 FlLII

108 883 322 919 PATRITII
354 884 532 919 VENETI
566 883 951 918 COMMENTARIVS
981 883 1031 917 IN
1062 881 1230 916 LOCVM
1263 880 1504 914 PLATONJS

111 941 502 976 OBSCVRISSIMVM
522 946 555 974 et
571 942 735 976 hactenus
759 943 782 974 ὰ
809 941 941 975 nemine
956 942 1046 975 recte
1065 940 1257 985 expositum
1275 939 1312 972 in
1329 938 1505 983 principio

111 998 261 1043 Dialogi
279 999 394 1032 octavi
413 998 456 1032 de
482 999 569 1043 Rep.
589 999 647 1032 ubi
677 1009 787 1032 sermo
805 998 950 1032 habetur
971 998 1014 1032 de
1031 1009 1171 1030 numero
1194 995 1429 1036 Geometriw,
1463 995 1506 1029 de

111 1067 180 1102 quo
197 1055 416 1099 proverbium
437 1060 509 1098 est,
539 1056 630 1099 quod
662 1066 803 1089 numero
829 1055 986 1089 Platonis
1013 1054 1103 1087 nihil
1133 1053 1318 1087 obscurius.
1377 1052 1433 1085 Ad
1454 1052 1505 1085 Il-

110 1113 370 1153 lustrissimum,
399 1117 431 1146 et
450 1112 784 1146 Reverendissimum
801 1111 1084 1145 GABRIELEM
1102 1108 1397 1143 PALAEOTVM
1418 1108 1507 1141 Car-

110 1169 263 1204 dinalem
297 1168 569 1214 amplissimum,
604 1174 636 1203 et
662 1170 839 1212 optimum.
921 1168 1007 1201 Cum
1034 1167 1175 1202 licentia
1204 1167 1252 1200 R.
1289 1166 1336 1200 D.
1372 1165 1508 1198 ricerii

109 1226 354 1271 Epist-opalis,
381 1237 422 1258 ac
445 1226 488 1260 R.
513 1226 556 1262 P.
580 1226 808 1271 Inquisitoris.
867 1224 1136 1265 BONONJAE,
1176 1222 1282 1268 Typis
1312 1222 1507 1255 Alexandri

109 1283 269 1320 Benacii.
328 1282 524 1316 MDLXVI.
553 1280 607 1324 (4.
628 1283 708 1317 min.
730 1282 789 1316 fol.
808 1278 883 1326 34.)
943 1281 1034 1318 Quid
1060 1286 1174 1314 autem
1206 1279 1416 1323 propositum
1442 1277 1506 1311 ha-

108 1340 225 1374 buerit
247 1339 415 1374 Barocius
443 1342 478 1373 et
509 1349 578 1382 qua
609 1340 743 1374 ratione
769 1349 850 1372 usus
868 1339 931 1380 sit,
962 1339 1036 1382 ipse
1068 1338 1103 1372 in
1122 1336 1299 1382 prooemio
1320 1334 1505 1369 declaravit

107 1395 160 1431 his
179 1397 311 1431 verbis:

223 1453 476 1498 „Propositum
500 1464 613 1488 meum
646 1458 699 1488 est
729 1464 806 1488 eum
826 1453 982 1488 Platonis
1009 1453 1042 1486 in
1071 1455 1196 1485 octavo
1218 1451 1261 1485 de
1285 1451 1375 1495 Rep.
1393 1451 1506 1484 locum

109 1522 303 1555 exponere,
334 1512 392 1554 qui
418 1512 493 1545 cum
525 1512 692 1553 omnium,
720 1522 809 1555 quae
831 1511 894 1544 sub
923 1509 1106 1543 humanam
1127 1509 1357 1551 cognitionem
1381 1507 1507 1541 cadere

108 1568 563 1613 possunt‚,obscurissimus
592 1569 656 1602 sit:
688 1568 854 1602 hactenus
881 1568 901 1601 a
935 1567 1072 1601 nemine
1098 1564 1209 1608 (quod
1241 1576 1329 1608 pace
1356 1565 1507 1598 omnium

109 1625 244 1669 dicam)
262 1636 331 1659 non
359 1625 461 1659 modo
480 1636 548 1659 non
574 1626 669 1659 recte
694 1625 912 1665 declaratus,
940 1624 1000 1658 sed
1030 1623 1210 1665 nequidem
1229 1626 1411 1665 perceptus
1433 1625 1506 1654 est:

109 1682 180 1716 imo
197 1683 314 1715 tritum
337 1681 417 1715 inde
447 1683 661 1726 proverbium
693 1681 783 1725 apud
816 1680 981 1723 Antiquos
1002 1684 1114 1713 ortum
1146 1678 1229 1720 suit,
1261 1678 1351 1721 quod
1382 1687 1508 1720 nempe

110 1739 261 1774 numeris
279 1738 466 1772 Platonicis
487 1738 568 1772 nihil
590 1740 778 1772 obscurius.
837 1737 925 1771 Nam
945 1747 1046 1779 spero
1064 1735 1226 1769 studiosis
1248 1735 1405 1769 omnibus
1426 1745 1507 1776 gra-

111 1795 280 1830 tissimum
298 1794 371 1829 fore
404 1800 475 1828 tam
508 1795 644 1829 obscuri
666 1796 733 1828 loci
750 1804 886 1835 veram,
916 1793 1181 1833 lucidissimam,
1213 1802 1255 1825 ac
1285 1793 1352 1825 iam
1373 1792 1506 1835 pridem

110 1851 134 1886 a
157 1852 257 1886 nobis
287 1862 354 1894 ope
381 1851 494 1885 divina
513 1856 683 1894 repertam
712 1851 958 1894 expositionem
983 1850 1176 1892 perlegere.
1236 1849 1274 1882 In
1307 1848 1372 1881 hac
1390 1849 1508 1891 itaque

111 1920 151 1943 re
168 1908 412 1952 pertractanda
432 1907 499 1941 hoc
516 1908 636 1941 ordine
654 1907 733 1941 mihi
753 1907 1007 1950 procedendum
1028 1910 1092 1940 est.
1149 1905 1268 1938 Primo
1288 1905 1423 1948 quidem
1445 1915 1508 1938 au-

86 1955 89 1959 *
110 1970 204 2011 tores
225 1975 367 2009 omnes,
402 1965 458 2008 qui
488 1964 531 1999 de
557 1964 623 1998 hoc
649 1966 726 1998 loco
746 1964 902 1997 Platonis
933 1963 1060 2005 aliquid
1089 1962 1272 2003 dixerunt,
1302 1963 1335 1995 in
1359 1961 1507 1996 medium

111 2022 278 2066 afferam,
309 2032 495 2064 eorumque
524 2022 727 2055 testimoniis
761 2022 812 2055 rei
842 2020 1076 2054 difficultatem
1106 2019 1306 2052 ostendam:
1345 2019 1508 2052 Secundo

112 2079 194 2123 quid
206 2079 314 2112 etiam
334 2077 416 2112 mihi
444 2078 487 2112 de
513 2078 579 2112 hac
606 2078 806 2112 difficultate
825 2077 1004 2118 videatur,
1034 2076 1211 2109 adiiciam:
1242 2076 1363 2109 Tertio
1395 2086 1509 2118 quae-

111 2136 193 2170 dam
210 2135 255 2169 ad
281 2135 539 2178 intelligentiam
573 2136 623 2169 rei
642 2136 836 2179 spectantia
857 2134 1059 2168 declarabo:
1094 2133 1227 2168 Quarto
1255 2133 1298 2166 ad
1321 2133 1426 2176 ipsius
1442 2133 1508 2166 loci

111 2192 425 2235 dillucidationem,
457 2193 773 2235 expositionemque
800 2203 854 2225 me
880 2190 1073 2231 conferam,
1102 2190 1137 2223 in
1159 2200 1226 2232 quo
1249 2190 1384 2232 quidem
1407 2189 1508 2222 dillu-

112 2249 283 2291 cidando,
313 2249 587 2293 exponendoque
615 2250 718 2283 talem
748 2249 850 2282 etiam
878 2248 1034 2282 ordinem
1063 2247 1218 2280 servabo.
1275 2246 1394 2280 Primo
1421 2257 1507 2288 quo-

112 2305 258 2340 rundam
288 2307 512 2340 obscurorum
545 2307 702 2339 Platonis
726 2307 906 2339 verborum
933 2303 1200 2347 significationes
1230 2304 1399 2345 aperiam:
1441 2303 1507 2336 Se-

114 2363 228 2397 cundo
254 2362 411 2396 Platonis
441 2363 646 2397 sententiam
688 2363 798 2396 verbis
827 2363 908 2405 ipsis
943 2360 1144 2404 applicabo:
1181 2360 1303 2394 Tertio
1334 2360 1508 2402 quomodo

113 2421 228 2454 locum
245 2419 336 2453 hunc
368 2419 425 2453 alii
455 2420 682 2461 declararint,
713 2423 748 2453 et
774 2430 862 2462 quae
881 2419 923 2451 ab
942 2418 990 2451 eis
1014 2418 1129 2458 recte,
1159 2421 1262 2459 atque
1284 2417 1373 2450 male
1403 2416 1508 2458 dicta,

114 2477 271 2520 quaeque
297 2477 432 2520 penitus
459 2477 701 2520 praetermissa
721 2477 791 2510 sint
810 2475 1011 2509 ostendam:
1041 2473 1175 2510 Quarto
1202 2477 1237 2506 et
1254 2474 1373 2507 ultimo
1394 2474 1507 2507 locum

115 2534 220 2567 alium
241 2533 398 2566 Platonis
417 2534 452 2567 in
472 2544 563 2567 nono
584 2533 627 2567 de
648 2533 738 2576 Rep.
756 2534 840 2567 satis
864 2533 969 2566 etiam
989 2532 1182 2570 obscurum,
1213 2534 1248 2562 et
1273 2531 1316 2563 ab
1337 2531 1508 2573 interpre-

115 2590 206 2623 tibus
226 2600 295 2623 non
315 2590 409 2624 recte
427 2590 660 2631 declaratum,
690 2591 889 2629 illustrabo;
921 2589 1016 2622 cuius
1036 2588 1102 2620 loci
1125 2587 1349 2628 intelligentia
1373 2598 1415 2621 ex
1444 2586 1509 2632 his,

116 2657 206 2690 quae
225 2646 260 2680 in
279 2650 403 2680 octavo
430 2647 473 2681 de
490 2648 578 2690 Rep.
601 2647 760 2680 dicuntur
771 2673 781 2692 ‚
809 2652 971 2689 tanquam
989 2644 1205 2677 corollarium
1222 2643 1405 2687 dependet.
1417 2644 1442 2660 “

229 2704 344 2746 Atque
360 2702 445 2737 haec
473 2704 587 2737 lucido
607 2703 750 2749 ordine,
784 2709 822 2737 ut
845 2701 1122 2737 mathematicum
1158 2700 1323 2742 decebat,
1352 2700 1414 2734 sed
1432 2710 1510 2734 ver-

118 2759 234 2794 bosius
255 2760 390 2803 paullo,
419 2771 520 2803 quam
545 2771 688 2794 necesse
715 2764 811 2805 erat,
843 2760 1004 2802 deinceps
1022 2757 1258 2801 pertractavit.
1317 2757 1373 2791 Ex
1389 2757 1510 2799 quibus

118 2826 184 2860 ea,
218 2827 307 2859 quae
331 2821 475 2859 quartae
501 2818 609 2860 partis
640 2817 784 2860 primum
813 2817 969 2850 obtinent
998 2816 1133 2855 locum,
1163 2824 1265 2856 quum
1287 2814 1331 2847 ad
1355 2818 1509 2848 nostrum

119 2873 298 2916 consilium
337 2874 485 2908 maxime
512 2874 727 2918 pertineant,
765 2874 904 2917 integra
927 2871 984 2906 hic
1015 2881 1251 2916 apponemus,
1289 2881 1333 2905 ex
1357 2871 1510 2914 reliquis,
