1764 3176
597 187 1073 230 EDITORIS.
1370 204 1530 232 vanu

139 296 248 338 solum
268 302 531 345 adnotabimus,
557 303 648 346 quod
664 304 838 338 Marsilius
861 304 1021 346 Ficinus,
1053 304 1110 347 qui
1137 302 1312 338 Iamblichi
1338 305 1526 347 expositio—

139 360 503 403 nem-manuscriptam
527 359 678 402 viderat,
708 362 819 404 inquit
848 360 1070 395 Iamblichnm
1091 361 1298 404 implicuisse
1316 360 1395 394 dum
1414 362 1525 395 locum

140 416 230 450 hunc
253 417 424 459 explicare
449 417 566 451 voluit.
622 418 787 451 Similiter
817 418 921 451 etiam
949 417 993 451 de
1021 417 1217 450 Sebastiani
1248 417 1346 451 Foxii
1389 418 1527 461 exposi-

137 474 231 506 tione
251 474 378 507 nullum
403 474 468 507 erit
486 474 582 507 nobis
607 475 765 516 verbum,
795 475 954 517 quoniam
974 470 1031 518 (ut
1051 474 1094 506 ab
1121 474 1216 506 initio
1249 472 1413 520 diximus)
1434 476 1524 517 ipse-

136 534 208 563 met
229 529 356 563 fatetur
373 541 411 564 se
434 531 545 564 locum
570 529 659 564 hune
676 542 743 564 non
761 531 991 572 intellexisse,
1018 529 1162 572 ideoque
1180 530 1426 564 indeclaratum
1448 541 1525 564 eum

136 587 326 629 reliquisse.
383 588 502 623 Quare
518 588 620 620 trium
639 592 771 621 tantum
789 588 1014 630 interpretum
1025 587 1256 630 expositiones
1276 587 1526 621 examinandae

135 643 394 685 relinquuntur,
425 643 584 677 videlicet
601 644 837 686 Volaterrani,
869 644 943 677 Divi
960 643 1137 685 Thomae,
1167 647 1202 676 et
1217 641 1394 678 Acciaioli.
1452 645 1526 678 Vo-

135 701 328 733 laterranos
345 701 461 743 itaque
476 700 631 734 Platonis
654 706 802 734 mentem
823 711 891 734 non
908 700 1088 741 intellexit,
1117 704 1155 733 ut
1173 704 1270 743 patet
1290 711 1332 733 ex
1353 701 1406 744 iis,
1437 711 1526 742 quae

136 757 180 790 de
201 756 267 790 hoc
287 757 364 791 loco
384 757 467 790 dicit
487 758 520 790 in
539 757 625 790 libro
642 758 954 800 Trigesimoquinto
973 768 1111 790 suorum
1129 757 1334 790 urbanorum
1351 768 1525 790 commen-

135 814 320 847 tariorum:
350 813 503 856 Ideoque
533 815 726 857 ubicunque
751 815 795 848 de
823 814 888 847 hac
906 825 944 847 re
964 814 1170 847 men-tionem
1187 813 1290 855 fecit,
1326 824 1400 846 eam
1432 815 1525 846 sicco

134 870 224 913 pede
241 871 430 913 praeteriit.
486 869 533 903 At
564 871 596 904 in
616 871 811 914 Trigesimo
828 875 926 904 sexto
942 871 1028 904 libro
1052 870 1238 903 eorundem
1260 871 1524 903 commentario-

134 937 210 960 rum
228 927 349 962 sivein
367 932 570 970 argumento
605 938 668 961 suo
699 929 733 962 in
763 929 929 963 Quintum
958 927 1181 960 Politicorum
1203 927 1397 960 Aristotelis
1419 938 1526 969 quen-

135 983 215 1017 dam
245 994 397 1017 errorem
429 984 464 1017 in
495 985 604 1017 verbis
627 985 807 1018 commisit.
835 984 986 1027 quamvis
1020 985 1108 1016 enim
1129 985 1200 1027 ipse
1223 984 1470 1017 volaterranus
1490 984 1524 1018 in

134 1041 201 1073 iam
223 1040 316 1074 dicto
344 1041 521 1083 trigesimo
548 1042 669 1083 quinto
703 1042 789 1074 libro
817 1041 941 1074 dixerit
973 1051 1150 1073 numerum
1183 1040 1340 1073 Platonis
1371 1040 1523 1082 fatalem,

136 1096 202 1130 hoc
221 1101 273 1130 est
288 1097 397 1140 ipsum
417 1098 676 1131 Geometricum
698 1109 773 1131 esse
800 1098 898 1139 1728,
919 1096 1134 1130 nihilominus
1152 1097 1185 1129 in
1205 1097 1271 1129 iam
1291 1097 1382 1130 dicto
1403 1102 1524 1140 postea

136 1153 312 1196 trigesimo
346 1158 445 1187 sexto
482 1154 568 1187 libro
607 1155 695 1188 male
727 1165 804 1188 eum
830 1155 998 1196 explicat3
1038 1154 1197 1196 quoniam
1232 1153 1365 1187 videtur
1397 1154 1525 1195 dicere,

134 1210 227 1253 quod
252 1220 414 1244 numerus
437 1211 503 1243 iste
534 1211 579 1244 sit
597 1210 722 1245 20736.
752 1211 798 1244 ibi
823 1211 911 1244 enim
937 1210 979 1243 de
999 1209 1185 1243 Aristotele
1201 1210 1356 1243 Platonis
1378 1211 1524 1244 mentio-

133 1277 212 1300 nem
244 1266 394 1306 faciente
422 1268 564 1309 loquens
590 1267 695 1301 habet
724 1266 811 1300 haec
842 1267 956 1300 verba.
1022 1266 1154 1300 Narrat
1182 1272 1364 1310 praeterea
1399 1279 1524 1301 causas

135 1335 261 1365 omneS,
287 1324 408 1369 quibus
431 1324 534 1368 Reip.
551 1329 660 1358 status
680 1325 933 1368 corrumpitur,
959 1324 1032 1357 sive
1056 1324 1327 1365 Aristocratiae‚
1355 1324 1427 1359 sive
1452 1325 1522 1357 Re-

132 1381 219 1426 giae
250 1381 439 1426 allegando
459 1380 616 1416 Platonis
643 1386 753 1415 certos
775 1392 953 1422 numeros,
983 1381 1020 1414 in
1050 1381 1170 1425 quibus
1200 1382 1406 1414 mutationes
1427 1382 1525 1424 fiunt

132 1439 330 1479 civitatum,
361 1449 445 1483 quos
472 1437 557 1471 alibi
578 1439 781 1483 attigimus,
812 1438 972 1472 videlicet
1002 1438 1038 1471 in
1053 1439 1214 1482 Epitome
1246 1438 1326 1472 libri
1353 1438 1524 1481 Platonis,

132 1499 167 1529 et
195 1494 234 1528 in
265 1495 510 1532 Arithmetica.
588 1496 684 1529 Dixit
710 1499 824 1528 autem
849 1505 917 1528 non
945 1494 1114 1528 immerito
1149 1494 1334 1539 attigimus
1359 1495 1522 1537 quoniam

132 1551 222 1585 adeo
239 1551 387 1585 breviter
410 1552 456 1585 ibi
490 1563 560 1586 rem
579 1552 720 1594 attigit,
748 1557 788 1585 ut
815 1561 888 1585 eam
919 1552 1056 1584 minime
1075 1551 1269 1586 declararit.
1329 1551 1414 1584 cum
1441 1552 1523 1585 vero

132 1607 220 1641 haec
251 1608 414 1650 dixisset,
444 1610 563 1642 statim
587 1608 761 1642 subiunxit
786 1608 954 1651 quaedam
980 1609 1102 1649 verba,
1134 1608 1254 1650 quibus
1279 1609 1428 1642 breviter
1461 1619 1522 1641 ex-

131 1665 237 1708 plicat
259 1665 414 1707 quisnam
434 1665 479 1698 sit
503 1666 577 1709 ipse
600 1666 725 1706 fatalis,
753 1676 812 1698 seu
829 1665 1070 1698 Geometricus
1088 1665 1245 1697 Platonis
1269 1675 1441 1706 numerus,
1471 1665 1523 1697 di·

132 1731 232 1755 cens:
266 1721 335 1755 Hic
367 1727 416 1755 est
441 1733 601 1756 numerus
622 1722 879 1763 duodenarius,
912 1726 944 1755 et
973 1721 1219 1764 multiplicatus
1231 1732 1297 1766 per
1319 1722 1522 1765 Aequilate-

130 1789 209 1812 rum
232 1789 330 1811 suum
351 1779 520 1819 Planum,
551 1785 585 1813 et
612 1779 780 1812 Selicium.
841 1779 941 1812 Quae
965 1777 1101 1819 quidem
1127 1777 1231 1811 rerba
1263 1778 1308 1811 nil
1332 1778 1422 1811 aliud
1439 1777 1522 1811 mihi

130 1845 257 1868 sonare
276 1835 443 1875 videntur,
463 1836 563 1877 quam
585 1835 675 1878 quod
693 1845 852 1868 numerus
865 1833 919 1866 hic
941 1838 993 1866 est
1004 1833 1127 1868 20736.
1148 1845 1226 1867 nam
1242 1835 1269 1867 si
1289 1834 1522 1869 duodenarius

129 1891 373 1934 multiplicetur
391 1901 451 1935 per
467 1891 724 1934 Aequilaterum
735 1902 833 1924 suum
843 1891 1000 1932 Planum,
1018 1889 1084 1923 hoe
1102 1895 1155 1924 est
1170 1901 1231 1934 per
1246 1902 1344 1924 suum
1359 1892 1522 1928 Quadra-

131 1951 204 1981 tum
224 1945 481 1993 (Aequilaterus
499 1950 587 1982 enim
607 1949 737 1982 Planus
762 1947 960 1981 duodenarii
980 1958 1154 1989 numerus,
1183 1952 1235 1981 est
1258 1947 1457 1984 Quadratus
1476 1949 1521 1982 ab

130 2004 254 2038 eodem
279 2004 490 2038 duodenario
505 2004 711 2051 productus)
732 2006 788 2048 qui
807 2004 963 2038 nimirum
995 2009 1047 2037 est
1071 2001 1152 2037 144:
1184 2005 1286 2038 dnbio
1304 2006 1426 2047 procul
1447 2006 1521 2048 ipse

133 2061 222 2095 1728
247 2061 365 2094 Cubus
387 2061 588 2095 duodenarii
608 2067 778 2096 nascetur.
816 2061 937 2104 quodsi
965 2071 1080 2094 rursus
1100 2061 1189 2094 idem
1208 2061 1437 2095 duodenarius
1459 2072 1520 2105 per

130 2116 222 2151 hunc
243 2118 314 2151 eius
343 2118 488 2152 solidum
510 2118 598 2151 1728
621 2119 880 2162 multiplicetur,
913 2118 1041 2151 orietur
1062 2119 1180 2160 utique
1201 2128 1363 2151 numerus
1391 2117 1519 2153 20736.

131 2175 251 2210 Quare
262 2175 338 2208 cum
357 2174 450 2208 dicat
466 2175 713 2209 volaterranus
731 2176 800 2208 iam
821 2174 949 2207 dictum
967 2174 1124 2208 Platonis
1142 2185 1319 2208 numerum
1336 2186 1411 2208 esse
1431 2175 1518 2208 duo—

130 2230 308 2265 denarium
336 2232 594 2274 multiplicatum
620 2243 681 2276 per
704 2232 960 2274 Aequilaterum
979 2242 1080 2264 suum
1099 2232 1264 2274 Planum,
1298 2236 1334 2265 et
1351 2232 1521 2274 Solidum‚

130 2286 212 2321 nihil
226 2287 319 2322 aliud
339 2288 454 2322 dicere
472 2289 606 2323 videtur
621 2290 722 2332 quam
742 2288 834 2332 quod
853 2298 1012 2322 numerus
1028 2289 1092 2321 iste
1112 2288 1157 2321 sit
1176 2287 1303 2333 20736,
1326 2288 1417 2331 quod
1439 2299 1518 2332 pro-

130 2343 224 2378 fecto
245 2343 365 2378 falsum
388 2349 453 2379 est.
510 2345 610 2380 Haec
635 2347 738 2380 etiam
760 2345 804 2379 de
822 2345 1041 2379 Volaterrani
1069 2345 1285 2388 expositione
1321 2345 1414 2378 dicta
1437 2346 1517 2381 sint.

130 2401 236 2434 Divus
253 2400 406 2435 Thomas
422 2407 537 2436 autem
557 2403 697 2446 quanvis
725 2403 832 2435 multa
854 2401 897 2435 de
921 2400 1082 2435 hocloco
1105 2401 1261 2435 Platonis
1281 2401 1427 2442 dixerit,
1463 2406 1518 2435 at-

131 2460 246 2491 tamen
276 2468 388 2502 pauca
416 2464 557 2502 possunt
588 2470 630 2494 ex
651 2460 725 2493 eius
748 2458 963 2502 expositione
987 2458 1123 2500 colligi,
1153 2468 1242 2500 quae
1259 2458 1301 2491 ad
1324 2458 1518 2501 intelligen-

130 2514 214 2547 tiam
235 2516 423 2557 praesentis
441 2517 489 2550 rei
508 2517 712 2559 pertineant.
739 2526 820 2549 mox
841 2515 930 2549 enim
956 2515 991 2548 in
1014 2515 1179 2558 principio
1206 2515 1438 2549 commentarii
1465 2515 1517 2549 sui

130 2570 259 2604 fatetur
282 2572 473 2613 opinionem
502 2573 658 2606 Platonis
688 2574 718 2606 ei
742 2583 810 2606 non
837 2582 913 2605 esse
940 2572 1029 2605 bene
1063 2572 1235 2614 cognitam
1265 2573 1425 2615 quoniam
1445 2573 1518 2615 ipse

130 2638 201 2661 non
219 2626 349 2661 viderat
367 2628 522 2663 Platonis
546 2631 679 2663 literam
709 2634 748 2662 ut
774 2629 920 2672 ipsemet
953 2632 1138 2662 attestatur
1154 2628 1292 2661 dicens:
1326 2629 1428 2662 Circa
1442 2630 1520 2672 pri-

131 2695 224 2718 mum
251 2689 300 2719 est
322 2684 587 2731 intelligendu-m
609 2686 701 2732 quod
724 2685 843 2731 opinio
868 2685 1022 2720 Platonis
1045 2684 1088 2720 de
1108 2685 1326 2729 corruptione
1349 2686 1514 2728 Rerump.

131 2752 202 2775 non
224 2746 275 2775 est
298 2741 380 2775 bene
403 2744 548 2788 cognita
578 2745 602 2777 ὰ
629 2743 749 2785 nobis,
778 2747 851 2777 tum
880 2743 963 2787 quia
988 2753 1057 2775 non
1074 2743 1168 2776 venit
1186 2742 1234 2776 ad
1253 2753 1315 2776 nos
1329 2753 1395 2787 per
1413 2742 1517 2775 libros

131 2797 303 2838 eiusdem,
333 2809 395 2832 nec
421 2801 651 2844 expositorum
678 2800 774 2834 eius:
802 2803 875 2833 tum
896 2797 981 2843 quia
1004 2798 1100 2834 dicta
1119 2799 1317 2835 Aristotelis
1335 2799 1389 2832 hic
1410 2799 1453 2832 de
1472 2810 1515 2832 ea

131 2855 273 2890 obscura
290 2859 368 2891 sunt
390 2857 495 2892 valde
511 2862 655 2903 propter
678 2856 879 2892 brevitatem
895 2856 1049 2901 ipsorum
1066 2859 1128 2892 etc.
1184 2855 1223 2890 ln
1241 2856 1282 2890 iis
1298 2856 1414 2900 itaque
1428 2865 1514 2901 pau·
