1764 3176
244 119 327 159 138

694 116 1163 160 PLATONIS

174 231 210 272 B
228 225 321 270 ’Έτι
377 242 455 277 αν,
495 226 604 283 ἔφη,
657 225 808 283 οἶμαι,
851 232 1019 284 μᾶλλον
1070 227 1118 271 ἐν
1165 227 1296 270 παντὶ
1344 232 1485 272 κακοῦ
1529 230 1620 284 ειη,

236 294 381 351 κύκλῳ
436 294 774 352 φρουρούμενος
824 295 913 340 ὑπὸ
970 295 1150 340 πάντων
1208 298 1440 350 πολεμίων.

1518 291 1617 350 Αρ’

238 357 321 405 οὖν
364 360 448 406 οὐκ
488 362 534 406 ἐν
574 362 760 421 τοιούτῳ
790 364 868 419 μὲν
899 366 1173 422 δεσμωτηρίῳ
1206 364 1375 408 δέδεται
1411 364 1435 409 ὁ
1464 364 1619 419 τύραν-

237 447 342 483 νος,
385 430 516 486 φύσει
561 431 624 474 ὢν
654 430 753 476 οἷον
783 432 1120 489 διεληλύθαμεν,
1151 437 1328 476 πολλῶν
1361 434 1434 476 καὶ
1462 450 1620 476 παντο-

237 500 389 542 δαπῶν
411 499 569 555 φόβων
588 500 660 542 καὶ
683 500 856 556 ἐρώτων
876 501 1051 557 μεστόςς
1071 503 1201 558 λίχνῳ
1222 501 1266 544 δὲ
1291 499 1384 544 ὄντι
1405 499 1520 559 αὐτῷ
1539 500 1619 556 τήν

237 566 384 623 ψυχὴν
423 567 541 624 μόνῳ
573 572 661 611 τῶν
701 569 749 612 ἐν
779 573 831 626 τῇ
861 567 985 611 πόλει
1016 567 1116 612 οὔτε
1149 568 1429 625 ἀποδημῆσαι
1460 569 1619 620 ἔξεστιν

237 634 459 690 οὐδαμόσε
490 634 590 679 οὔτε
620 641 843 692 θεωρῆσαι
875 636 993 680 ὅσων
1031 637 1084 692 δὴ
1118 639 1190 681 καὶ
1221 640 1263 681 οἱ
1291 636 1416 681 ἄλλοι
1448 636 1622 679 ἐλεύθε-

237 698 309 758 ροι
351 705 616 760 ἐπιθυμηταί
658 707 763 758 εἰσι,
806 705 1111 757 καταδεδυκώς
1151 706 1197 749 δὲ
1234 705 1282 749 ἐν
1321 708 1374 760 τῇ
1414 705 1530 763 οἰκίᾳ
1566 703 1620 747 τὰ

285 849 414 896 οἶμαι,]
442 854 552 896 Vulgo
577 864 703 888 comma
727 855 833 888 deest.

283 898 417 942 κακοῦ]
443 900 542 944 κακῷ
569 900 661 932 Mon.
676 901 715 934 B.
740 901 840 935 Vind.
856 901 898 935 Ε.

237 944 316 978 Par.
328 945 404 977 DK.
429 945 522 979 Flor.
548 946 592 980 U.
618 948 688 979 Ast.
716 958 767 990 pr.
793 946 898 987 „Scio

237 990 359 1024 multos
384 988 423 1023 ἐν
446 990 558 1024 παντὶ
587 992 687 1037 κακῷ
720 993 899 1036 legendum

237 1036 510 1070 existimaturos.
536 1038 595 1070 sed
619 1027 698 1070 1111111
723 1039 840 1071 videor
864 1043 900 1071 et

237 1082 316 1115 alibi
350 1082 451 1116 talem
475 1084 661 1126 genitivum
693 1084 885 1118 111118111555.ι

237 1129 358 1173 steph.
394 1140 426 1173 p.
452 1131 508 1164 Ξ6.
535 1142 566 1163 e.
593 1142 625 1174 g.
667 1131 794 1163 Herod.
821 1131 898 1165 VH.

239 1176 315 1209 118.
359 1171 395 1213 ἐς
436 1187 512 1208 παν
549 1177 666 1209 κακοῦ
705 1174 895 1209 ἀπικέατο.

233 1220 391 1275 Thucyd.
435 1222 512 1255 V.11
545 1224 601 1257 55.
635 1219 674 1255 ἐν
704 1221 816 1256 παντὶ
849 1221 895 1266 δὴ

234 1263 402 1309 ἀθυμίας
424 1266 530 1310 ἦσαν.
556 1280 640 1313 quos
664 1269 755 1302 locos
782 1269 897 1301 Astius

232 1311 268 1345 in
292 1324 360 1346 sec.
386 1324 488 1357 quum
514 1314 665 1355 cstasset,
695 1320 808 1348 tamen
833 1326 895 1347 κα-

232 1358 302 1392 κοῦ
329 1370 389 1402 pro
414 1360 617 1403 glossemate
636 1361 754 1394 habuit
777 1366 812 1394 et
832 1372 895 1393 un—

233 1404 318 1438 cinis
343 1405 488 1446 inclusit,
514 1407 593 1450 quia
617 1410 719 1440 etiam
745 1403 783 1440 ἐν
804 1418 896 1439 παν-

232 1449 269 1484 τὶ
297 1447 393 1484 εἶναι
425 1451 592 1494 dixerint,
628 1456 664 1486 et
687 1457 814 1486 remoto
838 1453 895 1486 illo

232 1496 351 1530 melius
385 1498 449 1541 hoc
484 1498 650 1555 superiori
683 1499 822 1532 dictioni
858 1496 896 1532 ἐν

231 1541 366 1586 παντὶ,
399 1543 421 1586 η’
455 1540 495 1577 δ’
531 1541 592 1587 ὃς,
619 1543 727 1588 ἔγωγε
755 1557 896 1589 respon-

231 1589 322 1623 deat.
372 1590 442 1622 Sed
475 1590 507 1622 in
542 1591 646 1624 te1tia
677 1592 820 1624 uncinos
845 1590 896 1624 di-

231 1635 326 1668 misit
349 1638 384 1669 et
408 1636 525 1670 κακοῦ
558 1638 724 1671 intactum
747 1637 896 1682 reliquit.

279 1692 358 1737 εἴη]
387 1693 421 1727 εἰ
445 1693 499 1738 εἴη
526 1695 603 1728 Par.
628 1696 670 1730 A.
694 1694 796 1728 Vind.
822 1694 895 1728 ΒΕ.

230 1739 313 1773 Vat.
335 1739 379 1773 H.
410 1740 505 1775 Flor.
527 1741 636 1776 ACV.
668 1744 704 1774 et
727 1752 747 1775 a
770 1753 814 1774 ln.
841 1752 895 1786 pr.

232 1785 317 1818 Ven.
345 1785 384 1818 C.

277 1828 398 1876 κύκλῳ
432 1829 736 1885 φρουρούμενος]
774 1829 895 1865 κύκλω

265 1876 518 1911 .Α1(1.κύκλω
552 1876 785 1921 φορούμενος
810 1877 896 1910 Lob.

232 1924 313 1958 vat.
338 1923 387 1957 M.
422 1927 457 1956 et
488 1935 576 1958 am.
601 1936 629 1958 5.
655 1926 740 1958 Ven.
766 1924 807 1956 C.
833 1934 894 1956 κυ-

232 1967 532 2014 κλοφορούμενος
556 1971 634 2004 Pan.
660 1970 704 2003 K.

279 2015 475 2072 πολεμίων.
498 2013 567 2059 Ἆρ’
579 2017 590 2060 ]
616 2015 811 2062 πολεμίων,
835 2008 893 2063 ἆρ’

232 2062 309 2097 Α1(1.
333 2073 370 2096 π.
398 2058 445 2106 ἄρ
454 2059 582 2095 'Vind.
600 2063 642 2095 F.
663 2082 708 2086 —
731 2057 893 2107 Ἀραοῧν

233 2111 299 2141 etc
336 2120 445 2153 usque
478 2108 521 2141 ad
555 2105 710 2152 ἀντερεῖ.
746 2122 780 2155 p.
814 2110 894 2143 580.

232 2154 273 2187 A.
330 2155 502 2198 excerpsit
563 2155 732 2189 stobaeus
793 2166 894 2189 serm.

232 2200 450 2235 XXXXVII.
475 2213 508 2245 p.
527 2201 607 2235 350.

277 2253 451 2311 τοιούτῳ]
478 2257 595 2293 τῶιτ.
619 2258 705 2291 Lob.
723 2258 800 2291 Vat
813 2258 892 2292 BM.

232 2300 398 2349 τοσούτῳ
434 2305 533 2337 Stob.
567 2307 710 2349 excepto
744 2305 818 2338 cod.
852 2305 892 2338 A.

228 2360 271 2382 ex
307 2361 373 2394 quo
416 2351 633 2384 Gaisfordius
675 2348 836 2397 τοιούτῳ
873 2363 894 2385 a

230 2396 386 2429 Gesnexo
412 2396 447 2429 in
471 2408 515 2429 111.
540 2397 686 2441 positum
714 2398 857 2443 recepit.

277 2449 356 2508 μεν]
385 2465 450 2486 om.
476 2455 573 2488 Stob.

275 2494 328 2531 ω“ν
355 2496 450 2544 οἷον]
477 2512 530 2533 ων
556 2502 655 2535 Stob.
681 2501 756 2535 cod.
775 2501 818 2534 A.
841 2500 894 2536 ed.

228 2544 349 2580 Trinc.

279 2588 570 2638 διεληλύθαμεν]
616 2590 895 2637 διεληλύθαμεν

233 2637 318 2672 Lob.
350 2639 427 2672 Vat.
453 2639 501 2672 M.

278 2692 539 2774 καιΑέριότων]
572 2696 634 2730 int.
670 2708 758 2731 vers.
797 2697 894 2731 Stob.

233 2742 404 2834 θοίλὶχνῳ]
423 2787 513 2822 Huic
536 2787 570 2822 in
594 2788 688 2823 Flor.
715 2789 758 2824 R.
783 2790 894 2823 πολυ-

955 851 1143 898 πράγμονι
1167 856 1222 887 est
1245 852 1534 897 superscriptum,
1560 863 1619 885 cu-

955 901 1006 934 ius
1031 900 1234 954 significatio
1260 900 1326 932 alia
1351 904 1414 932 est.

1000 944 1121 991 μόνω]
1143 943 1240 988 μόνη
1266 945 1363 978 Stob.
1390 945 1508 978 Trinc.

1001 992 1099 1036 τῶν]
1143 991 1196 1024 τῶ
1243 991 1339 1024 Vind.
1374 990 1411 1023 B.
1456 991 1535 1023 Vat.
1572 991 1618 1023 H.

955 1038 1051 1072 Flor.
1083 1038 1188 1071 ACV.
1231 1035 1300 1080 τὴν
1333 1038 1430 1069 Stob.
1466 1037 1540 1070 cod.
1575 1039 1617 1070 A.

955 1084 1074 1139 Tz‘inc.
1105 1096 1170 1116 om.
1196 1083 1280 1116 Lob.
1308 1083 1386 1116 Vat.
1409 1082 1456 1115 M.

1003 1126 1041 1162 ἐν
1061 1142 1106 1174 τῃ
1128 1126 1246 1172 πόλει]
1271 1129 1316 1173 τῇ
1343 1129 1377 1161 111
1402 1129 1495 1162 Flor.
1512 1127 1614 1161 ACV.

955 1176 1114 1209 omissum
1127 1175 1238 1209 videri
1255 1179 1380 1228 potest,
1399 1185 1502 1229 quum
1510 1174 1617 1207 Stall-

954 1222 1107 1255 baumius
1131 1222 1165 1254 111
1191 1232 1240 1266 pr.
1265 1218 1367 1266 μόνῳ
1397 1221 1449 1265 τῷ
1482 1217 1519 1253 ἐν
1549 1217 1616 1254 πό-

954 1269 1006 1301 λξι
1032 1280 1074 1300 ex
1108 1267 1157 1300 eis
1182 1268 1323 1300 refenmat
1371 1255 1441 1299 Sed
1466 1266 1539 1311 ipse
1563 1266 1618 1300 vel

953 1318 988 1357 ἵ.)
995 1314 1135 1358 potheta
1158 1313 1203 1357 τῇ
1234 1312 1396 1346 omiserit.

1001 1355 1119 1403 ὅσων]
1160 1356 1250 1394 ὅσον
1284 1369 1358 1391 cum
1384 1370 1412 1391 ω
1444 1368 1548 1401 super
1573 1369 1617 1390 ον

955 1405 1055 1439 Vind.
1100 1405 1145 1439 Ε.
1195 1401 1270 1438 ὅσω
1315 1404 1412 1436 Stob.
1457 1404 1529 1436 cod.
1574 1407 1615 1438 A.

954 1451 1073 1485 Τιίηο.
1097 1456 1132 1484 et
1156 1455 1235 1484 ante
1258 1461 1345 1483 corr.
1370 1449 1471 1484 Vind.
1497 1450 1535 1483 B.

1002 1497 1096 1541 εἰσι,]
1124 1497 1212 1536 εἰσις
1239 1496 1360 1540 steph.

999 1542 1047 1576 τὰ
1071 1540 1202 1587 πολλοὶ]
1229 1554 1295 1575 om.
1323 1541 1397 1574 V.at
1413 1541 1455 1574 H.

953 1587 1000 1623 λὰ
1024 1590 1110 1623 Lob.
1117 1589 1256 1643 steph.

999 1632 1066 1677 ωςΙ
1093 1631 1214 1677 ὥσπερ
1241 1635 1339 1668 Stob.

998 1679 1105 1725 γυνὴ]
1131 1681 1223 1724 γννῆ
1249 1679 1350 1715 Vind.
1375 1680 1419 1714 Ε.

999 1728 1064 1774 ζῇ]
1098 1728 1164 1771 ζῆν
1188 1727 1272 1760 Lob.
1307 1727 1386 1761 vat.
1416 1727 1496 1760 BM.
1530 1728 1615 1762 Ven.

954 1773 995 1807 C.
1039 1775 1120 1809 Par.
1156 1773 1234 1807 DK.
1275 1784 1345 1807 sec.
1386 1773 1497 1808 Bekk.
1538 1774 1615 1806 Ald.

952 1820 1032 1854 Bas.
1056 1831 1087 1854 a.

998 1864 1074 1909 καὶ]
1102 1877 1167 1899 σπι.
1191 1864 1293 1898 vind.
1318 1865 1361 1898 Ε.
1386 1864 1458 1898 Fic.

997 1914 1066 1955 τις]
1091 1923 1128 1944 τι
1148 1912 1234 1955 Aug.
1259 1911 1299 1944 B.

997 1958 1045 2001 τι]
1073 1969 1131 1990 τοι
1154 1958 1234 1990 Bas.
1260 1958 1313 1990 ab.

997 2000 1114 2050 όρᾷ,·]
1143 1999 1227 2050 ὁρᾷ.
1261 2001 1344 2036 editi
1375 2004 1455 2035 ante
1478 2002 1615 2035 Bekke-

949 2061 1036 2083 tum.

996 2097 1076 2134 τοῖς
1109 2090 1297 2132 τοιούτοις
1325 2095 1454 2132 κακοῖς
1485 2092 1612 2137 πλείω]

1480 1543 1616 1574 ταπολ·

951 2141 1187 2175 huiuscemodi
1213 2141 1315 2172 malis
1345 2141 1449 2183 plura
1474 2140 1615 2183 insuper

951 2187 1025 2221 Fic.
1074 2186 1200 2228 „Haud
1226 2186 1296 2219 scio
1322 2197 1365 2219 an
1389 2185 1553 2218 credibile
1569 2185 1615 2240 sit

951 2234 1115 2278 scriptum
1147 2232 1254 2266 fuisse
1288 2228 1347 2265 ἐπὶ
1373 2234 1453 2270 τοῖς
1488 2229 1614 2264 τοιού-

950 2291 1040 2321 τοις,
1057 2279 1111 2312 vel
1137 2278 1251 2323 potius
1274 2276 1370 2321 πρὸς
1387 2280 1467 2316 τοῖς
1488 2274 1614 2310 τοιού-

949 2337 1040 2367 τοις,
1063 2325 1098 2358 1(1
1123 2328 1195 2365 est,
1220 2330 1359 2368 praeter
1382 2324 1485 2357 haec:
1511 2335 1614 2368 quum

950 2376 1115 2416 sequatur
1146 2370 1272 2403 πλείω.
1329 2369 1463 2414 Alioqui
1500 2373 1613 2403 tamen

951 2418 1032 2452 nihil
1056 2420 1108 2450 est
1132 2428 1205 2450 cum
1226 2429 1292 2461 quo
1310 2416 1444 2450 dativus
1459 2415 1515 2449 hic
1531 2427 1612 2460 pos-

951 2464 995 2497 sit
1020 2464 1240 2497 cohaereref‘
1286 2463 1481 2506 Stephanus
1510 2462 1543 2494 in
1568 2473 1611 2495 m.

950 2511 1043 2544 Idem
1086 2514 1199 2543 annot.
1251 2521 1284 2554 p.
1329 2511 1386 2544 26.
1433 2512 1611 2553 postquam

951 2560 1130 2601 utramque
1153 2556 1380 2589 coniecturam
1405 2555 1440 2588 in
1465 2565 1505 2587 m
1530 2565 1612 2598 pro-

951 2602 1096 2648 positam
1138 2602 1298 2646 repetiit,
1352 2601 1451 2634 aliam
1503 2599 1610 2642 addit,

952 2660 1065 2692 „quae
1111 2648 1252 2682 eundem
1291 2647 1427 2692 quidem
1476 2656 1610 2679 sensum

953 2694 1085 2737 efficit,
1136 2695 1197 2728 sed
1248 2695 1291 2727 ob
1334 2693 1492 2726 maiorem
1537 2703 1609 2724 mu—

952 2741 1113 2775 tationem
1147 2740 1310 2774 audacior
1350 2738 1456 2772 videri
1488 2741 1607 2791 queat.

953 2791 991 2821 ut
1014 2787 1165 2821 nimirum
1187 2787 1323 2831 legatur
1337 2785 1413 2818 τῶν
1429 2780 1610 2818 τοιούτων
