1764 3176
600 143 1105 188 -EDITORIS.
1217 146 1220 147 ⁷
1449 162 1565 189 xxm

153 257 442 306 δαίνυ-’ἁρμονίας
461 253 661 306 παρέχεταί
687 260 756 310 (ita
775 263 994 298 scribendum
1023 273 1102 297 011111
1133 262 1314 303 Bekker03
1342 256 1560 306 παρέχηται,

153 320 453 365 quod-vulgatum
474 325 573 363 erat,
601 320 684 354 ferri
703 332 770 355 uon
789 320 924 365 potest)
942 317 1024 363 τρὶς
1044 314 1248 362 αὐξηθείς,
1267 328 1421 362 quorum,
1437 329 1558 354 5011505

162 378 219 412 hio
237 383 311 420 estu,
340 378 546 421 quadratum
563 379 738 411 novenarii
759 389 884 419 unam,
914 377 1037 410 cubum
1065 378 1209 410 alteram
1228 376 1560 419 harmoniam-prae-

160 436 253 474 bere.
310 434 505 468 Harmonia
533 439 649 468 autem
676 445 745 468 uno
771 444 915 469 numero
957 433 1125 467 contineri
1161 434 1292 475 nequit.
1376 434 1493 469 Quare
1523 436 1560 467 et

158 492 331 535 quadrato
353 496 388 526 et
406 493 494 525 cubo
511 491 734 535 apponendus
758 493 845 526 alter
864 496 938 532 est,
969 492 1023 524 cui
1044 491 1188 523 collatus
1212 490 1339 523 utervis
1357 500 1454 522 suam
1475 489 1558 524 har-

158 547 309 583 mohiam
329 550 514 592 praebeat3
546 559 646 592 quem
675 559 778 592 quum
802 549 904 582 Plato
935 557 1003 581 non
1032 547 1297 589 significaverit,
1330 546 1470 579 dubium
1487 557 1557 581 non

159 610 233 648 est,
263 605 345 649 quin
375 605 489 639 adhuc
519 609 705 639 tractatum
737 609 773 639 et
802 605 1010 648 descriptum
1038 613 1216 637 numerum
1250 601 1320 635 216
1345 604 1557 637 intellectum

157 662 322 704 voluerit,
352 663 410 706 qui
431 672 507 696 cum
527 662 698 705 quadrato
725 662 903 695 novenarii
929 671 1054 704 unam,
1084 661 1227 693 alteram
1253 669 1328 692 cum
1354 660 1442 693 cubo
1465 661 1557 694 eius-

156 719 236 753 dem
256 718 467 756 harmoniam
497 719 635 753 esflciat.
695 719 766 753 Sed
799 719 996 762 priusquam
1025 728 1067 751 ea
1085 717 1128 750 de
1146 728 1184 751 re
1213 717 1441 759 disputemus,
1472 728 1556 750 con-

155 775 340 811 sideranda
356 777 454 810 nobis
473 780 509 809 et
527 776 733 820 explicanda
761 780 842 809 sunt
864 776 988 816 verba,
1012 775 1134 817 quibus
1164 774 1256 817 ipsas
1276 772 1472 807 harmonias
1494 774 1556 807 de-

151 832 285 877 finivit,
326 841 414 876 quae
437 833 487 866 ita
521 838 722 876 comparata
757 837 856 874 sunt,
896 836 935 865 ut
959 831 1042 865 nihil
1074 832 1204 872 minus,
1249 840 1351 873 quam
1381 830 1555 864 novenarii

155 890 362 933 quadratum
383 894 418 924 et
437 890 561 923 cubum
597 890 793 933 significare
813 889 1005 923 videantur.
1066 889 1104 921 Si
1124 888 1261 930 quidem
1280 887 1441 931 priorem,
1472 885 1555 929 ἴσην

155 942 300 989 ἰσάκις,
329 945 397 982 1100
428 951 482 980 est
509 947 545 980 in
577 956 719 980 numero
746 947 916 990 quadrato
943 945 1112 989 positam,
1144 945 1192 978 ait
1226 955 1302 978 esse
1323 939 1460 977 ἑκατὸν
1492 953 1554 976 το-

154 999 347 1042 σαυτάκις.
366 1001 465 1049 (nam
487 1003 582 1037 nihili
601 1003 797 1037 faciendum
821 1008 873 1037 est
894 1003 1021 1037 codicis
1042 1002 1146 1044 Regii
1163 996 1320 1034 ἕκαστον
1343 996 1441 1045 τοσ.)
1463 1000 1554 1043 quod

153 1059 358 1095 510011ῐ11111
385 1061 516 1094 centies
547 1064 620 1102 est,
650 1061 839 1103 quadratus
869 1065 922 1093 est
948 1070 1016 1093 non
1045 1059 1241 1100 novenarii,
1272 1058 1333 1091 sed
1353 1057 1556 1098 centenarii,

153 1121 190 1152 et
204 1112 393 1159 ἐπίτριτος
405 1113 567 1159 πυθμὴν
583 1113 754 1158 πεμπάδι
768 1114 932 1159 συζυγεὶς
944 1115 1033 1149 110110
1045 1117 1155 1159 ipsum
1176 1119 1422 1156 centenarium,
1444 1115 1555 1147 altera

152 1176 267 1208 autem
286 1173 477 1216 harmonia,
497 1178 535 1207 ut
545 1175 650 1207 tertio
665 1175 737 1207 eius
751 1174 964 1207 incremento
986 1173 1166 1216 producta,
1183 1173 1303 1205 millies
1327 1172 1553 1204 millenarium

151 1232 370 1274 significabit.
411 1220 524 1274 Atque
543 1231 594 1264 sic
615 1231 799 1264 Barocium
819 1235 971 1264 statuere
988 1230 1142 1264 vidimus.
1173 1229 1244 1262 Sed
1264 1230 1424 1271 quoniam
1446 1229 1551 1261 verba

151 1283 286 1321 ἑκατὸν
310 1283 350 1320 δὲ
368 1283 497 1331 κύβων
518 1283 674 1330 τριάδος
697 1287 864 1321 eiusmodi
895 1288 1215 1330 interpretationem
1236 1290 1412 1328 respuunt,
1444 1295 1553 1328 expe·

149 1345 299 1386 riamur,
329 1355 373 1378 an
385 1348 525 1378 servata
542 1348 578 1378 et
595 1344 716 1378 horum
735 1345 916 1378 verborum
940 1345 1089 1387 genuina
1107 1344 1380 1386 significatione,
1413 1346 1447 1375 et
1472 1342 1553 1375 reli-

149 1411 295 1445 quorum
326 1402 615 1445 interpretatione
647 1412 708 1443 ea,
739 1412 840 1445 quam
870 1406 965 1435 recte
999 1405 1034 1435 et
1053 1405 1156 1434 acute
1181 1400 1368 1433 instituisse
1387 1399 1554 1432 Barocius

150 1459 296 1502 videtur,
326 1459 430 1492 talem
451 1459 558 1492 totius
575 1459 642 1492 loci
659 1469 796 1492 sensum
814 1459 951 1493 efficere
970 1460 1158 1499 valeamus,
1177 1458 1312 1500 qualem
1335 1467 1411 1489 esse
1428 1456 1553 1489 debere

149 1516 337 1560 posuimus.
395 1516 443 1550 Et
463 1516 610 1559 primum
628 1516 814 1550 ostendere
844 1516 1045 1549 conabimur
1066 1516 1210 1548 alteram
1233 1513 1446 1547 harmoniam
1464 1513 1553 1546 cubo

148 1573 326 1607 novenarii
352 1570 542 1616 contineri,
578 1583 644 1616 quo
681 1574 829 1616 probato
871 1573 1021 1616 priorem
1055 1572 1208 1605 eiusdem
1239 1571 1444 1614 quadratum
1478 1580 1554 1603 esse

147 1623 282 1664 fa'cilius
299 1630 397 1663 nobis
417 1631 648 1671 concedetur,
680 1631 813 1663 etiamsi
830 1630 863 1663 111
890 1629 1093 1672 explicanda
1108 1629 1263 1669 ratione,
1295 1638 1361 1670 qua
1384 1638 1422 1660 ea
1445 1627 1553 1668 signi-

147 1687 253 1720 ficata
280 1687 347 1728 sit,
377 1686 526 1720 fortasse
553 1697 622 1720 non
641 1688 798 1720 omnibus
819 1686 1098 1720 satisfecerimus.
1159 1685 1373 1718 Ordiendum
1393 1687 1509 1717 autem
1532 1694 1553 1716 a

147 1743 262 1777 verbis
282 1737 438 1785 ἰσομήκη
457 1739 534 1785 μὲν,
565 1742 610 1787 τῇ
628 1739 811 1786 προμήκει
830 1739 883 1784 δὲ,
913 1753 1002 1785 (1030
1023 1743 1190 1775 Barocius
1206 1752 1275 1774 non
1293 1741 1474 1782 intellexit,
1508 1739 1552 1773 de

149 1800 270 1843 quibus
288 1800 338 1833 sic
361 1800 582 1833 statuendum
603 1804 676 1841 est,
709 1804 805 1833 arcte
823 1810 865 1833 ea
885 1799 1072 1832 cohaerere
1102 1803 1136 1831 et
1159 1799 1303 1831 alteram
1324 1797 1549 1840 harmoniam,

147 1855 285 1890 honest
305 1857 450 1897 cubum,
481 1857 676 1899 siguificare
697 1861 765 1890 tam
790 1857 987 1897 recondite,
1019 1866 1119 1898 quam
1145 1860 1263 1898 aperte
1284 1855 1454 1898 priorem,
1485 1852 1551 1887 hoc

147 1916 202 1947 est
222 1913 449 1956 quadratum,
481 1914 677 1956 significant
704 1914 809 1946 verba
827 1911 914 1954 ἴσην
931 1909 1064 1950 ἰσάκις.
1125 1912 1213 1945 Nam
1232 1912 1366 1944 dativus
1389 1909 1434 1955 τῇ
1458 1921 1549 1949 προ·

147 1964 258 2013 μκήκει
288 1969 418 2014 pendet
445 1970 488 2003 ab
508 1968 607 2013 ἴσος,
639 1971 730 2013 (10οᾰ
754 1971 843 2003 inest
869 1971 901 2003 111
927 1965 1115 2011 ἰσομήκει,
1147 1973 1182 2002 et
1204 1968 1403 2002 referendus
1428 1972 1480 2001 est
1504 1967 1548 2000 ad

147 2027 296 2071 priorem
325 2026 562 2068 harmoniam,
593 2038 682 2070 quae
711 2037 814 2070 quum
847 2032 948 2060 antea
973 2025 1033 2069 ἴση
1065 2020 1184 2063 ἰσάκις
1212 2026 1304 2058 dicta
1332 2025 1479 2067 ideoque
1511 2028 1550 2057 ut

146 2085 361 2128 aequilatera
391 2084 544 2127 cogitata
562 2088 673 2125 esset,
704 2095 795 2118 nunc
817 2079 1010 2125 προμήκης
1038 2083 1161 2116 dicitur
1179 2087 1213 2115 et
1235 2086 1408 2124 tamquam
1427 2091 1548 2115 nume-

145 2149 204 2174 rus
222 2150 266 2174 ex
290 2140 423 2174 duobus
443 2142 518 2184 plus
538 2152 640 2184 quam
663 2141 810 2174 monade
841 2141 1076 2174 differentibus
1094 2141 1184 2172 inter
1205 2150 1242 2172 se
1264 2140 1428 2172 lateribus
1448 2140 1548 2180 (nam

145 2197 174 2231 is
195 2197 321 2231 dicitur
341 2192 556 2245 προμήκης)
575 2198 764 2241 productus
782 2199 969 2240 cogitatur,
991 2199 1090 2240 eique
1108 2198 1159 2229 sic
1176 2197 1350 2238 cogitatae
1366 2189 1548 2238 ἰσομήκης

146 2262 241 2288 esse-
261 2254 387 2288 dicitur
422 2254 600 2289 harmonia
645 2256 764 2290 altera.
842 2255 1012 2288 Numerus
1057 2259 1172 2287 autem
1215 2253 1449 2296 aequilaterus
1483 2262 1545 2285 seu

146 2310 335 2354 quadratus
351 2321 454 2354 quum
477 2313 551 2345 aliis
568 2312 678 2345 modis
704 2307 901 2354 προμήκης
935 2312 1033 2345 reddi
1055 2315 1181 2354 potest,
1211 2315 1281 2343 tum
1306 2311 1376 2350 ita,
1407 2310 1435 2342 si
1456 2310 1545 2342 late-

144 2378 240 2410 rum,
274 2368 396 2411 quibus
416 2373 554 2402 constat
570 2369 728 2412 paribus,
758 2370 903 2402 alterum
920 2370 1095 2411 tamquam
1115 2377 1275 2400 numerus
1301 2371 1335 2399 et
1364 2367 1546 2409 1115011113-

145 2423 276 2466 dratus,
310 2425 364 2458 eui
386 2430 421 2458 et
443 2425 507 2469 ipsi
526 2425 594 2459 duo
613 2427 710 2469 paria
731 2427 841 2459 latera
863 2427 1007 2467 subsint,
1040 2425 1210 2467 cogitatur
1237 2429 1271 2457 et
1292 2423 1412 2456 horum
1435 2424 1545 2461 mino-

145 2491 221 2515 rum
242 2482 352 2515 altero
369 2483 514 2516 alterum
542 2483 708 2516 maiorum
736 2485 883 2516 laterum
905 2483 1162 2525 multiplicatur.
1221 2481 1299 2517 Quo
1319 2481 1460 2513 effectus
1478 2490 1545 2513 nu·-

144 2546 260 2572 merus
278 2539 307 2572 si
324 2549 440 2573 rursus
469 2540 715 2583 multiplicatur
736 2541 845 2574 altero
861 2566 870 2581 ‚
902 2539 992 2583 quod
1017 2540 1184 2581 reliquum
1205 2542 1278 2578 est,
1307 2538 1451 2571 duorum
1478 2537 1543 2570 mi-

145 2592 267 2629 norum
289 2596 451 2638 laterum,
481 2598 554 2630 fieri
577 2607 642 2630 non
664 2601 799 2640 potest,
830 2598 909 2640 quin
931 2597 1143 2639 producatur
1163 2606 1324 2628 numerus
1341 2595 1454 2635 idem,
1485 2593 1543 2636 qui

146 2659 191 2686 ex
220 2651 404 2686 maioribus
433 2654 599 2687 lateribus·
624 2654 756 2688 duobus
786 2654 1009 2698 producitur,
1051 2654 1160 2686 latera
1187 2657 1302 2685 autem
1331 2652 1406 2694 plus
1438 2661 1540 2693 quam

145 2708 295 2742 monade
313 2708 403 2748 inter
419 2718 457 2743 se
476 2710 648 2744 differant.
680 2717 683 2722 ¹
705 2712 816 2745 Porro
833 2712 860 2744 si
880 2710 999 2743 horum
1018 2710 1247 2752 inaequalium
1265 2710 1411 2742 laterum
1431 2708 1542 2741 maius

144 2766 462 2809 persemetipsum
483 2768 740 2811 multiplicatur,
768 2777 931 2802 numerus
948 2767 1135 2809 quadratus
1152 2767 1297 2810 prodeat
1316 2775 1458 2798 necesse
1475 2768 1539 2806 est,

145 2823 204 2872 qui
220 2833 285 2867 par
301 2823 346 2857 sit
363 2824 454 2857 cubo
472 2824 624 2859 eiusdem
642 2822 774 2859 nu'meri
787 2850 798 2866 ,
827 2826 922 2859 00105
944 2823 1132 2868 quadratus
1161 2828 1215 2858 est
1237 2817 1434 2867 προμήκης
1455 2821 1540 2855 red-
