1764 3176
99 99 152 138 43
740 93 883 134 Volum
914 92 960 132 ΙΙ

100 214 192 262 pag
207 211 299 253 186,
317 209 354 258 b,
374 206 471 242 inter
502 216 535 240 v.
562 206 612 243 14
634 208 670 240 et
691 205 738 244 15
769 206 933 242 inseras:
964 203 1025 255 td)
1051 201 1139 243 -ὁ
1171 205 1205 242 in
1237 205 1344 242 litura
1369 203 1452 244 Par,
1470 203 1512 242 A.
1531 203 1603 242 Dii.

375 273 460 312 pen.
490 261 595 309 qnasi
619 262 715 297 inter
742 276 877 311 paucos
909 267 945 299 et
975 275 1058 311 sqq.
1091 275 1207 311 nsque
1236 262 1282 298 ad
1313 262 1482 311 p.187,
1513 273 1548 308 a,
1578 261 1604 298 4

379 318 620 367 «aspernamur
661 318 786 355 deleas
823 323 952 368 utpote
993 331 1036 356 ex
1072 318 1166 355 falsa
1204 333 1281 357 των
1310 313 1453 382 ὀλίγων
1487 317 1600 353 inter-

373 374 583 425 pretatione
609 374 793 422 profecta,
821 376 883 424 qui
915 388 987 411 non
1017 379 1160 412 tantum
1182 374 1294 411 divini
1324 375 1422 422 signi
1451 386 1602 423 compo—

373 437 445 477 tes,
473 429 539 465 sed
574 441 703 465 omnes
744 430 793 466 illi
824 432 1044 479 quibusdam
1075 432 1122 467 de
1153 432 1272 468 causis
1304 431 1339 467 in
1370 430 1604 480 philosophia

374 490 663 537 perseverantes
702 491 816 534 sunt,
855 489 1165 535 quemadmodum
1202 484 1244 526 τὸ
1284 489 1414 538 κτῆμα
1451 499 1525 523 non
1554 487 1605 522 si-

372 554 484 591 gnum
515 541 617 584 illud,
641 543 708 578 sed
729 543 809 592 ipsa
829 543 1064 594 philosophia
1095 549 1163 581 est
1194 543 1370 581 Ceterum
1400 539 1604 595 γενόμενοι

373 611 447 635 non
475 604 592 634 muto.
1620 628 1625 629 ⁷

97 661 189 710 Pag.
207 658 347 707 187‚b‚
373 653 425 694 14
442 655 490 690 ad
508 654 674 702 Gorgiae
705 655 823 691 locum
853 655 992 692 addas:
1025 656 1134 706 Epir).
1164 670 1200 706 p.
1231 658 1325 696 976.
1354 656 1401 693 A:
1432 651 1604 707 βοήθεια

373 708 479 752 ὅσων
512 711 611 761 ώραι
639 711 839 760 ληΐζονται
867 708 941 761 τὴν
971 714 1048 751 τῶν
1078 709 1186 766 ζώων
1220 711 1357 762 φύσιν.

95 773 187 821 Pag
207 772 346 820 189,a,
376 770 426 809 21
455 768 594 804 addasz
626 771 665 803 ut
696 767 858 817 Appiani
889 767 1036 809 Maced.
1066 768 1127 806 lX.
1160 770 1196 809 2.
1221 783 1256 819 p.
1290 770 1380 809 170
1411 769 1510 808 med
1541 767 1607 805 Di-

371 826 448 865 dot
476 822 657 873 τέσσαρες
685 820 826 875 ἄνδρες
855 839 933 863 vno
965 822 1009 864 τό
1039 826 1184 893 τειχίον
1211 822 1466 872 ὑποστάντες.

315 882 353 930 b,
375 882 400 921 3
426 893 447 917 a
470 880 494 916 f.
525 880 573 917 ad
604 877 843 930 ηντιναοῦν)
867 881 1004 919 addas:
1034 876 1160 932 ’ἥντιν’
1167 884 1256 930 οὖν,
1285 895 1381 921 corr.
1399 880 1604 933 ηντινοῦν,

371 937 457 978 Par,
488 936 532 972 A.
558 934 633 974 Du.

94 997 187 1045 Pag.
204 995 294 1042 190,
305 994 343 1044 b,
367 994 464 1030 inter
494 1005 527 1030 v.
553 991 579 1031 4
610 997 644 1029 et
675 992 701 1031 3
731 1005 751 1029 a
780 993 804 1031 f.
834 993 1001 1031 inseras:
1034 990 1408 1046 λήψεται)-η’-
1435 994 1471 1031 in
1498 994 1606 1031 litura

371 1050 456 1086 Par.
483 1049 527 1085 A.
557 1048 630 1085 Du.

96 1112 187 1161 pag
208 1111 297 1159 192
309 1122 345 1157 a,
375 1108 422 1146 12
456 1109 543 1156 post
574 1106 730 1155 requirzt
762 1107 899 1143 addas:
935 1112 972 1144 ut
1002 1106 1096 1156 Leg
1126 1107 1191 1146 Vl.
1212 1108 1306 1146 779.
1338 1107 1389 1144 Ε.
1423 1102 1473 1146 ου’
1501 1103 1606 1146 πάν-

372 1177 453 1202 των
495 1157 765 1201 εὐκολώτατον
805 1163 944 1200 dictum
983 1168 1052 1204 est
1098 1164 1195 1201 inter
1246 1176 1281 1200 v.
1322 1162 1347 1203 4
1387 1168 1425 1200 et
1458 1163 1484 1203 3
1522 1176 1544 1200 a
1581 1163 1608 1200 s.

373 1221 535 1256 inseras:
566 1214 630 1268 τὸ)
661 1240 715 1244 —-
735 1216 755 1257 ὀ
783 1219 818 1255 in
850 1220 960 1257 litura
987 1219 1072 1260 Par,
1102 1220 1146 1256 A.
1175 1219 1249 1257 Dii.

316 1276 398 1322 b‚7
423 1279 512 1326 post
553 1273 648 1313 εἴσει
678 1275 842 1312 inseras:
889 1275 973 1313 Par.
1010 1275 1055 1316 A.
1085 1275 1159 1316 Dii.
1209 1289 1230 1314 a
1260 1289 1308 1312 m.
1340 1289 1396 1326 pr.
1438 1280 1474 1313 et
1511 1277 1608 1313 inter

371 1344 406 1372 v.
443 1332 492 1370 12
523 1335 560 1366 et
593 1331 660 1370 13:
693 1331 770 1380 δεῖ)
794 1354 845 1359 —
865 1336 902 1371 εἴ
923 1333 958 1370 in
989 1332 1098 1369 litura
1141 1332 1225 1369 Par.
1263 1333 1304 1370 A.
1334 1332 1406 1369 Dii.

94 1389 338 1440 Pag.193‚a,
365 1389 390 1428 8
415 1399 490 1423 non
524 1387 764 1436 corrigenda,
796 1389 860 1425 sed
890 1388 1086 1439 probanda
1117 1394 1198 1425 erat
1228 1389 1346 1425 Ficini
1384 1389 1608 1438 interpreta-

371 1444 445 1489 tio,
476 1444 824 1494 respicientiumque
858 1446 959 1494 quod
1004 1444 1116 1494 paulo
1145 1450 1231 1494 post
1265 1445 1370 1494 pueri
1413 1449 1449 1481 et
1481 1444 1607 1481 adole-

374 1504 522 1537 scentes
556 1499 681 1537 facere
723 1500 915 1546 iubentur,
947 1506 984 1539 et
1026 1496 1341 1540 ἀπαλλάττονται
1372 1501 1607 1538 referendum

370 1557 418 1593 ad
449 1556 746 1606 πλησιάσαντες,
774 1562 965 1608 postquam
992 1559 1166 1607 attigere,

373 1614 427 1653 24
458 1613 597 1649 addas:
628 1613 766 1650 Similis
798 1614 1020 1663 significatio
1059 1618 1117 1651 est
1145 1613 1263 1660 illius,
1303 1626 1376 1662 qua
1416 1612 1510 1663 Leg.
1539 1613 1606 1652 ΧΙ.

400 1666 494 1708 930.
524 1666 578 1705 D:
612 1665 850 1720 ποιούμενοι
881 1671 1059 1708 dicuntur
1088 1671 1149 1719 qui
1181 1669 1250 1706 sibi
1286 1670 1487 1710 vindicant,

94 1724 344 1777 Pag.194‚v.
369 1727 393 1763 7
418 1738 485 1775 pro
516 1723 596 1764 ἐπεὶ
627 1725 769 1763 scribas
805 1726 888 1766 ἐκεῖ
920 1733 956 1764 et
993 1728 1029 1764 in
1067 1727 1195 1764 adnot.
1238 1725 1275 1773 b,
1323 1726 1374 1765 10
1405 1739 1424 1762 a
1461 1726 1485 1761 f.
1518 1731 1605 1776 post

370 1783 561 1833 στρατιῶν
599 1782 761 1819 inseras:
801 1783 886 1823 Par.
927 1784 968 1823 A.
1009 1781 1084 1820 Dii.
1128 1787 1165 1819 et
1199 1795 1235 1831 p.
1264 1782 1357 1829 195,
1396 1795 1430 1827 a,
1471 1783 1494 1820 6
1525 1795 1547 1819 a
1578 1782 1603 1819 f.

370 1845 458 1887 post
487 1834 736 1889 γεγονότας);
764 1854 880 1892 γεγον
910 1862 961 1866 —
992 1841 1028 1876 in
1059 1838 1168 1876 litura
1207 1837 1291 1878 Par.
1325 1838 1370 1877 A.
1404 1837 1476 1875 Dii.

94 1893 344 1944 Pag.195‚b‚
368 1907 454 1944 pen,
484 1899 572 1943 post
605 1894 697 1935 449.
731 1896 894 1933 inseras:
935 1901 1019 1933 tert.
1045 1908 1082 1944 p.
1111 1894 1207 1935 564.

370 1951 435 1987 ult.
461 1950 600 1987 addas:
633 1955 671 1987 et
698 1952 830 2000 partim
865 1952 997 1989 falsum
1032 1955 1088 1988 est
1129 1952 1229 2000 quod
1270 1949 1448 1987 Matthiae
1480 1950 1516 1986 in
1543 1950 1602 1988 ed.

371 2019 444 2044 sec.
476 2011 513 2042 et
542 2012 626 2046 tert.
660 2007 840 2055 affirmat,
872 2004 1030 2048 πώποτ’
1063 2003 1170 2046 εἶδον
1208 2007 1244 2043 in
1274 2006 1438 2043 Bekkeri
1467 2006 1606 2043 codici-

369 2063 437 2100 bus
469 2067 628 2104 exstare,

93 2121 340 2170 Pag.196‚a‚
374 2121 395 2158 1
428 2119 475 2156 ad
506 2117 626 2168 πολύ)
655 2121 792 2157 addas:
832 2122 914 2159 λλοι
951 2118 1034 2159 Par.
1070 2120 1112 2158 A.
1145 2118 1220 2155 Dii.
1261 2133 1282 2156 a
1311 2133 1357 2156 m.
1383 2123 1458 2158 vet.
1492 2131 1604 2168 supm

372 2172 417 2214 λῦ
449 2177 628 2225 scriptum
660 2177 785 2214 habet.

338 2232 361 2270 5
392 2232 530 2269 addas:
570 2233 794 2283 (secundum
833 2230 1048 2268 Diibnerum
1094 2232 1141 2268 ad
1181 2227 1334 2271 τοιαῦτ’
1377 2233 1413 2268 in
1449 2244 1497 2272 m.
1535 2232 1603 2269 ad-

370 2289 550 2338 scriptum
580 2293 636 2326 est
664 2305 710 2341 γρ
741 2286 893 2328 τοιαυτὶ
924 2283 1098 2339 ῥήματα)

337 2346 361 2384 9
391 2344 527 2382 addas:
573 2344 612 2382 In
644 2345 728 2385 Par.
771 2344 815 2384 A.
865 2343 938 2382 Dii.
984 2345 1003 2391 ξ
1043 2357 1063 2381 a
1100 2357 1146 2381 m.
1193 2348 1265 2381 vet.
1312 2356 1426 2395 super
1464 2356 1487 2383 6
1515 2345 1606 2382 scri-

367 2405 469 2450 ptum
503 2405 571 2440 est.

338 2458 388 2497 12
419 2457 557 2494 addas:
588 2473 607 2497 ο
639 2459 674 2495 in
702 2455 979 2509 παρισωμένον
1007 2455 1092 2493 Par.
1126 2455 1170 2495 A.
1204 2456 1276 2496 Dii.
1306 2457 1343 2493 in
1375 2456 1485 2494 litura
1510 2458 1602 2494 scri-

365 2517 469 2562 ptum
497 2513 621 2551 habet.

337 2569 433 2606 inter
462 2582 496 2604 v.
531 2572 582 2610 16
623 2575 662 2607 et
704 2570 754 2609 15
793 2583 814 2607 a
848 2571 873 2610 f.
911 2570 1075 2606 inseras:
1128 2562 1228 2621 ⁹⁵2¹)03
1267 2582 1289 2606 a
1325 2581 1371 2608 m.
1413 2581 1488 2609 sec,
1516 2567 1601 2610 Par,

370 2626 414 2662 A.
446 2624 520 2661 Dii.

340 2694 427 2732 pen.
471 2681 517 2717 ad
559 2680 867 2732 ξυντεταμένως)
910 2682 1049 2720 addas:
1107 2678 1477 2732 ξυντετα..με’νως
1515 2679 1599 2717 Par.

372 2737 414 2775 A.
449 2736 523 2776 Dii.

313 2793 350 2842 b,
370 2794 393 2832 5
419 2794 554 2832 addas:
584 2808 629 2846 γρ
659 2793 811 2846 τρόπον
843 2795 879 2831 in
910 2807 955 2832 m.
986 2793 1069 2833 Par.
1099 2793 1141 2834 Α.
1174 2792 1245 2830 Βῆ.
