1764 3176
414 159 740 206 CIVITAS
786 159 912 203 LIB.
952 160 1067 203 V111.
1103 165 1172 201 566

1426 161 1484 200 93

105 287 238 335 μενος
269 275 352 318 τοῦ
382 271 670 328 ἀνθρωπίνου
704 270 976 329 σπλάγχνου,
1003 271 1052 316 ἐν
1081 270 1227 323 ἄλλοις
1256 271 1400 316 ἄλλων
1430 271 1486 314 ἱε-

106 345 237 401 ρείων
277 340 377 394 ἑνὸς
419 338 868 398 ἐγκατατετμημένου,
907 338 1077 396 ἀνάγκη
1108 339 1161 397 δὴ
1191 340 1334 399 τούτῳ
1364 337 1486 396 λύκῳ
1516 337 1549 376 E

104 409 323 468 γενέσθαι.

384 409 413 466 ἢ
443 410 529 455 οὐκ
554 408 745 466 ἀκήκοας
772 407 852 452 τὸν
878 407 1031 464 λόγον,
1054 410 1226 464 Ἔγωγε.

1279 404 1353 463 Ἆρ
1362 407 1373 423 ’
1408 401 1491 450 οὖν

107 478 224 524 οὕτω
261 478 337 523 καὶ
377 476 428 530 ὃς
464 479 521 522 ἂν
558 478 701 535 δήμου
732 475 979 531 προεστὼς,
1020 476 1171 533 λαβὼν
1201 477 1376 532 σφόδρα
1405 491 1492 518 πει-

104 547 302 603 θόμενον
331 544 486 603 ὄχλον,
529 546 588 603 μή
622 544 863 601 ἀπόσχηται
901 545 1121 600 ἐμφυλίου
1154 545 1364 599 αἵματος,
1395 535 1491 586 ἀλλ’

107 613 268 667 ἀδίκως
311 613 646 671 ἐπαιτιώμενος,
687 611 760 657 οἶα
791 612 844 670 δὴ
875 617 1108 668 φιλοῦσιν,
1141 613 1202 662 εἰς
1234 609 1493 667 δικαστήρια

104 682 226 741 ἄγων
254 685 496 740 μιαιφονῇ,
535 682 637 738 βίον
670 680 834 737 ἀνδρὸς
864 679 1113 737 ἀφανίζων,
1148 678 1317 737 γλώττῃ
1347 696 1390 723 τε
1420 678 1492 722 καὶ

105 751 289 809 στόματι
333 750 499 807 ἀνοσίῳ
539 748 774 807 γευόμενος
813 749 960 807 φόνου
999 750 1259 803 ξυγγενοῦς,
1297 747 1372 791 καὶ
1415 744 1491 788 ἀν-

105 822 297 877 δρηλατῇ
326 819 401 863 καὶ
430 816 704 876 ἀποκτιννύῃ
733 819 807 863 καὶ
833 817 1114 873 ὑποσημαίνῃ
1140 819 1282 872 χρεῶν
1311 831 1356 859 τε
1376 813 1486 857 ἀπο-
1516 813 1584 848 566

104 889 245 940 κοπάς
271 888 346 932 καὶ
375 890 458 943 γῆς
487 885 766 943 ἀναδασμόν,
807 882 892 943 ἆρα
920 889 981 945 τῷ
1017 884 1205 940 τοιούτῳ
1239 882 1406 939 ἀνάγκη
1437 881 1491 938 δή

105 957 156 1001 τὸ
173 955 278 1013 μετὰ
297 958 431 999 τοῦτο
452 954 526 998 καὶ
547 955 743 1010 εἵμαρται
762 954 790 1011 ἢ
810 953 1079 999 ἀπολωλέναι
1098 951 1188 996 ὑπὸ
1211 957 1299 996 τῶν
1319 951 1491 1007 ἐχθρῶν

103 1024 135 1082 ἢ
152 1028 385 1082 τυραννεῖν
398 1023 472 1069 καὶ
491 1020 612 1082 λύκῳ
631 1022 674 1074 ἐξ
691 1020 933 1078 ἀνθρώπου
951 1021 1179 1079 γενέσθαι,
1200 1020 1348 1075 Πολλὴ
1364 1017 1490 1074 ἀνάγ-

153 1171 174 1208 ὁ
199 1171 444 1218 γευσάμενος]
471 1169 491 1207 ὁ
517 1184 582 1207 om.
600 1170 701 1207 Vind.
726 1172 768 1207 F.

105 1221 192 1264 Ang.
215 1220 256 1254 Β.
291 1224 326 1254 et
349 1219 438 1253 idem
460 1219 557 1252 Flor.
589 1218 685 1252 cuius
709 1230 767 1252 no-

104 1271 175 1300 tam
200 1265 311 1300 omisit
334 1264 588 1299 StallbdumiuS.
619 1265 769 1309 quisquis

107 1332 148 1338 -—
175 1314 275 1355 forte
307 1313 462 1356 gustarit
488 1310 566 1345 Fic.
599 1310 652 1344 De
684 1322 764 1344 ana-

105 1358 240 1392 colutho
277 1359 321 1391 cf.
354 1357 428 1393 Vol.
465 1356 492 1390 Ι.
532 1368 565 1401 p.
598 1357 678 1392 377.
713 1368 766 1402 sq.

103 1403 303 1447 Bernhardy
327 1408 416 1447 synt.
441 1414 474 1448 p.
500 1405 557 1439 69.

150 1458 407 1505 ἀνθρωπίνου]
421 1456 663 1504 ἀνθρωπείου
677 1459 765 1494 Lob.

103 1511 140 1541 et
161 1508 249 1541 idem
274 1506 370 1540 Flor.

149 1551 258 1610 ενός]
286 1564 348 1586 om
375 1552 449 1585 Fic.

147 1595 533 1643 ἐγκατατετμημένου]
570 1593 764 1640 ἐγκαταμε-

100 1644 277 1689 μιγμένον
299 1644 393 1677 Μοιι.
409 1644 450 1677 Β.
474 1643 552 1677 Par.
568 1642 645 1676 DK.
673 1642 766 1675 Flor.

104 1692 148 1725 U.
173 1691 248 1724 Ald.
273 1690 351 1723 Bas.
375 1690 430 1724 ab.
459 1689 580 1734 steph.
603 1691 679 1722 Ast.

151 1732 202 1792 ἢ]
223 1736 246 1780 ἠ
272 1736 358 1769 Lob.

154 1794 224 1816 ουκ
243 1778 429 1826 ἀκήκοας]
455 1778 584 1814 ου’κοικ.
609 1778 711 1814 vind.
723 1778 764 1812 F.

144 1833 210 1884 Ἀρ
220 1837 245 1884 ’]
270 1834 350 1883 ’Ἆρ’
375 1837 458 1872 editi
483 1841 563 1870 ante
587 1836 671 1870 Astii
695 1848 764 1869 sec.

103 1898 179 1920 cum
220 1886 314 1919 Mon.
357 1885 398 1919 B.
446 1883 547 1918 Vind.
584 1883 628 1915 F.
670 1882 766 1917 Flor.

101 1932 215 2012 ἕξΰ.
251 1932 381 1965 Eodem
407 1930 507 1963 modo
544 1934 579 1963 et
611 1929 675 1962 iste
698 1948 739 1954 ——
758 1953 766 1961 .

146 2018 359 2067 προεστώς]
384 2018 597 2065 προσεστὼς
621 2020 707 2054 Ven.
723 2020 763 2054 C.

147 2076 431 2123 ἐπαιτιώμενος]
463 2074 527 2112 ἐπ’
553 2077 627 2113 αἰτ.
664 2077 765 2112 Vind.

149 2168 274 2216 ἄγων]
318 2171 429 2206 trahit
462 2181 537 2212 808,
574 2182 597 2204 a
643 2170 764 2215 quibus

100 2219 199 2253 timet
223 2218 297 2251 Fic.

146 2263 356 2319 μιαιφονῇ]
379 2261 573 2315 μιαιφωνῆ
598 2262 698 2297 Vind.
717 2262 761 2295 E.

146 2308 364 2364 γενόμενος]
393 2305 590 2352 γενόμενος
608 2308 707 2341 Vind.
717 2308 761 2341 F.

101 2353 358 2401 φθεγγόμενος
382 2354 469 2388 Lob.
498 2355 577 2389 Vat.
601 2354 652 2389 M.

150 2410 388 2457 ἀνδρηλατῇ]
430 2408 632 2457 ἀνδριλατῇ
682 2412 764 2446 Bas.

102 2460 158 2494 ab.
189 2469 264 2492 cum
288 2458 385 2491 Vind
414 2458 491 2492 EF.
516 2458 677 2491 Timaeus
698 2458 764 2491 lex.

182 2505 248 2540 34.
298 2501 566 2562 ἀνδρηλατεῖν·
624 2499 765 2546 ἀνδρας

101 2516 330 2594 Ξξελαύνειν,
353 2550 417 2584 καὶ
441 2547 675 2594 φυγαδεύειν.
695 2550 765 2583 Lo-

103 2603 152 2632 cis
175 2596 334 2640 Aeschyli
357 2602 392 2629 et
415 2596 568 2639 Dionysii
591 2596 699 2629 Halic.
721 2596 764 2629 ab

103 2642 304 2678 Ruhnkenio
329 2642 440 2675 citatis
454 2642 539 2676 adde
558 2642 663 2686 Soph.
676 2641 762 2675 Oed.

103 2691 189 2744 'lyr
227 2692 302 2723 100.

151 2730 379 2777 ἀποκτιννύῃ
400 2733 412 2776 ]

105 2782 205 2816 Vind.
227 2781 270 2813 F.

507 2729 765 2766 ἀποκτειννύει

39 2829 104 2865 566
148 2826 234 2871 γῆς]
272 2825 338 2869 γῆς
362 2836 399 2859 τε
423 2824 521 2860 Vind.
544 2825 589 2861 F.
613 2825 701 2868 Aug.
722 2825 762 2857 B.

872 1168 1114 1216 ἀναδασμὸν]
1147 1167 1365 1213 ἀνάδασμον
1389 1167 1490 1203 Vind.

824 1218 864 1252 Β.
892 1218 986 1253 Μοη.
1010 1219 1051 1253 Β.
1085 1237 1132 1243 -
1167 1219 1266 1251 Hunc
1300 1217 1407 1248 locum
1433 1225 1489 1247 re-

824 1265 939 1309 spexit
963 1264 1173 1298 Themistius
1197 1275 1246 1296 or.
1268 1262 1348 1296 VII
1373 1272 1406 1305 p.
1431 1261 1488 1294 91.

826 1310 866 1343 C.
902 1310 1109 1365 Procopium
1137 1309 1248 1343 onmia
1282 1308 1404 1341 fecisse
1438 1306 1490 1339 di-

824 1367 904 1389 cens·
943 1353 990 1389 τοὶ
1025 1353 1228 1399 Πλάτωνος
1259 1354 1328 1387 τοῦ
1354 1354 1488 1386 θεσπε-

824 1402 905 1436 σίου
921 1401 993 1436 ’καὶ
1024 1398 1051 1436 ἅ
1082 1412 1194 1456 φησιν
1225 1398 1364 1438 ἐκεῖνος
1400 1410 1490 1454 προ-

824 1446 1015 1482 δεικνύναι
1063 1446 1154 1487 τοὺς
1205 1444 1414 1500 τυράννους
1452 1442 1490 1478 ἐν

821 1497 902 1534 τοῖς
926 1494 1156 1549 προοιμίοις,
1197 1505 1256 1536 χρε
1262 1492 1314 1526 ῶν
1351 1502 1489 1524 αποκο-

820 1537 914 1583 πάς,
939 1541 1007 1585 γῆς
1031 1520 1292 1595 ἀναδασμους,
1325 1536 1394 1581 τὴν
1429 1534 1491 1570 ἐπὶ.

823 1584 976 1630 Κρόνου
999 1585 1063 1620 καὶ
1086 1583 1188 1625 Ρέας
1213 1583 1467 1627 εὕδαιμονιᾛαν

871 1636 967 1687 ἄρα]
1009 1639 1084 1686 ἄρα
1119 1643 1204 1677 Lob.
1248 1642 1347 1676 Vind.
1384 1641 1491 1674 BEF.

823 1689 916 1723 Mon.
945 1690 986 1722 B.
1019 1690 1139 1733 steph.
1185 1689 1256 1723 Ast.
1288 1700 1338 1733 pn
1376 1689 1491 1729 Quare

821 1747 956 1768 necesse
983 1740 1032 1769 est
1058 1755 1123 1768 —.
1158 1735 1231 1768 Fic.
1257 1700 1308 1767 Inp
1322 1735 1353 1768 V
1356 1733 1424 1767 ind.
1448 1735 1490 1767 B.

823 1782 887 1814 hoc
921 1776 998 1823 ἄρα
1031 1788 1111 1826 post
1134 1781 1185 1826 τῷ
1212 1777 1373 1825 τοιούτῳ
1397 1779 1491 1825 posi-

822 1832 893 1860 tum
918 1832 981 1862 est.

869 1869 913 1906 τό
937 1870 1028 1916 μετὰ
1061 1872 1199 1916 τοῦτο]
1236 1873 1488 1916 τομετατοῦτο

823 1918 924 1953 Vind.
950 1919 1024 1953 BE.
1048 1918 1124 1952 Ald.
1144 1919 1225 1952 Bas.
1245 1920 1301 1953 ab.
1325 1932 1390 1953 om.
1414 1919 1486 1952 Fic.

870 1973 933 2008 καὶ
968 1974 1163 2019 εἵμαρται]
1208 1975 1273 2009 καὶ
1317 1975 1489 2019 εἵμαρται

824 2022 899 2055 Ald.
922 2021 1003 2054 Bas.
1029 2034 1060 2054 a.
1096 2020 1159 2055 καὶ
1190 2016 1354 2065 ἤμαρται
1386 2022 1486 2057 Vind

823 2068 863 2127 F.
905 2066 969 2101 καὶ
1014 2067 1162 2112 εἷ’μαρτε
1202 2068 1301 2103 Vind.
1336 2069 1379 2102 E.
1422 2081 1486 2102 om.

819 2114 1100 2203 Εἰἀνθρώπου]
1146 2155 1365 2203 ἀνθρώπων
1407 2160 1485 2194 Par.

820 2206 898 2239 DK.
923 2206 1018 2240 Mon.
1047 2207 1086 2239 B.
1136 2217 1155 2239 a

865 2260 1088 2307 γενέσθαις]
1139 2260 1326 2306 γενέσθαι.
1366 2262 1487 2307 Steph.

820 2309 893 2343 Ast.
920 2321 971 2354 pr.
997 2321 1065 2344 sec.

869 2362 1037 2410 ἀνάγκη]
1062 2366 1138 2399 Hoc
1163 2365 1343 2398 Bekkerus
1366 2376 1488 2399 secun-

821 2412 901 2445 dum
933 2412 1012 2446 Par.
1044 2413 1082 2445 A.
1117 2413 1203 2445 Ven.
1238 2412 1280 2444 B.
1318 2411 1414 2445 Vind.
1445 2413 1485 2445 B.

821 2459 908 2501 Ang.
933 2458 973 2492 B.
1000 2459 1078 2492 vat.
1110 2458 1155 2490 H.
1191 2456 1332 2490 addidit.
1379 2460 1489 2491 Acce-

822 2505 906 2537 dunt
942 2504 1041 2538 Vind.
1067 2504 1142 2536 EF.
1175 2503 1312 2547 Reliqui
1347 2509 1383 2537 et
1416 2505 1488 2538 edi-

821 2550 930 2583 tiones
947 2549 1228 2583 anteBekkeruln
1252 2552 1380 2583 tantum
1399 2552 1487 2584 πολ-

822 2594 864 2639 λὴ
903 2596 1049 2636 habent,
1083 2596 1137 2627 cui
1170 2594 1415 2629 Stallbaumius
1451 2596 1487 2630 in

820 2653 873 2686 pr.
900 2641 927 2674 si
951 2653 1064 2674 omnes
1089 2641 1304 2675 Florentinos
1343 2654 1486 2676 consen—

821 2688 945 2720 tientes
981 2687 1156 2730 Stephano
1190 2687 1359 2725 habebat
1395 2688 1485 2732 quod

822 2733 894 2766 eius
936 2733 1104 2766 silentium
1148 2745 1294 2787 arguere
1334 2733 1483 2775 xidetur,

821 2779 893 2812 sine
917 2780 1039 2813 idonea
1063 2779 1194 2813 ratione
1220 2776 1361 2822 ανοὶγκη
1386 2780 1484 2813 addi-

822 2825 881 2859 dit.
928 2825 1018 2859 Nam
1050 2825 1150 2860 facile
1186 2825 1359 2859 subaudiri
1385 2830 1484 2869 pote-
