<?xml version="1.0" encoding="UTF-8"?>
<!DOCTYPE html PUBLIC "-//W3C//DTD XHTML 1.0 Transitional//EN"
    "http://www.w3.org/TR/xhtml1/DTD/xhtml1-transitional.dtd">
<html xmlns="http://www.w3.org/1999/xhtml" xml:lang="en" lang="en">
 <head>
  <title>
</title>
<meta http-equiv="Content-Type" content="text/html;charset=utf-8" />
  <meta name='ocr-system' content='tesseract 3.04.00' />
  <meta name='ocr-capabilities' content='ocr_page ocr_carea ocr_par ocr_line ocrx_word'/>
</head>
<body>
  <div class='ocr_page' id='page_1' title='image "./operagraecerecen01platuoft_0112.png"; bbox 0 0 1764 3176; ppageno 0'>
   <div class='ocr_carea' id='block_1_1' title="bbox 226 130 1124 178">
    <p class='ocr_par' dir='ltr' id='par_1_1' title="bbox 226 130 1124 178">
     <span class='ocr_line' id='line_1_1' title="bbox 226 130 1124 178; baseline -0.006 0"><span class='ocrx_word' id='word_1_1' title='bbox 226 152 322 178; x_wconf 87' lang='lat' dir='ltr'>c1111</span> <span class='ocrx_word' id='word_1_2' title='bbox 593 130 1124 176; x_wconf 86' lang='lat' dir='ltr'>PRAEFATIO</span> 
     </span>
    </p>
   </div>
   <div class='ocr_carea' id='block_1_2' title="bbox 221 250 1630 1588">
    <p class='ocr_par' dir='ltr' id='par_1_2' title="bbox 221 250 1630 1588">
     <span class='ocr_line' id='line_1_2' title="bbox 222 250 1630 306; baseline -0.003 -12"><span class='ocrx_word' id='word_1_3' title='bbox 222 256 364 306; x_wconf 89' lang='lat' dir='ltr'><strong>„inter</strong></span> <span class='ocrx_word' id='word_1_4' title='bbox 387 253 653 305; x_wconf 81' lang='lat' dir='ltr'><strong>Tyrannicam</strong></span> <span class='ocrx_word' id='word_1_5' title='bbox 672 254 804 301; x_wconf 75' lang='lat' dir='ltr'><strong>vitam,</strong></span> <span class='ocrx_word' id='word_1_6' title='bbox 835 256 876 292; x_wconf 89' lang='lat' dir='ltr'><strong>et</strong></span> <span class='ocrx_word' id='word_1_7' title='bbox 893 251 1060 304; x_wconf 82' lang='lat' dir='ltr'>Regiam</span> <span class='ocrx_word' id='word_1_8' title='bbox 1087 250 1426 302; x_wconf 84' lang='lat' dir='ltr'><strong>(quandoquidem</strong></span> <span class='ocrx_word' id='word_1_9' title='bbox 1448 251 1610 290; x_wconf 84' lang='lat' dir='ltr'><strong>alteram</strong></span> <span class='ocrx_word' id='word_1_10' title='bbox 1628 278 1630 280; x_wconf 94' lang='lat'>-</span> 
     </span>
     <span class='ocr_line' id='line_1_3' title="bbox 223 341 1609 394; baseline -0.002 -9"><span class='ocrx_word' id='word_1_11' title='bbox 223 345 510 394; x_wconf 74' lang='lat' dir='ltr'><strong>dulcissimam,</strong></span> <span class='ocrx_word' id='word_1_12' title='bbox 534 345 816 384; x_wconf 86' lang='lat' dir='ltr'><strong>amarissimam</strong></span> <span class='ocrx_word' id='word_1_13' title='bbox 828 344 1001 391; x_wconf 72' lang='lat' dir='ltr'><strong>alteram,</strong></span> <span class='ocrx_word' id='word_1_14' title='bbox 1019 344 1060 381; x_wconf 88' lang='lat' dir='ltr'><strong>in</strong></span> <span class='ocrx_word' id='word_1_15' title='bbox 1080 341 1410 394; x_wconf 79' lang='lat' dir='ltr'><strong>praecedentibus</strong></span> <span class='ocrx_word' id='word_1_16' title='bbox 1426 355 1519 382; x_wconf 89' lang='lat' dir='ltr'><strong>esse</strong></span> <span class='ocrx_word' id='word_1_17' title='bbox 1534 343 1609 382; x_wconf 82' lang='lat' dir='ltr'><strong>do-</strong></span> 
     </span>
     <span class='ocr_line' id='line_1_4' title="bbox 222 433 1611 500; baseline -0.001 -25"><span class='ocrx_word' id='word_1_18' title='bbox 222 437 321 487; x_wconf 89' lang='lat' dir='ltr'><strong>cuit)</strong></span> <span class='ocrx_word' id='word_1_19' title='bbox 347 436 429 475; x_wconf 87' lang='lat' dir='ltr'><strong>hoc</strong></span> <span class='ocrx_word' id='word_1_20' title='bbox 444 449 526 475; x_wconf 91' lang='lat' dir='ltr'><strong>non</strong></span> <span class='ocrx_word' id='word_1_21' title='bbox 540 437 654 500; x_wconf 84' lang='lat' dir='ltr'><strong>aliter</strong></span> <span class='ocrx_word' id='word_1_22' title='bbox 666 436 786 475; x_wconf 74' lang='lat' dir='ltr'><strong>facile</strong></span> <span class='ocrx_word' id='word_1_23' title='bbox 808 437 922 488; x_wconf 76' lang='lat' dir='ltr'><strong>quam</strong></span> <span class='ocrx_word' id='word_1_24' title='bbox 933 447 1007 487; x_wconf 90' lang='lat' dir='ltr'><strong>per</strong></span> <span class='ocrx_word' id='word_1_25' title='bbox 1021 446 1208 473; x_wconf 90' lang='lat' dir='ltr'><strong>numeros</strong></span> <span class='ocrx_word' id='word_1_26' title='bbox 1224 433 1276 471; x_wconf 80' lang='lat' dir='ltr'><strong>ait</strong></span> <span class='ocrx_word' id='word_1_27' title='bbox 1291 434 1457 485; x_wconf 78' lang='lat' dir='ltr'><strong>exprimi</strong></span> <span class='ocrx_word' id='word_1_28' title='bbox 1470 448 1611 486; x_wconf 88' lang='lat' dir='ltr'><strong>posse.</strong></span> 
     </span>
     <span class='ocr_line' id='line_1_5' title="bbox 224 525 1611 578; baseline -0.002 -11"><span class='ocrx_word' id='word_1_29' title='bbox 224 528 343 578; x_wconf 77' lang='lat' dir='ltr'><strong>Quod</strong></span> <span class='ocrx_word' id='word_1_30' title='bbox 381 541 471 567; x_wconf 91' lang='lat' dir='ltr'><strong>cum</strong></span> <span class='ocrx_word' id='word_1_31' title='bbox 504 529 694 577; x_wconf 76' lang='lat' dir='ltr'><strong>dlxisset,</strong></span> <span class='ocrx_word' id='word_1_32' title='bbox 729 540 824 566; x_wconf 80' lang='lat' dir='ltr'><strong>mox</strong></span> <span class='ocrx_word' id='word_1_33' title='bbox 846 526 1068 565; x_wconf 84' lang='lat' dir='ltr'><strong>distantiam</strong></span> <span class='ocrx_word' id='word_1_34' title='bbox 1090 526 1193 564; x_wconf 90' lang='lat' dir='ltr'><strong>hanc</strong></span> <span class='ocrx_word' id='word_1_35' title='bbox 1213 525 1387 563; x_wconf 85' lang='lat' dir='ltr'><strong>numeris</strong></span> <span class='ocrx_word' id='word_1_36' title='bbox 1407 525 1535 576; x_wconf 90' lang='lat' dir='ltr'><strong>planis</strong></span> <span class='ocrx_word' id='word_1_37' title='bbox 1555 527 1611 564; x_wconf 89' lang='lat' dir='ltr'><strong>si-</strong></span> 
     </span>
     <span class='ocr_line' id='line_1_6' title="bbox 222 616 1611 671; baseline -0.002 -12"><span class='ocrx_word' id='word_1_38' title='bbox 222 619 326 667; x_wconf 68' lang='lat' dir='ltr'><strong>mul,</strong></span> <span class='ocrx_word' id='word_1_39' title='bbox 369 622 410 658; x_wconf 89' lang='lat' dir='ltr'><strong>et</strong></span> <span class='ocrx_word' id='word_1_40' title='bbox 448 618 588 659; x_wconf 89' lang='lat' dir='ltr'><strong>solidis</strong></span> <span class='ocrx_word' id='word_1_41' title='bbox 622 619 806 671; x_wconf 83' lang='lat' dir='ltr'><strong>explicat.</strong></span> <span class='ocrx_word' id='word_1_42' title='bbox 875 616 1020 658; x_wconf 71' lang='lat' dir='ltr'><strong>Veram</strong></span> <span class='ocrx_word' id='word_1_43' title='bbox 1047 618 1089 655; x_wconf 91' lang='lat' dir='ltr'><strong>ut</strong></span> <span class='ocrx_word' id='word_1_44' title='bbox 1116 618 1227 655; x_wconf 76' lang='lat' dir='ltr'><strong>recte</strong></span> <span class='ocrx_word' id='word_1_45' title='bbox 1247 617 1492 668; x_wconf 86' lang='lat' dir='ltr'><strong>percipiatur</strong></span> <span class='ocrx_word' id='word_1_46' title='bbox 1511 630 1611 668; x_wconf 87' lang='lat' dir='ltr'><strong>quo-</strong></span> 
     </span>
     <span class='ocr_line' id='line_1_7' title="bbox 221 707 1612 761; baseline -0.002 -10"><span class='ocrx_word' id='word_1_47' title='bbox 221 711 344 751; x_wconf 89' lang='lat' dir='ltr'><strong>modo</strong></span> <span class='ocrx_word' id='word_1_48' title='bbox 367 710 481 750; x_wconf 89' lang='lat' dir='ltr'><strong>Plato</strong></span> <span class='ocrx_word' id='word_1_49' title='bbox 500 712 582 751; x_wconf 91' lang='lat' dir='ltr'><strong>hoc</strong></span> <span class='ocrx_word' id='word_1_50' title='bbox 603 711 724 750; x_wconf 80' lang='lat' dir='ltr'><strong>faciat</strong></span> <span class='ocrx_word' id='word_1_51' title='bbox 743 709 1003 761; x_wconf 79' lang='lat' dir='ltr'><strong>d1sponantur</strong></span> <span class='ocrx_word' id='word_1_52' title='bbox 1026 721 1097 747; x_wconf 80' lang='lat' dir='ltr'><strong>sex</strong></span> <span class='ocrx_word' id='word_1_53' title='bbox 1121 707 1237 759; x_wconf 85' lang='lat' dir='ltr'><strong>Reip.</strong></span> <span class='ocrx_word' id='word_1_54' title='bbox 1268 709 1441 759; x_wconf 73' lang='lat' dir='ltr'><strong>species,</strong></span> <span class='ocrx_word' id='word_1_55' title='bbox 1473 722 1612 760; x_wconf 90' lang='lat' dir='ltr'><strong>quem-</strong></span> 
     </span>
     <span class='ocr_line' id='line_1_8' title="bbox 223 799 1612 852; baseline -0.001 -10"><span class='ocrx_word' id='word_1_56' title='bbox 223 803 438 843; x_wconf 86' lang='lat' dir='ltr'><strong>admodum</strong></span> <span class='ocrx_word' id='word_1_57' title='bbox 459 816 526 841; x_wconf 88' lang='lat' dir='ltr'><strong>eas</strong></span> <span class='ocrx_word' id='word_1_58' title='bbox 541 802 711 841; x_wconf 80' lang='lat' dir='ltr'><strong>maximo</strong></span> <span class='ocrx_word' id='word_1_59' title='bbox 726 813 814 840; x_wconf 92' lang='lat' dir='ltr'><strong>cum</strong></span> <span class='ocrx_word' id='word_1_60' title='bbox 833 800 998 838; x_wconf 86' lang='lat' dir='ltr'><strong>artificio</strong></span> <span class='ocrx_word' id='word_1_61' title='bbox 1017 800 1169 838; x_wconf 79' lang='lat' dir='ltr'><strong>videtur</strong></span> <span class='ocrx_word' id='word_1_62' title='bbox 1179 799 1245 838; x_wconf 88' lang='lat' dir='ltr'><strong>hic</strong></span> <span class='ocrx_word' id='word_1_63' title='bbox 1256 799 1368 838; x_wconf 88' lang='lat' dir='ltr'><strong>Plato</strong></span> <span class='ocrx_word' id='word_1_64' title='bbox 1384 801 1612 852; x_wconf 82' lang='lat' dir='ltr'><strong>disponere.</strong></span> 
     </span>
     <span class='ocr_line' id='line_1_9' title="bbox 223 890 1616 947; baseline -0.002 -14"><span class='ocrx_word' id='word_1_65' title='bbox 223 898 396 947; x_wconf 91' lang='lat' dir='ltr'><strong>ponatur</strong></span> <span class='ocrx_word' id='word_1_66' title='bbox 414 895 534 946; x_wconf 79' lang='lat' dir='ltr'><strong>igitur</strong></span> <span class='ocrx_word' id='word_1_67' title='bbox 550 894 592 932; x_wconf 91' lang='lat' dir='ltr'><strong>in</strong></span> <span class='ocrx_word' id='word_1_68' title='bbox 618 893 748 945; x_wconf 88' lang='lat' dir='ltr'><strong>primo</strong></span> <span class='ocrx_word' id='word_1_69' title='bbox 766 891 924 942; x_wconf 85' lang='lat' dir='ltr'><strong>quidem</strong></span> <span class='ocrx_word' id='word_1_70' title='bbox 948 890 1039 929; x_wconf 89' lang='lat' dir='ltr'><strong>loco</strong></span> <span class='ocrx_word' id='word_1_71' title='bbox 1061 890 1209 942; x_wconf 69' lang='lat' dir='ltr'><strong>Regia,</strong></span> <span class='ocrx_word' id='word_1_72' title='bbox 1237 904 1317 929; x_wconf 89' lang='lat' dir='ltr'><strong>non</strong></span> <span class='ocrx_word' id='word_1_73' title='bbox 1333 892 1422 942; x_wconf 87' lang='lat' dir='ltr'><strong>quia</strong></span> <span class='ocrx_word' id='word_1_74' title='bbox 1439 893 1616 931; x_wconf 89' lang='lat' dir='ltr'><strong>omnium</strong></span> 
     </span>
     <span class='ocr_line' id='line_1_10' title="bbox 223 980 1613 1039; baseline -0.003 -13"><span class='ocrx_word' id='word_1_75' title='bbox 223 986 520 1039; x_wconf 83' lang='lat' dir='ltr'><strong>perfectissima</strong></span> <span class='ocrx_word' id='word_1_76' title='bbox 539 985 591 1023; x_wconf 88' lang='lat' dir='ltr'><strong>sit</strong></span> <span class='ocrx_word' id='word_1_77' title='bbox 617 980 934 1039; x_wconf 86' lang='lat' dir='ltr'><strong>(perfectissima</strong></span> <span class='ocrx_word' id='word_1_78' title='bbox 953 982 1149 1033; x_wconf 88' lang='lat' dir='ltr'><strong>siquidem</strong></span> <span class='ocrx_word' id='word_1_79' title='bbox 1173 983 1347 1021; x_wconf 88' lang='lat' dir='ltr'><strong>omnium</strong></span> <span class='ocrx_word' id='word_1_80' title='bbox 1358 982 1482 1034; x_wconf 86' lang='lat' dir='ltr'><strong>Resp.</strong></span> <span class='ocrx_word' id='word_1_81' title='bbox 1497 982 1613 1035; x_wconf 84' lang='lat' dir='ltr'><strong>Opti-</strong></span> 
     </span>
     <span class='ocr_line' id='line_1_11' title="bbox 224 1073 1615 1128; baseline -0.004 -10"><span class='ocrx_word' id='word_1_82' title='bbox 224 1082 371 1118; x_wconf 84' lang='lat' dir='ltr'><strong>matum</strong></span> <span class='ocrx_word' id='word_1_83' title='bbox 399 1075 479 1128; x_wconf 92' lang='lat' dir='ltr'><strong>est)</strong></span> <span class='ocrx_word' id='word_1_84' title='bbox 509 1075 581 1115; x_wconf 90' lang='lat' dir='ltr'><strong>sed</strong></span> <span class='ocrx_word' id='word_1_85' title='bbox 611 1079 656 1114; x_wconf 90' lang='lat' dir='ltr'><strong>ut</strong></span> <span class='ocrx_word' id='word_1_86' title='bbox 690 1078 864 1113; x_wconf 70' lang='lat' dir='ltr'><strong>extrema</strong></span> <span class='ocrx_word' id='word_1_87' title='bbox 893 1073 972 1112; x_wconf 89' lang='lat' dir='ltr'><strong>duo</strong></span> <span class='ocrx_word' id='word_1_88' title='bbox 1004 1073 1258 1125; x_wconf 87' lang='lat' dir='ltr'><strong>singularium</strong></span> <span class='ocrx_word' id='word_1_89' title='bbox 1288 1074 1494 1113; x_wconf 89' lang='lat' dir='ltr'><strong>hominum</strong></span> <span class='ocrx_word' id='word_1_90' title='bbox 1523 1077 1615 1123; x_wconf 70' lang='lat' dir='ltr'><strong>sint,</strong></span> 
     </span>
     <span class='ocr_line' id='line_1_12' title="bbox 225 1164 1616 1221; baseline -0.003 -12"><span class='ocrx_word' id='word_1_91' title='bbox 225 1169 350 1221; x_wconf 87' lang='lat' dir='ltr'><strong>Regis</strong></span> <span class='ocrx_word' id='word_1_92' title='bbox 387 1169 542 1208; x_wconf 86' lang='lat' dir='ltr'><strong>scilicet</strong></span> <span class='ocrx_word' id='word_1_93' title='bbox 575 1171 616 1207; x_wconf 88' lang='lat' dir='ltr'><strong>et</strong></span> <span class='ocrx_word' id='word_1_94' title='bbox 653 1166 856 1218; x_wconf 71' lang='lat' dir='ltr'><strong>Tyranni,</strong></span> <span class='ocrx_word' id='word_1_95' title='bbox 884 1166 987 1204; x_wconf 88' lang='lat' dir='ltr'><strong>inter</strong></span> <span class='ocrx_word' id='word_1_96' title='bbox 1015 1178 1116 1217; x_wconf 91' lang='lat' dir='ltr'><strong>quos</strong></span> <span class='ocrx_word' id='word_1_97' title='bbox 1142 1164 1256 1204; x_wconf 84' lang='lat' dir='ltr'><strong>Plato</strong></span> <span class='ocrx_word' id='word_1_98' title='bbox 1284 1167 1493 1205; x_wconf 85' lang='lat' dir='ltr'><strong>maximam</strong></span> <span class='ocrx_word' id='word_1_99' title='bbox 1523 1180 1616 1206; x_wconf 88' lang='lat' dir='ltr'><strong>esse</strong></span> 
     </span>
     <span class='ocr_line' id='line_1_13' title="bbox 226 1258 1617 1311; baseline -0.001 -11"><span class='ocrx_word' id='word_1_100' title='bbox 226 1261 453 1301; x_wconf 85' lang='lat' dir='ltr'><strong>distantiam</strong></span> <span class='ocrx_word' id='word_1_101' title='bbox 500 1262 735 1298; x_wconf 87' lang='lat' dir='ltr'><strong>ostensurus</strong></span> <span class='ocrx_word' id='word_1_102' title='bbox 776 1261 851 1297; x_wconf 88' lang='lat' dir='ltr'><strong>est.</strong></span> <span class='ocrx_word' id='word_1_103' title='bbox 933 1258 973 1296; x_wconf 89' lang='lat' dir='ltr'><strong>in</strong></span> <span class='ocrx_word' id='word_1_104' title='bbox 1018 1258 1147 1309; x_wconf 89' lang='lat' dir='ltr'><strong>primo</strong></span> <span class='ocrx_word' id='word_1_105' title='bbox 1186 1258 1320 1308; x_wconf 88' lang='lat' dir='ltr'><strong>itaque</strong></span> <span class='ocrx_word' id='word_1_106' title='bbox 1361 1258 1453 1298; x_wconf 92' lang='lat' dir='ltr'><strong>loco</strong></span> <span class='ocrx_word' id='word_1_107' title='bbox 1490 1258 1617 1311; x_wconf 85' lang='lat' dir='ltr'><strong>Regia</strong></span> 
     </span>
     <span class='ocr_line' id='line_1_14' title="bbox 225 1348 1617 1400; baseline -0.002 -8"><span class='ocrx_word' id='word_1_108' title='bbox 225 1353 513 1399; x_wconf 76' lang='lat' dir='ltr'><strong>constituatur,</strong></span> <span class='ocrx_word' id='word_1_109' title='bbox 557 1351 599 1390; x_wconf 91' lang='lat' dir='ltr'><strong>in</strong></span> <span class='ocrx_word' id='word_1_110' title='bbox 627 1350 805 1389; x_wconf 86' lang='lat' dir='ltr'><strong>secundo</strong></span> <span class='ocrx_word' id='word_1_111' title='bbox 841 1352 973 1388; x_wconf 87' lang='lat' dir='ltr'><strong>autem</strong></span> <span class='ocrx_word' id='word_1_112' title='bbox 1005 1348 1269 1400; x_wconf 77' lang='lat' dir='ltr'><strong>Optimatum‚</strong></span> <span class='ocrx_word' id='word_1_113' title='bbox 1306 1351 1346 1388; x_wconf 88' lang='lat' dir='ltr'><strong>in</strong></span> <span class='ocrx_word' id='word_1_114' title='bbox 1379 1351 1496 1389; x_wconf 87' lang='lat' dir='ltr'><strong>tertio</strong></span> <span class='ocrx_word' id='word_1_115' title='bbox 1521 1351 1617 1390; x_wconf 79' lang='lat' dir='ltr'><strong>vero</strong></span> 
     </span>
     <span class='ocr_line' id='line_1_15' title="bbox 228 1439 1616 1495; baseline -0.002 -11"><span class='ocrx_word' id='word_1_116' title='bbox 228 1443 365 1484; x_wconf 89' lang='lat' dir='ltr'><strong>Censu</strong></span> <span class='ocrx_word' id='word_1_117' title='bbox 401 1444 673 1495; x_wconf 78' lang='lat' dir='ltr'><strong>potestatum,</strong></span> <span class='ocrx_word' id='word_1_118' title='bbox 709 1441 750 1480; x_wconf 89' lang='lat' dir='ltr'><strong>in</strong></span> <span class='ocrx_word' id='word_1_119' title='bbox 770 1444 908 1492; x_wconf 90' lang='lat' dir='ltr'><strong>quarto</strong></span> <span class='ocrx_word' id='word_1_120' title='bbox 937 1439 1160 1480; x_wconf 85' lang='lat' dir='ltr'><strong>Paucorum</strong></span> <span class='ocrx_word' id='word_1_121' title='bbox 1180 1442 1381 1493; x_wconf 71' lang='lat' dir='ltr'><strong>potentia,</strong></span> <span class='ocrx_word' id='word_1_122' title='bbox 1412 1442 1454 1480; x_wconf 90' lang='lat' dir='ltr'><strong>in</strong></span> <span class='ocrx_word' id='word_1_123' title='bbox 1479 1443 1616 1493; x_wconf 89' lang='lat' dir='ltr'><strong>quinto</strong></span> 
     </span>
     <span class='ocr_line' id='line_1_16' title="bbox 226 1523 1616 1588; baseline -0.001 -14"><span class='ocrx_word' id='word_1_124' title='bbox 226 1534 459 1588; x_wconf 76' lang='lat' dir='ltr'><strong>Popularis‚</strong></span> <span class='ocrx_word' id='word_1_125' title='bbox 495 1535 537 1573; x_wconf 91' lang='lat' dir='ltr'><strong>in</strong></span> <span class='ocrx_word' id='word_1_126' title='bbox 572 1536 686 1573; x_wconf 77' lang='lat' dir='ltr'><strong>sexto</strong></span> <span class='ocrx_word' id='word_1_127' title='bbox 723 1535 763 1572; x_wconf 91' lang='lat' dir='ltr'><strong>et</strong></span> <span class='ocrx_word' id='word_1_128' title='bbox 795 1531 934 1572; x_wconf 89' lang='lat' dir='ltr'><strong>ultimo</strong></span> <span class='ocrx_word' id='word_1_129' title='bbox 970 1531 1195 1584; x_wconf 75' lang='lat' dir='ltr'><strong>Tyrannis,</strong></span> <span class='ocrx_word' id='word_1_130' title='bbox 1240 1537 1284 1571; x_wconf 92' lang='lat' dir='ltr'><strong>ut</strong></span> <span class='ocrx_word' id='word_1_131' title='bbox 1314 1533 1355 1571; x_wconf 89' lang='lat' dir='ltr'><strong>in</strong></span> <span class='ocrx_word' id='word_1_132' title='bbox 1389 1523 1616 1586; x_wconf 84' lang='lat' dir='ltr'><strong>subscripto</strong></span> 
     </span>
    </p>
   </div>
   <div class='ocr_carea' id='block_1_3' title="bbox 226 1624 562 1680">
    <p class='ocr_par' dir='ltr' id='par_1_3' title="bbox 226 1624 562 1680">
     <span class='ocr_line' id='line_1_17' title="bbox 226 1624 562 1680; baseline -0.009 -14"><span class='ocrx_word' id='word_1_133' title='bbox 226 1629 342 1680; x_wconf 88' lang='lat' dir='ltr'><strong>patet</strong></span> <span class='ocrx_word' id='word_1_134' title='bbox 363 1624 562 1678; x_wconf 84' lang='lat' dir='ltr'><strong>exemplo.</strong></span> 
     </span>
    </p>
   </div>
   <div class='ocr_carea' id='block_1_4' title="bbox 291 1732 1580 1794">
    <p class='ocr_par' dir='ltr' id='par_1_4' title="bbox 291 1732 1580 1794">
     <span class='ocr_line' id='line_1_18' title="bbox 291 1732 1580 1794; baseline 0 0"><span class='ocrx_word' id='word_1_135' title='bbox 291 1732 306 1794; x_wconf 95' lang='lat' dir='ltr'><strong> </strong></span> <span class='ocrx_word' id='word_1_136' title='bbox 442 1732 746 1794; x_wconf 95' lang='lat' dir='ltr'><strong> </strong></span> <span class='ocrx_word' id='word_1_137' title='bbox 762 1732 1580 1794; x_wconf 95' lang='lat' dir='ltr'><strong>  </strong></span> <span class='ocrx_word' id='word_1_138' title='bbox 1505 1768 1580 1794; x_wconf 95' lang='lat' dir='ltr'><strong> </strong></span> 
     </span>
    </p>
   </div>
   <div class='ocr_carea' id='block_1_5' title="bbox 306 1750 997 2089">
    <p class='ocr_par' dir='ltr' id='par_1_5' title="bbox 306 1750 762 1842">
     <span class='ocr_line' id='line_1_19' title="bbox 306 1750 762 1842; baseline -0.015 -47"><span class='ocrx_word' id='word_1_139' title='bbox 306 1761 372 1795; x_wconf 74' lang='lat'><strong>729</strong></span> <span class='ocrx_word' id='word_1_140' title='bbox 402 1790 418 1823; x_wconf 67' lang='lat'><strong>1</strong></span> <span class='ocrx_word' id='word_1_141' title='bbox 524 1756 674 1792; x_wconf 82' lang='lat' dir='ltr'><strong>REGIA</strong></span> <span class='ocrx_word' id='word_1_142' title='bbox 746 1750 762 1842; x_wconf 45' lang='grc' dir='ltr'>ἓ</span> 
     </span>
    </p>

    <p class='ocr_par' dir='ltr' id='par_1_6' title="bbox 427 1767 736 1860">
     <span class='ocr_line' id='line_1_20' title="bbox 427 1767 736 1860; baseline -0.016 -10"><span class='ocrx_word' id='word_1_143' title='bbox 427 1767 736 1860; x_wconf 57' lang='lat' dir='ltr'>{OPTIMATVM</span> 
     </span>
    </p>

    <p class='ocr_par' dir='ltr' id='par_1_7' title="bbox 308 1857 997 1950">
     <span class='ocr_line' id='line_1_21' title="bbox 308 1857 997 1950; baseline -0.01 -46"><span class='ocrx_word' id='word_1_144' title='bbox 308 1869 374 1906; x_wconf 64' lang='lat'><strong>243</strong></span> <span class='ocrx_word' id='word_1_145' title='bbox 456 1871 611 1906; x_wconf 76' lang='lat' dir='ltr'><strong>CENsv</strong></span> <span class='ocrx_word' id='word_1_146' title='bbox 638 1857 997 1950; x_wconf 55' lang='lat' dir='ltr'>POTESTATVM}</span> 
     </span>
    </p>

    <p class='ocr_par' dir='ltr' id='par_1_8' title="bbox 325 1922 972 2089">
     <span class='ocr_line' id='line_1_22' title="bbox 329 1922 972 1962; baseline -0.014 1"><span class='ocrx_word' id='word_1_147' title='bbox 329 1929 372 1962; x_wconf 89' lang='lat'><strong>81</strong></span> <span class='ocrx_word' id='word_1_148' title='bbox 400 1928 420 1962; x_wconf 83' lang='lat'>3</span> <span class='ocrx_word' id='word_1_149' title='bbox 441 1926 707 1962; x_wconf 74' lang='lat' dir='ltr'>PAVCORUM</span> <span class='ocrx_word' id='word_1_150' title='bbox 728 1922 972 1959; x_wconf 66' lang='lat' dir='ltr'>POTENTIA</span> 
     </span>
     <span class='ocr_line' id='line_1_23' title="bbox 325 1982 707 2018; baseline -0.008 0"><span class='ocrx_word' id='word_1_151' title='bbox 325 1985 373 2018; x_wconf 73' lang='lat'><strong>27</strong></span> <span class='ocrx_word' id='word_1_152' title='bbox 436 1982 707 2018; x_wconf 74' lang='lat' dir='ltr'>POPVLARIS</span> 
     </span>
     <span class='ocr_line' id='line_1_24' title="bbox 350 1997 730 2089; baseline -0.008 -15"><span class='ocrx_word' id='word_1_153' title='bbox 350 2040 372 2074; x_wconf 87' lang='lat'><strong>9</strong></span> <span class='ocrx_word' id='word_1_154' title='bbox 400 2040 421 2073; x_wconf 87' lang='lat'><strong>9</strong></span> <span class='ocrx_word' id='word_1_155' title='bbox 449 1997 730 2089; x_wconf 62' lang='lat' dir='ltr'>TYRANNIS}</span> 
     </span>
    </p>
   </div>
   <div class='ocr_carea' id='block_1_6' title="bbox 1206 1786 1505 1822">
    <p class='ocr_par' dir='ltr' id='par_1_9' title="bbox 1206 1786 1505 1822">
     <span class='ocr_line' id='line_1_25' title="bbox 1206 1786 1505 1822; baseline 0.003 -3"><span class='ocrx_word' id='word_1_156' title='bbox 1206 1786 1505 1822; x_wconf 86' lang='lat' dir='ltr'>RESPVBLICA</span> 
     </span>
    </p>
   </div>
   <div class='ocr_carea' id='block_1_7' title="bbox 1012 1904 1199 1910">
    <p class='ocr_par' dir='ltr' id='par_1_10' title="bbox 1012 1904 1199 1910">
     <span class='ocr_line' id='line_1_26' title="bbox 1012 1904 1199 1910; baseline 0 0"><span class='ocrx_word' id='word_1_157' title='bbox 1012 1904 1199 1910; x_wconf 95' lang='lat' dir='ltr'><strong> </strong></span> 
     </span>
    </p>
   </div>
   <div class='ocr_carea' id='block_1_8' title="bbox 1128 1892 1481 1937">
    <p class='ocr_par' dir='ltr' id='par_1_11' title="bbox 1128 1892 1481 1937">
     <span class='ocr_line' id='line_1_27' title="bbox 1128 1892 1481 1937; baseline 0.011 -12"><span class='ocrx_word' id='word_1_158' title='bbox 1128 1934 1131 1937; x_wconf 12' lang='grc' dir='ltr'><em>Δ</em></span> <span class='ocrx_word' id='word_1_159' title='bbox 1220 1892 1481 1928; x_wconf 79' lang='lat' dir='ltr'><strong>AMssrmosA</strong></span> 
     </span>
    </p>
   </div>
   <div class='ocr_carea' id='block_1_9' title="bbox 1228 2006 1559 2043">
    <p class='ocr_par' dir='ltr' id='par_1_12' title="bbox 1228 2006 1559 2043">
     <span class='ocr_line' id='line_1_28' title="bbox 1228 2006 1559 2043; baseline 0 -1"><span class='ocrx_word' id='word_1_160' title='bbox 1228 2006 1559 2043; x_wconf 74' lang='lat' dir='ltr'><strong>QVAESTVARIA</strong></span> 
     </span>
    </p>
   </div>
   <div class='ocr_carea' id='block_1_10' title="bbox 224 2162 1617 2767">
    <p class='ocr_par' dir='ltr' id='par_1_13' title="bbox 224 2162 1617 2767">
     <span class='ocr_line' id='line_1_29' title="bbox 226 2162 1616 2219; baseline -0.002 -12"><span class='ocrx_word' id='word_1_161' title='bbox 226 2166 364 2207; x_wconf 87' lang='lat' dir='ltr'><strong>Rebus</strong></span> <span class='ocrx_word' id='word_1_162' title='bbox 406 2167 577 2219; x_wconf 89' lang='lat' dir='ltr'><strong>publicis</strong></span> <span class='ocrx_word' id='word_1_163' title='bbox 609 2167 664 2205; x_wconf 89' lang='lat' dir='ltr'><strong>ita</strong></span> <span class='ocrx_word' id='word_1_164' title='bbox 699 2164 931 2216; x_wconf 71' lang='lat' dir='ltr'><strong>dispositis,</strong></span> <span class='ocrx_word' id='word_1_165' title='bbox 988 2174 1123 2201; x_wconf 88' lang='lat' dir='ltr'><strong>earum</strong></span> <span class='ocrx_word' id='word_1_166' title='bbox 1160 2163 1278 2202; x_wconf 91' lang='lat' dir='ltr'><strong>etiam</strong></span> <span class='ocrx_word' id='word_1_167' title='bbox 1319 2162 1505 2203; x_wconf 80' lang='lat' dir='ltr'><strong>homines</strong></span> <span class='ocrx_word' id='word_1_168' title='bbox 1540 2177 1616 2204; x_wconf 82' lang='lat' dir='ltr'><strong>eo-</strong></span> 
     </span>
     <span class='ocr_line' id='line_1_30' title="bbox 226 2254 1616 2310; baseline -0.002 -11"><span class='ocrx_word' id='word_1_169' title='bbox 226 2259 319 2299; x_wconf 86' lang='lat' dir='ltr'><strong>dem</strong></span> <span class='ocrx_word' id='word_1_170' title='bbox 352 2259 491 2299; x_wconf 89' lang='lat' dir='ltr'><strong>ordine</strong></span> <span class='ocrx_word' id='word_1_171' title='bbox 532 2257 719 2310; x_wconf 87' lang='lat' dir='ltr'><strong>dispositi</strong></span> <span class='ocrx_word' id='word_1_172' title='bbox 756 2269 850 2296; x_wconf 90' lang='lat' dir='ltr'><strong>esse</strong></span> <span class='ocrx_word' id='word_1_173' title='bbox 886 2254 1164 2306; x_wconf 78' lang='lat' dir='ltr'><strong>intelligantur.</strong></span> <span class='ocrx_word' id='word_1_174' title='bbox 1209 2255 1335 2306; x_wconf 88' lang='lat' dir='ltr'><strong>inquit</strong></span> <span class='ocrx_word' id='word_1_175' title='bbox 1354 2255 1473 2307; x_wconf 85' lang='lat' dir='ltr'><strong>igitur</strong></span> <span class='ocrx_word' id='word_1_176' title='bbox 1502 2255 1616 2297; x_wconf 88' lang='lat' dir='ltr'><strong>Plato</strong></span> 
     </span>
     <span class='ocr_line' id='line_1_31' title="bbox 227 2345 1615 2404; baseline -0.001 -13"><span class='ocrx_word' id='word_1_177' title='bbox 227 2349 336 2402; x_wconf 80' lang='lat' dir='ltr'><strong>[cum</strong></span> <span class='ocrx_word' id='word_1_178' title='bbox 354 2356 440 2390; x_wconf 79' lang='lat' dir='ltr'><strong>tres</strong></span> <span class='ocrx_word' id='word_1_179' title='bbox 467 2351 702 2404; x_wconf 77' lang='lat' dir='ltr'><strong>voluptates</strong></span> <span class='ocrx_word' id='word_1_180' title='bbox 718 2345 821 2400; x_wconf 82' lang='lat' dir='ltr'><strong>sint]</strong></span> <span class='ocrx_word' id='word_1_181' title='bbox 847 2350 892 2386; x_wconf 89' lang='lat' dir='ltr'><strong>ut</strong></span> <span class='ocrx_word' id='word_1_182' title='bbox 915 2346 1197 2398; x_wconf 86' lang='lat' dir='ltr'><strong>scilicetpaulo</strong></span> <span class='ocrx_word' id='word_1_183' title='bbox 1221 2348 1404 2398; x_wconf 86' lang='lat' dir='ltr'><strong>superius</strong></span> <span class='ocrx_word' id='word_1_184' title='bbox 1427 2349 1519 2400; x_wconf 89' lang='lat' dir='ltr'><strong>ipse</strong></span> <span class='ocrx_word' id='word_1_185' title='bbox 1541 2349 1615 2389; x_wconf 88' lang='lat' dir='ltr'><strong>do-</strong></span> 
     </span>
     <span class='ocr_line' id='line_1_32' title="bbox 226 2436 1616 2495; baseline -0.001 -14"><span class='ocrx_word' id='word_1_186' title='bbox 226 2443 310 2482; x_wconf 78' lang='lat' dir='ltr'><strong>cuit</strong></span> <span class='ocrx_word' id='word_1_187' title='bbox 333 2441 434 2493; x_wconf 81' lang='lat' dir='ltr'><strong>[una</strong></span> <span class='ocrx_word' id='word_1_188' title='bbox 453 2440 615 2495; x_wconf 82' lang='lat' dir='ltr'><strong>quidem</strong></span> <span class='ocrx_word' id='word_1_189' title='bbox 637 2440 835 2494; x_wconf 68' lang='lat' dir='ltr'><strong>legitima,</strong></span> <span class='ocrx_word' id='word_1_190' title='bbox 871 2437 978 2478; x_wconf 78' lang='lat' dir='ltr'><strong>duae</strong></span> <span class='ocrx_word' id='word_1_191' title='bbox 998 2449 1094 2477; x_wconf 83' lang='lat' dir='ltr'><strong>vero</strong></span> <span class='ocrx_word' id='word_1_192' title='bbox 1115 2436 1389 2490; x_wconf 78' lang='lat' dir='ltr'><strong>adulterinae]</strong></span> <span class='ocrx_word' id='word_1_193' title='bbox 1409 2444 1525 2480; x_wconf 77' lang='lat' dir='ltr'><strong>vocat</strong></span> <span class='ocrx_word' id='word_1_194' title='bbox 1545 2454 1616 2480; x_wconf 87' lang='lat' dir='ltr'><strong>au-</strong></span> 
     </span>
     <span class='ocr_line' id='line_1_33' title="bbox 224 2529 1617 2585; baseline -0.001 -13"><span class='ocrx_word' id='word_1_195' title='bbox 224 2538 307 2573; x_wconf 90' lang='lat' dir='ltr'><strong>tem</strong></span> <span class='ocrx_word' id='word_1_196' title='bbox 342 2533 558 2585; x_wconf 87' lang='lat' dir='ltr'><strong>legitimam</strong></span> <span class='ocrx_word' id='word_1_197' title='bbox 601 2531 841 2585; x_wconf 82' lang='lat' dir='ltr'><strong>cognitionis</strong></span> <span class='ocrx_word' id='word_1_198' title='bbox 875 2529 1141 2582; x_wconf 82' lang='lat' dir='ltr'><strong>voluptatem,</strong></span> <span class='ocrx_word' id='word_1_199' title='bbox 1186 2529 1359 2581; x_wconf 86' lang='lat' dir='ltr'><strong>reliquas</strong></span> <span class='ocrx_word' id='word_1_200' title='bbox 1392 2533 1488 2571; x_wconf 80' lang='lat' dir='ltr'><strong>vero</strong></span> <span class='ocrx_word' id='word_1_201' title='bbox 1520 2532 1617 2571; x_wconf 88' lang='lat' dir='ltr'><strong>duas</strong></span> 
     </span>
     <span class='ocr_line' id='line_1_34' title="bbox 226 2621 1616 2675; baseline 0 -11"><span class='ocrx_word' id='word_1_202' title='bbox 226 2625 488 2665; x_wconf 85' lang='lat' dir='ltr'><strong>adulterinas:</strong></span> <span class='ocrx_word' id='word_1_203' title='bbox 529 2624 715 2675; x_wconf 87' lang='lat' dir='ltr'><strong>quoniam</strong></span> <span class='ocrx_word' id='word_1_204' title='bbox 740 2622 808 2662; x_wconf 87' lang='lat' dir='ltr'><strong>illa</strong></span> <span class='ocrx_word' id='word_1_205' title='bbox 838 2621 998 2673; x_wconf 91' lang='lat' dir='ltr'><strong>quidem</strong></span> <span class='ocrx_word' id='word_1_206' title='bbox 1019 2634 1111 2661; x_wconf 86' lang='lat' dir='ltr'><strong>vera</strong></span> <span class='ocrx_word' id='word_1_207' title='bbox 1135 2621 1316 2673; x_wconf 83' lang='lat' dir='ltr'><strong>voluptas</strong></span> <span class='ocrx_word' id='word_1_208' title='bbox 1339 2626 1414 2671; x_wconf 84' lang='lat' dir='ltr'><strong>est,</strong></span> <span class='ocrx_word' id='word_1_209' title='bbox 1450 2623 1528 2664; x_wconf 90' lang='lat' dir='ltr'><strong>hae</strong></span> <span class='ocrx_word' id='word_1_210' title='bbox 1546 2638 1616 2664; x_wconf 87' lang='lat' dir='ltr'><strong>au-</strong></span> 
     </span>
     <span class='ocr_line' id='line_1_35' title="bbox 228 2712 1615 2767; baseline -0.001 -12"><span class='ocrx_word' id='word_1_211' title='bbox 228 2720 311 2755; x_wconf 91' lang='lat' dir='ltr'><strong>tem</strong></span> <span class='ocrx_word' id='word_1_212' title='bbox 337 2728 418 2755; x_wconf 92' lang='lat' dir='ltr'><strong>non</strong></span> <span class='ocrx_word' id='word_1_213' title='bbox 448 2727 566 2754; x_wconf 86' lang='lat' dir='ltr'><strong>verae</strong></span> <span class='ocrx_word' id='word_1_214' title='bbox 581 2715 806 2767; x_wconf 77' lang='lat' dir='ltr'><strong>voluptates</strong></span> <span class='ocrx_word' id='word_1_215' title='bbox 837 2715 929 2753; x_wconf 81' lang='lat' dir='ltr'><strong>sunt</strong></span> <span class='ocrx_word' id='word_1_216' title='bbox 963 2712 1340 2767; x_wconf 74' lang='lat' dir='ltr'><strong>[adulterinarum]</strong></span> <span class='ocrx_word' id='word_1_217' title='bbox 1372 2716 1527 2756; x_wconf 88' lang='lat' dir='ltr'><strong>scilicet</strong></span> <span class='ocrx_word' id='word_1_218' title='bbox 1544 2729 1615 2755; x_wconf 90' lang='lat' dir='ltr'><strong>vo-</strong></span> 
     </span>
    </p>
   </div>
   <div class='ocr_carea' id='block_1_11' title="bbox 228 2804 1615 2860">
    <p class='ocr_par' dir='ltr' id='par_1_14' title="bbox 228 2804 1615 2860">
     <span class='ocr_line' id='line_1_36' title="bbox 228 2804 1615 2860; baseline 0 -14"><span class='ocrx_word' id='word_1_219' title='bbox 228 2808 425 2860; x_wconf 87' lang='lat' dir='ltr'><strong>luptatum</strong></span> <span class='ocrx_word' id='word_1_220' title='bbox 456 2805 698 2859; x_wconf 76' lang='lat' dir='ltr'><strong>[Tyrannus</strong></span> <span class='ocrx_word' id='word_1_221' title='bbox 726 2818 921 2859; x_wconf 75' lang='lat' dir='ltr'><strong>suprema</strong></span> <span class='ocrx_word' id='word_1_222' title='bbox 939 2807 1110 2846; x_wconf 75' lang='lat' dir='ltr'><strong>sortitus</strong></span> <span class='ocrx_word' id='word_1_223' title='bbox 1129 2804 1329 2858; x_wconf 80' lang='lat' dir='ltr'><strong>fastigia]</strong></span> <span class='ocrx_word' id='word_1_224' title='bbox 1362 2807 1443 2846; x_wconf 91' lang='lat' dir='ltr'><strong>hoc</strong></span> <span class='ocrx_word' id='word_1_225' title='bbox 1464 2811 1527 2847; x_wconf 90' lang='lat' dir='ltr'><strong>est</strong></span> <span class='ocrx_word' id='word_1_226' title='bbox 1553 2807 1615 2846; x_wconf 90' lang='lat' dir='ltr'><strong>ul-</strong></span> 
     </span>
    </p>
   </div>
  </div>
 </body>
</html>
