1764 3176
527 155 866 200 CIVITAS
906 156 1109 200 LIB.X.
1140 161 1208 196 607
1478 161 1562 202 243

174 270 254 313 τοῦ
277 270 405 325 κοινῇ
424 266 494 312 ἀεὶ
515 268 722 321 δόξαντος
743 265 854 312 εἶναι
874 268 1098 323 βελτίστου
1128 267 1277 323 λόγου.
1302 266 1562 326 Ἀληθέστα-

150 353 240 388 κτα,
264 335 361 392 ἔφη.
415 340 562 387 Ταῦτα
587 337 660 393 δή,
692 336 819 393 ἔφην,
858 333 1202 391 ἀπολελογήσθω
1231 334 1336 393 ἡμῖν
1364 335 1558 396 οἷναμνη-
1586 339 1622 380 Β

171 408 316 448 σθεῖσι
344 404 442 458 περὶ
462 404 689 460 ποιήσεως,
722 403 787 447 ὅτι
819 403 997 454 εἰκότως
1026 401 1113 457 ἄρα
1139 403 1234 447 τότε
1256 404 1395 462 αὐτὴν
1417 406 1464 450 ἐκ
1485 411 1561 463 τῆς

169 471 338 525 πόλεως
363 471 684 529 ἀπεστέλλομεν
713 471 921 528 τοιαύτην
950 465 1112 516 οὖσαν·
1143 471 1166 516 ὁ
1184 471 1270 529 γάρ
1296 472 1430 530 λόγος
1447 474 1562 532 ἡμᾶς

167 655 262 690 nobis
273 657 442 690 rationem
454 656 676 690 reddentibus
694 657 835 689 demon-

167 708 283 736 strata
303 708 412 736 sunto.
449 702 504 736 Cf.
530 703 776 736 Demosthenes
800 703 833 736 in

167 748 321 803 Timocr.
346 750 377 790 ἓ.
395 750 478 783 108:
502 746 686 805 βούλομαι
704 760 833 782 τοινυν

165 789 269 848 ΰμῖν,
297 789 321 827 ἃ
345 791 559 838 νπεσχόμην
585 791 623 828 ἐν
650 791 742 839 αρχῇ
762 794 831 828 τοῦ

168 837 291 887 λόγου,
309 837 608 895 ἀπολογίσασθαι
631 838 832 885 πεποιηκό-

167 898 231 920 τοι
247 883 420 931 ἐμαυτόν.
460 898 560 931 quarn
592 887 770 921 lectionem
810 899 831 922 a

167 933 344 977 Stephano
377 933 412 967 in
446 933 532 968 thes.
558 933 602 967 Τ.
624 933 667 966 ΙΙ.
695 945 728 978 p.
751 935 830 968 647.

166 978 209 1013 D.
230 979 417 1022 praelatam
440 991 481 1012 ex
500 991 565 1012 uno
586 979 702 1012 codice
721 980 830 1014 Paris.

165 1024 286 1059 merito
326 1025 361 1059 in
394 1024 555 1069 vulgatae
596 1022 832 1069 ἀπολογήσα-

167 1072 260 1104 σθαι
289 1071 398 1105 locum
431 1071 609 1105 substituit
641 1072 830 1105 Bekkerus.

167 1116 249 1150 Vel·
274 1118 359 1151 haec
381 1118 508 1151 anobis
522 1119 729 1162 singulatim
748 1129 830 1151 enu-

164 1168 303 1196 merata
311 1169 423 1198 sunto.
451 1163 618 1207 Lexicogz
621 1164 728 1218 aphus
740 1163 830 1196 Bek-

164 1208 239 1244 keri
264 1210 384 1244 anecd
409 1209 545 1254 p430,
569 1211 629 1244 15:
655 1207 829 1264 οἷπολογί-

164 1256 305 1289 σασθαι
328 1254 390 1289 καὶ
409 1221 655 1311 amoko’ytfflfitv
673 1252 716 1289 τό
749 1253 829 1289 ἐπε-

163 1301 310 1344 ξελθεῖν
336 1299 481 1336 ἔκαστοι.
505 1298 767 1345 Ἀριστοφάνης
791 1299 829 1335 ἐν

162 1360 215 1406 τῷ
239 1351 269 1394 θ
292 1356 409 1415 γήρᾳ·
435 1355 503 1401 ἐγώ
531 1355 572 1392 δ’
598 1354 828 1401 οἷπολογίζειν

162 1417 202 1440 τε
228 1405 300 1452 ugiz-
346 1401 409 1438 ἐπ’
435 1401 651 1448 α’νθροῖκων.
685 1405 727 1437 de
760 1416 827 1448 quo

161 1452 240 1487 loco
257 1441 316 1485 cf.
353 1450 551 1486 Dindorfius
587 1454 620 1484 in
650 1450 825 1505 Aristoph.

160 1499 284 1542 fragm.
319 1509 351 1542 p.
382 1499 459 1531 104.
507 1496 577 1530 Sed
606 1497 713 1530 verba
737 1493 828 1530 οἰνα-

161 1545 358 1588 μνησθεῖσι
392 1541 477 1586 περὶ
507 1539 690 1586 ποιήσεως
716 1543 827 1576 obiter

161 1591 276 1635 potius
299 1596 335 1623 et
365 1589 542 1623 occasione
566 1589 700 1628 oblata,
726 1600 826 1632 quam

162 1636 280 1670 dedita
311 1647 417 1679 opera
449 1639 484 1668 et
517 1646 559 1670 ex
593 1635 749 1668 instituto
784 1634 825 1667 il-

161 1682 240 1723 lud,
273 1681 364 1726 quod
386 1681 492 1714 verbo
517 1677 625 1714 οΞπολ.
650 1680 826 1724 significa-

162 1733 234 1762 tum
258 1732 328 1768 est,
358 1731 470 1760 actum
495 1738 516 1760 a
540 1727 684 1760 Socrate
709 1729 825 1760 osten-

161 1775 270 1816 dunt,
302 1773 356 1807 cui
384 1778 508 1806 neutra
529 1772 660 1806 illarum
685 1778 823 1805 senten-

160 1820 289 1856 tia-rum
322 1819 407 1853 satis
442 1818 622 1859 convenit,
659 1822 694 1851 et
734 1830 824 1872 quae

160 1869 367 1920 sequuntur,
411 1860 430 1899 ὁ
472 1862 544 1909 γὰρ
577 1844 685 1907 λόγος
725 1862 823 1907 ημᾶς

159 1907 244 1957 ᾔρει
270 1915 355 1954 αα,
390 1922 456 1944 non
489 1916 560 1944 tam
587 1921 703 1944 eorum
730 1915 820 1953 sunt,

160 1958 219 2003 qui
246 1958 300 1992 ius
330 1968 426 1991 suum
449 1956 609 2001 exsequi,
641 1968 738 2001 quam
763 1957 821 2002 qui

158 2015 324 2038 excusare
365 2014 402 2037 se
445 2004 636 2037 voluerunt.
696 2003 822 2046 Neque

159 2061 240 2084 usus
276 2061 352 2084 esse
385 2049 490 2083 verbo
531 2045 821 2102 ἀπολογίζεσθαι

158 2096 257 2131 Plato
293 2096 446 2137 videtur,
478 2094 543 2129 nisi
587 2096 679 2128 forte
713 2095 820 2139 soph.

159 2153 193 2187 p·
207 2144 286 2178 261
300 2142 344 2177 D.
367 2141 426 2176 ubi
449 2140 669 2175 Heindorfius
696 2142 822 2185 proba-

159 2187 221 2222 bili
243 2199 325 2223 sane
348 2191 384 2221 et
400 2187 556 2220 Bekkero
575 2189 721 2241 probat'a
741 2199 821 2221 con-

159 2232 294 2268 iectura
318 2233 380 2267 ινα
399 2230 658 2287 ἐναργέσπερον
684 2229 821 2267 οἷπολο-

130 2282 133 2285 ’
158 2277 370 2334 γισώμεθα,
401 2276 562 2333 πότερον
597 2276 723 2314 αντῶν
734 2282 819 2334 (sc.

160 2323 290 2382 λόγον
297 2324 361 2359 καὶ
378 2323 504 2379 δόξης)
531 2320 688 2359 ἅπτεται
703 2323 746 2359 τὸ
768 2324 818 2381 μὴ

162 2368 226 2415 ὃν,
267 2368 315 2427 ἢ
324 2368 561 2405 παντάπασιν
597 2368 722 2415 ἀληθῆ
754 2369 822 2414 μέν

161 2414 259 2452 ἐστιν
280 2414 485 2473 ἀμφότερα
509 2418 651 2460 ταῦτα,
676 2418 822 2461 ψεῦὸος

161 2461 202 2500 δὲ
243 2460 426 2498 οὐδέποτε
464 2443 663 2507 οὐδέτερον
701 2464 820 2508 edidit,

159 2509 295 2544 codices
314 2514 428 2544 autem
447 2521 561 2544 omnes
581 2510 702 2554 (etiam
716 2511 820 2554 Lob.)

161 2552 483 2600 ἄπολογησωμεθα
520 2556 697 2598 exhibent,
731 2557 821 2601 quod

160 2601 309 2646 ineptum
345 2607 409 2637 est.
474 2602 603 2636 Contra
646 2600 821 2658 οἷπολργί-

161 2648 294 2690 ζεσθαι
325 2660 346 2682 a
369 2648 612 2682 recentioribus
638 2660 701 2692 pro
725 2645 820 2682 οἷπο-

162 2695 354 2749 λογεῖσθαι
395 2694 464 2728 dici
510 2694 728 2728 consuevisse
758 2707 821 2728 no-

161 2752 238 2774 men
275 2737 524 2783 οἷπολογισμὸς
559 2741 696 2784 arguit,
731 2741 820 2786 quod

160 2786 442 2831 significationem
455 2784 658 2830 οἷπολογίας
669 2792 741 2820 tum
759 2787 821 2820 aii-

160 2832 212 2877 bi,
234 2837 305 2868 tum
330 2833 504 2867 Ciceronis
527 2833 570 2867 ad
580 2833 654 2867 Att.
673 2833 714 2868 L.
726 2833 820 2867 XVI.

891 665 947 700 ep.
981 657 1014 690 7.
1051 654 1175 688 habet:
1231 656 1442 699 Defensione
1477 643 1557 704 eget

890 713 1000 735 mcum
1010 704 1378 744 factum,praesertim
1398 707 1491 747 apud
1513 712 1557 745 te,

891 749 950 792 qui
992 749 1029 781 id
1077 749 1285 782 mirabiliter
1328 751 1558 793 approbasti?

889 794 971 838 Ego
993 806 1072 827 vero
1097 795 1200 828 istum
1227 795 1374 837 (iustum
1394 800 1454 830 est
1467 798 1557 840 apud

889 840 1149 895 Stephanuml.
1176 852 1204 873 c.
1238 852 1272 885 p.
1295 842 1374 877 648.
1395 843 1438 875 A.
1461 844 1557 886 quod

887 885 1034 939 placet.)
1071 883 1412 930 ἀπολογισμὸν
1448 899 1556 923 συν-

889 929 1129 975 τοὶξομαι,
1169 934 1229 966 sed
1265 935 1311 966 ad
1346 946 1461 968 eorum
1489 937 1556 970 ali-

889 990 999 1022 quem,
1026 980 1145 1023 quibus
1162 980 1279 1012 invitis
1295 985 1328 1013 et
1349 981 1556 1014 dissuaden-

889 1025 979 1058 tibus
997 1029 1173 1068 profectus
1195 1037 1280 1059 sum.
1337 1027 1406 1059 Sed
1431 1038 1451 1059 a
1475 1027 1557 1061 Pia-

888 1072 976 1103 tonis
1022 1083 1084 1104 usu
1128 1071 1161 1103 id
1208 1082 1343 1115 quoque
1396 1072 1553 1107 alienum.

889 1116 1007 1169 Quare
1014 1128 1132 1169 ‘quum
1169 1117 1363 1151 differentia
1394 1118 1556 1163 sciiptio-

888 1163 939 1196 nis
968 1162 1093 1207 exigua
1117 1166 1153 1196 et
1185 1163 1219 1196 in
1245 1175 1310 1196 uno
1335 1164 1485 1197 codicum
1512 1166 1555 1198 il-

886 1207 993 1241 lorum
1035 1211 1125 1241 insta
1165 1209 1206 1242 D.
1256 1205 1554 1263 οἷπολογισαμένη

888 1253 977 1287 haud
1011 1254 1114 1287 dubie
1147 1266 1327 1299 perperam
1364 1268 1424 1299 pro
1460 1254 1553 1298 ἄπο-

885 1301 1007 1344 λογησ.
1032 1308 1209 1334 exaratum
1237 1301 1300 1341 sit,
1327 1299 1552 1347 ἀπολελογή-

886 1346 967 1379 σθω
1001 1348 1181 1380 tenendum
1215 1348 1355 1391 putavi,
1390 1349 1431 1381 de
1457 1350 1552 1384 cuius

884 1397 1059 1436 potestate
1086 1395 1223 1436 passiva
1243 1405 1309 1426 non
1331 1395 1553 1429 dubitandum

883 1438 1027 1472 videtur.
1078 1439 1133 1472 Cf.
1163 1439 1234 1472 Vol.
1255 1439 1301 1472 ΙΙ.
1327 1452 1360 1484 p.
1375 1433 1454 1475 239¹.
1492 1442 1554 1475 Fi-

886 1483 952 1516 cini
1001 1484 1239 1539 inteipretatio
1294 1485 1434 1519 libeiior
1478 1493 1551 1521 est·

886 1530 985 1563 Haec
1019 1532 1137 1575 itaque
1169 1532 1206 1564 in
1237 1543 1314 1565 eam
1345 1535 1552 1570 sententiam

885 1577 980 1610 dicta
1008 1579 1077 1611 sint
1109 1578 1222 1617 uobis,
1259 1579 1350 1622 quod
1378 1582 1500 1613 merito
1533 1593 1552 1615 e

882 1624 1024 1656 civitate
1061 1625 1211 1666 poesim,
1247 1636 1337 1668 quae
1373 1628 1457 1659 talis
1491 1627 1549 1670 sit,

882 1671 1084 1723 expulimus.

929 1710 1009 1759 ὅτι]
1054 1711 1117 1749 ὅτε
1152 1716 1239 1750 Lob.
1265 1716 1367 1750 Vind.
1396 1717 1437 1754 F.
1469 1718 1549 1752 Vat.

878 1760 971 1840 {mir-
997 1762 1078 1841 {em
1105 1762 1145 1795 C.
1181 1763 1263 1797 Par.
1286 1763 1330 1797 Κ.
1367 1775 1436 1800 see.
1471 1765 1549 1810 Bip.

924 1850 1023 1896 τότε]
1051 1850 1137 1897 τόγε
1163 1854 1263 1888 Vind.
1289 1854 1329 1888 F.
1355 1857 1397 1890 V.
1417 1855 1460 1890 L.
1479 1856 1548 1892 III.

879 1910 912 1943 p.
938 1900 1014 1934 398.
1041 1900 1084 1932 A.

877 1943 1128 2026 Βῆοιαύτην]
1170 1944 1241 1990 τὴν
1274 1959 1305 1980 τ.
1342 1947 1428 1981 Lob.
1464 1949 1546 1982 Vat.

925 2044 945 2082 ὁ
971 2045 1043 2092 γὰρ
1061 2046 1170 2093 λόγος
1190 2047 1289 2093 ἡμᾶς
1312 2045 1422 2095 qipa]
1449 2052 1547 2085 Haec

877 2094 910 2128 in
935 2095 1015 2128 Bas.
1042 2095 1097 2129 ab.
1122 2100 1157 2128 et
1185 2109 1204 2128 a
1229 2097 1348 2130 Ficino
1375 2098 1547 2131 Glauconi

878 2140 1012 2175 dantur.
1061 2141 1128 2174 Pro
1164 2137 1248 2186 ᾔρει
1288 2143 1322 2176 in
1365 2144 1467 2178 vind.
1500 2145 1545 2177 F.

877 2183 960 2230 ἥρει
983 2187 1146 2245 scriptum
1167 2194 1241 2230 est,
1269 2189 1456 2223 Cornarius
1481 2191 1544 2225 ecl.

877 2244 911 2278 p.
936 2235 1011 2267 102.
1037 2232 1117 2278 ᾔτει
1136 2234 1349 2268 scribendum
1370 2237 1543 2279 censebat,

881 2291 1111 2324 „quamquam
1149 2285 1184 2313 et
1219 2281 1299 2314 illud
1334 2282 1401 2325 legi
1442 2294 1544 2327 posse

880 2326 1076 2359 videatur.“
1126 2326 1215 2359 Eum
1245 2327 1434 2371 respiciens
1463 2329 1546 2362 Ste-

879 2372 1010 2416 phanus
1044 2378 1156 2405 annot.
1192 2384 1226 2416 p.
1254 2374 1310 2407 27.
1368 2374 1464 2427 Atia,
1489 2375 1544 2408 in·

879 2417 971 2471 qqit,
995 2418 1097 2450 lectio
1122 2418 1266 2451 affertur
1291 2430 1353 2464 pro
1377 2400 1477 2475 ᾔρει,
1495 2421 1543 2454 ni-

878 2464 997 2497 mirum
1021 2459 1113 2508 ᾔτει.
1139 2464 1199 2497 sed
1224 2468 1259 2498 et
1279 2466 1360 2499 aiibi
1386 2463 1405 2500 ὁ
1435 2465 1544 2510 λόγος

878 2509 980 2552 αἱρεῖ
1010 2510 1188 2543 invenitur
1246 2511 1285 2544 In
1317 2513 1462 2556 quodam
1487 2519 1543 2547 ta-

877 2567 952 2588 men
976 2555 1075 2588 huius
1097 2556 1288 2600 phiiosophi
1311 2557 1405 2601 loco,
1429 2571 1492 2603 pro
1519 2556 1539 2593 ὁ

878 2599 987 2655 λόγος
1021 2600 1137 2658 αἱρεῖ,
1173 2603 1352 2647 legebatur
1385 2608 1487 2639 antea
1520 2602 1540 2638 ὁ

878 2644 988 2691 λόγος
1021 2645 1105 2690 ἐρεῖ.
1156 2649 1326 2694 [suprap
1370 2650 1449 2686 604.
1484 2651 1541 2695 C.]

878 2694 1075 2734 Quinetiam
1098 2694 1185 2729 libro
1210 2696 1263 2729 De
1285 2696 1352 2741 leg.
1367 2699 1401 2739 2,
1413 2708 1447 2741 p.
1459 2698 1540 2732 663.

876 2739 935 2772 ubi
958 2741 1043 2773 haec
1076 2746 1193 2775 nostra
1223 2742 1325 2776 editio
1333 2743 1459 2797 (sicut
1482 2743 1542 2776 Al-

877 2785 957 2819 dina
982 2790 1017 2819 et
1016 2786 1178 2844 Basii.)
1187 2788 1289 2821 habet
1314 2785 1364 2828 ὥς
1382 2787 1446 2822 καὶ
1472 2789 1542 2822 νῦν

878 2829 973 2866 αὐτὸ
1007 2827 1122 2877 ’ᾕρηχ’
1158 2846 1177 2869 ο
1211 2832 1321 2878 λόγος
1362 2832 1477 2879 ἔχειν,
1507 2835 1541 2870 in

1258 2890 1351 2943 02
