1764 3176
242 106 276 130 11
540 97 544 100 ”
680 87 712 128 P
741 86 780 128 R
808 87 842 128 A
869 86 904 127 E
933 86 965 128 F
994 87 1027 128 A
1058 86 1096 128 T
1125 86 1145 128 I
1174 87 1214 128 O

243 208 281 247 d.
314 205 416 247 XIII.
444 204 559 258 Sept.
584 205 898 248 MDCCCXXX.
929 206 1185 246 defendebat.
1218 201 1279 260 (8.
1316 205 1410 246 min.
1438 205 1512 246 fol.
1545 203 1635 261 24.)

242 299 395 338 Eorum
420 298 595 337 omnium
615 311 696 337 non
716 299 856 350 magis,
889 312 1004 350 quam
1024 299 1277 350 superiorum
1298 297 1503 350 quisquam
1523 298 1637 338 alteri

242 392 400 443 penitus
424 403 613 428 assensus
637 394 712 438 est,
749 391 870 428 immo
895 390 1044 442 plures,
1083 402 1201 440 quam
1222 390 1363 441 capita,
1391 402 1534 429 sensus
1562 404 1635 443 ap-

241 495 436 534 paruere,
470 494 590 532 quum
621 482 805 534 plerique
833 494 884 520 ne
916 481 991 520 sibi
1012 481 1112 533 ipsis
1138 481 1297 532 quidem
1316 494 1391 533 per
1414 482 1544 520 omnia
1568 494 1637 521 sa-

241 574 504 617 tisfecissent.
576 573 620 612 In
654 574 795 625 quibus
827 586 902 614 nos
923 586 1084 625 quoque
1115 576 1154 611 et
1182 576 1298 630 antea
1318 572 1448 611 fuisse
1466 573 1636 612 confite-

243 677 332 704 mur
362 660 403 703 et
431 678 536 703 nunc
573 665 691 703 etiam
726 666 766 703 in
792 665 979 704 extremis
1010 662 1190 703 nonnihil
1219 664 1536 712 haesitabamus,
1566 664 1640 705 sed

242 757 412 808 propius
445 770 467 794 a
498 769 615 804 vero,
663 770 779 807 quam
808 759 944 804 antea,
991 756 1136 795 abesse
1179 756 1295 795 nobis
1325 757 1421 805 visi,
1472 757 1640 795 aliorum

242 861 338 887 vero
371 860 529 886 errores
563 852 803 899 perspectos
841 827 991 886 habere
1025 849 1314 896 existimantes,
1352 849 1469 886 simul
1498 848 1641 889 lectori

245 941 376 980 omnia
417 939 697 978 considerandi
739 943 779 978 et
821 940 1059 979 diiudicandi
1086 944 1330 991 potestatem
1368 939 1514 979 facturi
1555 939 1639 991 pri-

243 1045 352 1072 mum
376 1031 734 1070 commentationes
767 1035 948 1080 nostras,
983 1032 1075 1083 quia
1102 1032 1263 1071 venales
1295 1044 1387 1072 esse
1423 1030 1641 1079 desierunt,

243 1128 454 1177 repetere,
492 1123 637 1162 deinde
678 1123 947 1162 recentiorum
977 1123 1122 1175 placita
1154 1124 1328 1164 breviter
1358 1135 1564 1175 exponere
1600 1124 1642 1161 et

244 1218 481 1264 examinare,
518 1214 690 1265 denique
722 1227 822 1263 eam,
854 1216 894 1254 in
917 1229 993 1267 qua
1024 1216 1306 1267 acquievimus,
1340 1215 1640 1268 interpretatio-

244 1321 338 1349 nem
359 1307 549 1348 exhibere
573 1306 795 1347 statuimus,

288 1401 290 1403 .
308 1379 323 1402 -Ά

497 1512 1086 1555 COMMENTATIO
1134 1512 1390 1555 PRIOR.

359 1621 412 1657 De
431 1631 573 1654 numero
593 1620 750 1654 Platonis
779 1622 968 1664 scripturus
995 1632 1064 1654 non
1090 1632 1235 1667 vereor,
1262 1632 1307 1655 ne
1328 1620 1547 1664 arrogantiae
1573 1619 1642 1653 cri-

247 1689 326 1713 men
344 1678 498 1718 subeam,
518 1677 608 1720 quod
631 1682 761 1710 tantam
788 1688 860 1711 rem
881 1678 1076 1720 aggrediar,
1097 1688 1184 1720 quae
1200 1677 1435 1720 magnitudine
1455 1687 1516 1710 sua
1536 1677 1641 1710 etiam

248 1736 281 1769 in
313 1735 530 1777 proverbium
561 1734 703 1775 abierit,
750 1738 787 1767 ut
827 1734 1013 1776 antiquitus
1044 1735 1099 1776 qui
1136 1735 1413 1768 obscurissimum
1446 1734 1643 1776 significare

249 1793 396 1832 vellent,
427 1801 568 1824 numero
587 1790 743 1823 Platonis
771 1791 949 1823 obscurius
974 1801 1049 1823 esse
1070 1790 1248 1831 dicerent,
1280 1790 1566 1833 quemadmodum
1583 1790 1644 1823 Ci-

251 1859 331 1882 cero
355 1849 388 1881 in
415 1847 561 1890 quadam
599 1846 642 1880 ad
663 1845 815 1880 Atticum
844 1848 990 1890 epistola
1014 1847 1172 1889 loquitur.
1233 1846 1321 1880 Nam
1344 1846 1490 1880 Graecis
1507 1846 1644 1889 quidem

249 1910 382 1940 tantum
413 1906 511 1938 abest
544 1909 582 1937 ut
604 1904 802 1937 inaccessus
825 1903 946 1945 fuerit,
975 1908 1014 1936 ut
1040 1915 1083 1937 ne
1106 1904 1276 1937 difficilem
1297 1903 1433 1946 quidem
1458 1902 1643 1939 admodum

250 1967 310 1996 aut
330 1963 512 1995 obscurum
533 1960 690 1993 habuisse
713 1961 910 2002 videantur,
941 1971 1042 2003 quum
1062 1961 1231 1993 neminem
1253 1971 1391 2004 eorum,
1421 1960 1476 2002 qui
1495 1960 1642 1993 mentio-

249 2029 327 2054 nem
348 2019 420 2052 eius
435 2018 578 2058 faciunt,
609 2028 650 2051 ea
673 2017 715 2050 de
736 2028 772 2051 re
793 2018 976 2060 conqueri,
1004 2018 1187 2060 plerosque
1207 2022 1322 2050 autem
1339 2021 1377 2050 ut
1402 2017 1445 2050 de
1465 2021 1642 2060 comperto

252 2077 500 2118 exploratoque
526 2075 619 2117 loqui
646 2075 831 2108 videamus.
890 2075 983 2107 Inter
1014 2074 1190 2107 Romanos
1217 2085 1297 2107 vero
1323 2074 1526 2109 Ciceronem
1556 2083 1641 2106 con-

251 2136 321 2166 stat
344 2133 491 2175 primum?
505 2131 659 2164 Platonis
679 2132 806 2174 scripta
825 2136 858 2164 et
878 2131 1004 2174 placita
1022 2131 1227 2175 divulgasse,
1256 2131 1309 2164 cui
1335 2131 1517 2164 obscurum
1538 2129 1642 2163 tuisse

252 2200 322 2223 non
358 2194 409 2222 est
440 2190 584 2229 mirum,
613 2198 716 2231 quum
750 2189 856 2221 multa
882 2188 1037 2221 Platonis
1066 2189 1155 2221 male
1175 2188 1400 2230 intelligeret,
1432 2197 1520 2230 quae
1537 2185 1643 2220 hodie

253 2251 348 2279 recte
378 2246 550 2288 explicata
579 2243 752 2278 habemus.
812 2245 922 2278 Huius
949 2249 1063 2277 tamen
1084 2245 1144 2277 viri
1172 2245 1358 2277 auctoritas
1372 2249 1471 2277 tanta
1490 2243 1573 2285 fuit,
1603 2246 1642 2276 ut

254 2303 392 2335 verbum
418 2302 522 2342 illud,
552 2301 642 2343 quod
671 2302 1031 2342 commemoravimus,
1061 2301 1104 2334 ad
1125 2300 1249 2334 famam
1272 2301 1492 2334 obscuritatis
1510 2298 1642 2334 numeri

255 2359 435 2403 plurimum
468 2360 518 2390 vel
548 2359 660 2401 potius
689 2358 769 2392 nihil
789 2370 857 2392 non
881 2359 1063 2392 contulisse
1084 2358 1249 2392 videatur.
1307 2357 1382 2391 Nec
1396 2357 1505 2399 magis
1525 2355 1642 2390 Procli

257 2408 323 2448 box
345 2416 378 2448 in
394 2416 652 2448 Commentariis
673 2427 775 2459 super
790 2416 904 2460 primo
924 2416 1080 2449 Euclidz's
1099 2414 1202 2458 (libro
1219 2415 1341 2459 primo,
1360 2425 1438 2457 pag.
1454 2412 1486 2447 7.
1502 2413 1554 2447 ed.
1566 2414 1642 2447 Ba-

257 2472 334 2513 sil.)
366 2471 409 2504 ad
434 2482 610 2505 numerum
630 2472 842 2506 Platonicum
872 2473 1109 2515 explicandum
1134 2473 1290 2506 universa
1309 2481 1394 2514 opus
1415 2481 1491 2504 esse
1507 2467 1643 2504 mathe-

257 2528 385 2561 matica
421 2529 671 2570 pronuntiantis
702 2529 897 2563 deterrebat
930 2540 997 2563 non
1017 2530 1077 2562 tali
1100 2533 1262 2571 tantaque
1281 2528 1492 2571 supellectile
1514 2527 1642 2563 instru-

258 2589 364 2629 ctum,
383 2595 486 2626 quum
506 2584 605 2618 facile
619 2591 801 2628 appareret
816 2597 884 2619 non
903 2586 1079 2620 universae
1100 2596 1174 2618 eam
1187 2584 1451 2618 mathematicae
1464 2583 1643 2617 scientiam

258 2641 452 2684 requirere,
481 2641 541 2674 sed
570 2652 612 2674 ex
638 2643 792 2676 omnibus
817 2642 1011 2677 matheseos
1039 2642 1223 2685 disciplinis
1251 2641 1377 2684 aliquid
1399 2639 1641 2674 conferendum

261 2707 404 2730 censere
422 2697 465 2730 ad
484 2698 726 2731 declarandam
746 2699 902 2733 Platonis
922 2701 1136 2734 sententiam.
1177 2698 1374 2732 Accedebat
1389 2697 1478 2740 quod
1499 2695 1642 2729 difficul-

258 2754 387 2788 tatibus
413 2755 472 2796 iis,
504 2765 591 2797 quae
613 2756 648 2789 in
679 2756 782 2790 rebus
805 2757 976 2799 inessent,
1007 2756 1174 2791 industria
1190 2755 1336 2790 virorum
1353 2755 1495 2788 duorum
1510 2750 1645 2787 mathe-
