1764 3176
252 141 297 167 vi
684 124 1214 168 PRAEFATIO

251 253 341 286 quae
366 251 453 286 opus
477 245 595 284 erunt,
626 251 862 286 excerpemus.
919 241 1111 285 Postquam
1142 241 1249 285 igitur
1281 241 1461 276 verborum
1490 254 1510 277 a
1538 242 1648 277 Musis

251 300 546 343 pronuntiaturum
577 303 710 342 partem
741 300 903 342 primam,
935 299 1031 332 cuius
1060 309 1122 332 nos
1152 309 1257 342 supra
1281 300 1488 333 sententiam
1514 303 1647 334 tantum

251 356 473 396 reddidimus,
502 356 613 390 verbis
631 356 776 389 Graecis
797 355 942 396 omissis,
970 355 1131 397 quoniam
1153 366 1192 388 ea
1213 356 1246 388 in
1266 354 1532 398 disputationem
1555 367 1647 390 nunc

250 414 406 446 nolumus
435 422 580 453 vocare,
620 412 743 445 deinde
765 412 823 445 illa
849 412 892 446 de
915 421 1057 445 numero
1088 411 1262 454 perfecto,
1290 421 1311 444 a
1343 412 1465 454 quibus
1494 416 1528 446 et
1563 414 1647 457 ipsis

250 468 491 502 abstinendum
513 468 610 501 nobis
628 469 841 511 putavimus,
871 472 909 501 ut
927 468 1049 511 potuit,
1079 468 1270 510 explicavit,
1301 466 1367 501 hoc
1388 468 1490 502 modo
1514 470 1647 512 pergit:

365 525 584 566 „Humanae
612 537 692 560 vero
721 526 908 570 geniturae
935 525 965 558 is
993 524 1112 568 utique
1130 524 1167 557 in
1187 535 1253 569 quo
1275 524 1391 568 primo
1411 526 1648 570 augumenta-

252 581 363 615 tiones
383 586 594 625 superantem,
626 586 658 615 et
676 587 859 625 superatae
878 586 948 615 tres
972 581 1183 624 distantias,
1198 585 1304 625 atque
1320 586 1470 626 quatuor
1485 583 1648 617 terminos

253 640 328 671 cum
345 638 538 683 acceperint
552 639 790 680 similantium,
814 643 846 672 et
858 638 1152 678 dissimilantium,
1174 642 1207 671 et
1226 638 1460 678 crescentium,
1480 643 1512 672 et
1534 640 1652 673 decre-

252 695 429 736 scentiam,
446 700 567 728 cuncta
585 695 903 738 correspondentia‚
921 699 954 728 et
966 694 1123 738 effabilia
1136 693 1281 727 invicem
1299 695 1520 739 effecerunt.“
1549 696 1588 729 In
1600 695 1651 729 his

251 752 363 785 verbis
382 751 529 794 quinque
551 753 741 794 particulae
758 751 857 785 nobis
878 750 1108 785 declarandae
1124 754 1214 784 sunt.
1258 750 1376 784 Prima
1395 756 1653 796 „augumenta-

250 808 360 842 tiones
377 812 591 852 superantes,
623 813 656 842 et
678 813 862 852 superatae
872 808 895 825 “
925 807 1087 840 Secunda
1108 811 1209 850 „tres
1229 807 1424 850 distantiam,
1455 814 1488 843 et
1505 814 1653 854 quatuor

251 865 450 899 terminos“
489 865 613 898 Tertia
649 865 929 909 „similantium
961 869 994 898 et
1029 864 1342 898 ἀίεείιηίῑαηἰὶιιίηις
1373 867 1507 901 Quarta
1544 876 1653 907 „cre-

253 921 437 960 scentium,
468 926 500 954 et
520 922 783 956 decrescentium
793 921 815 939 “
854 921 985 957 Quinta
1006 921 1368 965 „correspondentia,
1397 927 1429 957 et
1453 922 1653 966 effabilia.“

250 976 583 1020 Augumentationes
614 979 731 1021 itaque
753 982 956 1021 superantes
986 977 1076 1020 apud
1093 977 1274 1011 Platonem
1293 983 1373 1011 sunt
1392 978 1562 1012 Rationes
1579 989 1654 1012 ma-

251 1035 333 1068 ioris
364 1034 638 1078 inaequalitatis,
668 1035 828 1068 videlicet
861 1034 1087 1077 Multiplices,
1128 1035 1491 1077 superparticulares,
1521 1035 1655 1078 Super-

250 1092 461 1135 partientes,
496 1091 705 1135 Multiplices
726 1092 1078 1135 superparticulares,
1108 1095 1143 1124 et
1162 1091 1370 1134 Multiplices
1395 1093 1654 1135 superpartien-

252 1152 315 1181 tes.
374 1147 708 1191 Augumentationes
739 1149 821 1182 vero
851 1151 1036 1191 superatae
1068 1152 1148 1181 sunt
1177 1148 1268 1191 apud
1301 1159 1377 1181 eum
1400 1148 1569 1182 Rationes
1588 1149 1655 1182 mi-

251 1205 345 1239 noris
360 1204 627 1248 inaequalitatis,
658 1209 780 1248 utputa
798 1205 1089 1248 Submultiplices,
1115 1205 1532 1248 Subsuperparticulares,
1562 1205 1654 1238 Sub-

252 1262 572 1305 superpartientes,
602 1272 760 1305 quaeque
800 1271 843 1295 ex
877 1262 928 1295 his
956 1261 1064 1294 tribus
1093 1265 1363 1304 componuntur:
1404 1272 1489 1304 quas
1516 1262 1654 1305 quidem

252 1329 371 1352 omnes
390 1319 558 1352 Rationes
586 1319 619 1351 in
648 1318 880 1362 superioribus
900 1318 1160 1353 declaravimuS.
1221 1318 1412 1352 Distantias
1436 1318 1573 1361 quidem
1591 1330 1656 1362 ap-

251 1375 357 1418 pellat
379 1375 481 1408 Plato
509 1376 681 1409 rationum
710 1375 908 1418 intervalla3
940 1375 1105 1408 terminos
1132 1378 1270 1417 autem,
1303 1375 1532 1418 quantitates,
1564 1376 1656 1409 inter

251 1441 337 1476 quas
358 1431 535 1466 intervalla
552 1432 628 1476 ipsa
649 1431 788 1468 cadunt.
846 1432 893 1466 Et
915 1436 968 1465 est
993 1431 1228 1465 adnotandum
1252 1432 1343 1474 quod
1363 1432 1549 1465 distantiae
1563 1443 1656 1466 sem-

253 1498 314 1531 per
345 1488 366 1521 a
390 1489 544 1522 terminis
572 1489 705 1522 unitate
729 1492 946 1532 superantur.
979 1499 1103 1532 nempe
1129 1489 1157 1522 si
1188 1489 1324 1522 termini
1347 1492 1494 1531 quatuor
1515 1488 1655 1534 suerint,

252 1545 437 1578 distantiae
454 1550 526 1579 tres
549 1550 667 1579 erunt:
699 1545 791 1588 quod
822 1545 850 1579 si
877 1545 1012 1579 termini
1033 1549 1124 1587 tres,
1162 1545 1347 1578 distantiae
1366 1545 1476 1580 duae:
1506 1545 1535 1578 si
1556 1546 1657 1579 deni-

252 1612 318 1644 que
340 1601 407 1634 duo
424 1602 584 1644 termini,
615 1603 716 1635 unica
739 1603 829 1635 inter
850 1612 910 1635 eos
932 1602 997 1635 erit
1013 1601 1197 1646 distantia,
1225 1602 1405 1646 pauciores
1427 1605 1545 1635 autem
1567 1603 1656 1636 duo-

252 1658 317 1691 bus
339 1659 491 1692 terminis
520 1669 596 1692 esse
625 1669 696 1692 nou
727 1662 893 1701 possunt,
924 1658 1198 1701 quandoquidem
1230 1658 1286 1701 (ut
1310 1659 1344 1691 in
1369 1658 1656 1702 praecedentibus

253 1714 418 1757 diximus)
449 1715 555 1749 Ratio
580 1719 632 1748 est
660 1715 804 1748 duarum
825 1715 977 1748 eiusdem
1002 1715 1138 1757 generis
1158 1716 1388 1757 quantitatum
1409 1720 1526 1749 mutua
1550 1727 1657 1759 quae-

254 1771 333 1805 dam
356 1770 533 1805 habitudo.
590 1771 693 1808 Quod
715 1771 795 1804 vero
819 1771 862 1804 de
883 1772 1055 1812 terminis,
1087 1775 1191 1813 atque
1209 1772 1380 1805 distantiis
1398 1772 1557 1814 diximus,
1586 1773 1657 1806 tale

254 1828 390 1871 quidem
411 1832 476 1861 est.
499 1828 567 1861 sint
586 1828 732 1871 exempli
751 1828 863 1870 gratia
889 1828 1025 1861 termini
1046 1832 1195 1870 quatuor
1226 1828 1388 1861 continue
1412 1830 1657 1871 proportiona-

253 1885 325 1925 les,
357 1888 396 1918 ut
424 1885 546 1927 viginti
571 1889 727 1928 septem,
750 1884 870 1918 decem
894 1889 928 1918 et
946 1888 1050 1926 octo,
1079 1884 1281 1926 duodecim,
1313 1888 1415 1929 octo,
1444 1885 1535 1918 inter
1551 1885 1657 1920 hosce

253 1942 359 1984 igitur
390 1946 538 1984 quatuor
579 1942 745 1975 terminos
781 1945 852 1974 tres
898 1941 1025 1974 cadunt
1065 1941 1341 1984 Sesquialterae,
1389 1945 1529 1984 tresque
1565 1943 1657 1975 Sub-

255 1999 501 2040 sesquialterae
523 1998 718 2040 distantiae,
749 1997 778 2031 si
801 2002 960 2040 tanquam
981 2002 1198 2041 superanteS,
1230 2002 1265 2031 et
1287 2001 1450 2040 tanquam
1472 2002 1658 2042 superatae

255 2055 537 2097 considerantur,
567 2065 635 2088 una
653 2055 789 2097 quidem
810 2055 830 2088 a
855 2055 974 2097 viginti
998 2059 1130 2098 septem
1151 2054 1195 2087 ad
1216 2055 1337 2088 decem
1360 2058 1395 2087 et
1415 2058 1516 2100 octo,
1548 2057 1658 2089 altera

255 2115 369 2145 autem
390 2112 409 2144 a
430 2112 549 2145 decem
573 2116 608 2145 et
627 2116 707 2145 octo
725 2112 770 2144 ad
790 2111 994 2157 duodecim,
1024 2112 1126 2145 tertia
1148 2122 1230 2145 vero
1248 2111 1267 2144 ἐι
1286 2111 1466 2145 duodecim
1488 2111 1532 2146 ad
1561 2117 1656 2154 octo,

255 2178 374 2201 omnes
395 2169 510 2211 utiquc
522 2169 793 2212 Sesquialterae:
824 2169 978 2201 similiter
997 2179 1064 2201 una
1085 2168 1221 2211 quidem
1241 2168 1284 2201 ab
1301 2172 1381 2201 octo
1400 2168 1444 2201 ad
1462 2168 1657 2212 duodecim,

255 2226 366 2258 altera
391 2230 505 2258 autem
531 2226 550 2259 a
581 2225 762 2259 duodecim
788 2225 832 2258 ad
852 2225 970 2258 decem
1001 2229 1037 2258 et
1064 2230 1167 2266 octo,
1201 2225 1304 2259 tertia
1335 2225 1416 2258 vero
1439 2225 1458 2257 a
1480 2226 1600 2260 decem
1623 2230 1658 2260 et

256 2286 337 2316 octo
355 2282 398 2315 ad
414 2282 532 2325 viginti
550 2286 678 2325 septem
698 2293 817 2315 omnes
835 2282 938 2325 porro
962 2282 1293 2324 Subsesquialterae.
1352 2282 1540 2316 Praeterea
1562 2283 1658 2316 simi-

255 2339 389 2382 lantes,
421 2343 456 2372 et
472 2338 713 2372 dissimilantes
733 2339 834 2372 Plato
854 2343 955 2372 vocat
980 2350 1040 2372 eos
1066 2349 1246 2382 numeros,
1277 2338 1332 2381 qui
1358 2339 1401 2371 ab
1424 2338 1658 2373 Arithmeticis

256 2394 416 2436 Similes,
447 2400 482 2428 et
500 2395 680 2429 dissimiles
709 2397 944 2439 appellantur:
978 2401 1172 2429 crescentes
1211 2399 1325 2429 autem
1346 2406 1388 2428 ac
1416 2395 1658 2430 decrescentes

257 2462 340 2495 θοε,
371 2462 456 2494 quos
485 2452 532 2485 illi
563 2450 1114 2493 Abu11dantes‚<etDiminutos,
1145 2462 1205 2486 seu
1235 2452 1598 2495 Plusquamperfectos
1622 2457 1657 2486 et

254 2508 481 2551 Imperfectos
508 2513 728 2552 nuncupant3
762 2508 866 2542 hasce
908 2513 1022 2542 autem
1055 2519 1174 2542 omnes
1203 2519 1421 2542 numerorum
1453 2511 1586 2552 species
1621 2509 1656 2543 in

255 2566 486 2608 superioribus
514 2565 775 2601 declaravimus,
835 2565 1148 2609 Correspondentia
1171 2566 1336 2606 invicem,
1368 2570 1404 2598 et
1425 2567 1574 2599 effabilia
1595 2576 1657 2600 vo·-

256 2626 313 2655 cat
334 2622 436 2655 Plato
460 2622 645 2663 terminos,
677 2623 734 2665 qui
770 2622 833 2655 sibi
862 2623 1002 2656 invicem
1029 2623 1181 2656 Ratione
1209 2622 1507 2666 correspondent,
1531 2623 1657 2666 quique

256 2679 426 2719 numeris,
465 2679 516 2711 vel
544 2679 709 2722 integris,
739 2680 791 2712 vel
824 2679 942 2712 fractis
982 2683 1126 2722 possunt
1161 2679 1324 2722 exprimi,
1360 2680 1549 2719 cuiusmodi
1576 2681 1657 2712 sunt

256 2740 402 2777 quatuor
422 2735 582 2777 termini,
615 2746 700 2777 quos
731 2737 831 2778 paulo
855 2740 936 2769 ante
955 2736 1114 2769 continue
1131 2736 1404 2779 proportionales
1423 2737 1456 2770 in
1478 2736 1656 2778 Sesquial-

257 2793 362 2833 teris,
403 2796 437 2826 et
466 2792 774 2835 Subsesquialteris
807 2792 1121 2827 Rationibus-esse
1147 2793 1305 2827 diximus.
1347 2793 1392 2826 illi
1420 2803 1556 2837 nanque
1584 2800 1655 2826 tum
