1764 3176
329 121 413 160 300

782 116 1257 159 PLATONIS

329 228 474 280 ὥσπερ
512 226 690 282 ἔλαχον,
736 225 783 269 ἐν
823 225 938 279 τάξει
975 226 1206 282 προσιέναι
1241 230 1350 284 πρὸς
1386 229 1467 286 τήν
1496 227 1705 284 Λάχεσιν·

327 297 496 351 ἐκείνην
534 292 577 337 δ’

619 294 783 354 ἑκάστῳ
823 294 876 339 ὃν
917 298 1050 339 εἵλετο
1091 298 1304 351 δαίμονα,
1334 302 1495 341 τοῦτον
1528 295 1704 352 φύλακα

325 363 590 419 ξυμπέμπειν
620 366 704 405 τοῦ
734 364 834 417 βίου
864 364 936 406 καὶ
967 363 1290 422 ἀποπληρωτὴν
1306 370 1394 409 τῶν
1424 365 1703 420 αἱρεθέντων.

323 431 377 476 ὃν
406 434 583 486 πρῶτον
612 430 691 486 μὲν
720 429 840 486 ἄγειν
872 431 1010 488 αὐτὴν
1030 432 1141 487 πρὸς
1171 433 1250 489 τὴν
1283 433 1471 485 Κλωθώ,
1502 432 1588 477 ὑπὸ
1621 430 1703 487 τήν

321 499 487 555 ἐκείνης
528 496 648 554 χεῖρά
679 514 723 541 τε
761 499 834 541 καὶ
865 499 1132 558 ἐπιστροφὴν
1167 505 1243 558 τῆς
1281 506 1361 545 τοῦ
1392 499 1610 555 ἀτράκτου
1642 491 1702 542 δί-

320 585 420 624 νης,
450 571 676 623 κυροῦντα
705 565 761 622 ἣν
790 570 934 623 λαχών
963 571 1095 613 εἵλετο
1128 575 1312 624 μοῖραν·
1344 569 1502 626 ταύτης
1531 567 1571 612 δ’
1598 568 1700 622 ἐφα-

319 635 518 693 ψάμενον
551 631 682 686 αὖθις
723 635 791 678 ἐπὶ
820 636 899 692 τήν
928 641 1003 693 τῆς
1031 635 1240 693 Ἀτρόπου
1269 639 1390 695 ἄγειν
1420 642 1567 695 νῆσιν,
1601 633 1699 692 ἅμε-

362 760 401 797 ἒν
424 761 539 806 τάξει]
568 765 672 811 longo
697 763 816 796 ordine
840 763 915 796 Fic.
940 763 979 796 In

314 809 403 843 Lob.
440 822 505 842 non
539 813 638 851 ante,
680 809 740 842 sed
774 814 852 853 post
894 810 979 843 haec

313 855 454 889 incisum
479 861 542 888 est.

360 899 579 956 προσιέναι]
644 902 817 943 προεῖναι
872 901 977 934 Clem.

315 945 486 1001 προιέναι
513 947 652 980 Eusebii
678 947 750 980 cod.
775 947 868 980 Ioan.

360 990 467 1049 πρὸς]
493 993 544 1031 εἰς
571 993 698 1025 Euseb.

359 1038 430 1083 τήν
454 1037 625 1082 Λάχεσιν]
652 1038 805 1071 Plotinus
830 1038 916 1071 Eun.
930 1038 975 1071 ΙΙ.

312 1084 400 1120 L..3
425 1097 454 1120 c
476 1088 527 1120 15.
552 1097 586 1128 p.
606 1085 740 1119 145.:D
769 1081 788 1117 6
818 1081 976 1117 δὲΠλοὲ-

312 1143 388 1164 των
429 1129 500 1174 πρὸ
544 1131 609 1186 τῆς
653 1131 863 1173 περιφορᾶς
906 1131 974 1164 τοῦ

313 1174 499 1220 ἄτρακτον
513 1175 610 1215 δους
630 1175 786 1219 κληρους
804 1189 866 1209 και
885 1188 976 1218 προ-

312 1222 471 1266 αιρέσεις
503 1225 551 1267 (v.
588 1221 819 1266 προαιρέσει)
853 1232 975 1279 συνερ-

308 1267 411 1325 γοΰς
433 1267 589 1311 ὓστερον
624 1269 774 1302 δίδωσιν
810 1280 900 1306 τους
937 1267 975 1302 ἐν

307 1316 360 1361 τῷ
387 1312 556 1371 ἀτράκτῳ
589 1327 639 1354 ως
667 1313 818 1353 πάντως
843 1327 890 1347 τα
917 1314 971 1347 αὶ-

307 1350 468 1405 ρΞθέντοι
504 1360 863 1399 συναποτελοῖιντας·
894 1357 972 1393 ἐπεὶ

305 1407 368 1440 καὶ
394 1406 413 1442 ὁ
442 1408 584 1450 δαίμων
608 1404 783 1462 συνεργὸς
808 1407 859 1445 εις
881 1404 971 1449 πλή-

306 1465 437 1510 ρωσιν
444 1452 580 1488 αὐτῶν.
614 1450 695 1486 ἀλλ’
716 1465 751 1486 οι
772 1453 900 1495 κλῆροι
921 1452 970 1485 τί

305 1512 388 1541 νες,·
414 1496 437 1543 6
472 1501 540 1534 τοῦ
568 1497 709 1538 παντὸς
721 1497 881 1552 Ξχοντος
906 1495 970 1532 06—

303 1558 387 1588 τως,
408 1559 458 1585 ως
481 1545 565 1580 τότε
589 1543 693 1588 εἶχεν,
717 1541 777 1578 ὅτε
799 1544 969 1601 εἰσῄεσαν

304 1592 356 1630 εἰς
391 1591 433 1626 τὸ
472 1593 576 1633 σῶμα
606 1589 801 1646 γενέσθαι,
834 1590 896 1624 καὶ
922 1589 965 1648 16

303 1638 484 1672 εἰσελθεῖν
515 1624 566 1677 εἰς
588 1636 674 1672 τόδε
699 1635 742 1670 τὸ
770 1637 875 1679 σῶμα
905 1636 967 1670 καὶ

302 1685 420 1718 τῶνδε
445 1684 583 1728 γονέων
601 1683 663 1717 καὶ
684 1681 722 1717 ἐν
740 1682 887 1722 τούτοις
907 1681 967 1717 τό-

302 1742 388 1770 ποις
412 1732 594 1774 γίνεσθαι,
619 1729 681 1763 καὶ
700 1725 812 1768 όλως,
840 1742 890 1768 ως
917 1729 967 1762 εἵ-

302 1788 438 1818 πομεν,
463 1776 511 1810 τοὶ
538 1775 630 1818 Ξξως
655 1774 779 1809 πάντα
802 1773 841 1809 δε
871 1772 966 1817 ὁμοῦ

301 1821 481 1866 γενόμενα
503 1822 562 1856 καὶ
584 1820 665 1856 οἷον
686 1821 967 1864 συγκλωσθέντα

302 1870 349 1911 (ν.
360 1868 634 1912 σνγκλωθέντα)
646 1866 707 1901 διὰ
718 1868 783 1911 τῆς
769 1879 880 1909 μιας
890 1880 964 1901 των

301 1913 505 1972 λεγομένων
545 1915 701 1956 ,Μοιρῶν
746 1894 963 1966 δΞδήλωται,

302 1958 362 1995 ἐπί
380 1973 418 1995 τε
437 1959 597 1995 ὲκαστων
618 1959 678 1994 έπί
695 1971 732 1993 τε
754 1960 828 1992 τῶν
854 1956 962 1993 ὅλων.

300 2003 323 2051 6
352 2005 390 2041 δὲ
419 2005 574 2051 Λάχεσις
598 2005 686 2045 τοὺς
710 2004 879 2049 κλήρους,
900 2018 962 2039 και

298 2052 345 2087 τὰ
391 2052 624 2109 συμπεσόντα
672 2050 761 2086 τάδε
812 2050 963 2090 πάντως

299 2098 504 2143 ἀναγκαῖον
522 2099 591 2144 τὴν
602 2096 782 2142 ’Ἄτροπον
801 2097 893 2142 ἐπαγ
897 2110 959 2131 ειν.

298 2146 438 2180 Ploclus
460 2148 581 2180 'IQheol
607 2147 698 2180 Plat.
726 2146 765 2180 L
783 2147 838 2179 VI.
861 2157 889 2178 c.
905 2147 959 2179 6)3

297 2204 331 2237 p.
348 2194 433 2226 408:
456 2190 528 2247 τὴν
551 2191 675 2236 ψυχὴν
703 2204 758 2234 υφ
809 2188 962 2235 ἡγεμόνι

297 2239 349 2282 τῷ
374 2236 524 2281 λαχόντι
545 2239 693 2280 δαίμονι
716 2236 885 2281 κατάγων
909 2238 961 2276 εἰς

298 2283 366 2318 τὸν
382 2283 527 2327 θνητὸν
548 2283 666 2319 τόπον
683 2283 745 2317 καὶ
769 2282 838 2328 τὴν
864 2295 960 2326 γενε

297 2328 470 2385 σιουργόν
493 2332 683 2364 πολιτείαν
703 2326 853 2364 ἄνωθεν
883 2327 957 2364 οἷπὸ

296 2377 363 2410 τοῦ
388 2373 553 2419 ούρανοῦ
578 2376 639 2410 καὶ
668 2377 733 2420 τῆς
754 2373 958 2432 οἷκρότητος

295 2423 365 2456 τοῦ
388 2421 529 2462 παντὸς
550 2423 733 2467 πρωτίστῃ
753 2420 794 2465 μὲ
781 2435 818 2455 ν
839 2421 958 2462 αὐτὰς

296 2481 500 2502 νποταττει
533 2470 576 2513 τῇ
603 2468 702 2512 Λαχέ
705 2480 773 2510 σει,
802 2466 957 2525 δευτέρᾳ

295 2512 334 2548 δε
353 2515 397 2559 τῇ
414 2516 580 2557 Κλωθοῖ,
583 2516 695 2570 τρίτη
715 2512 752 2548 δε
777 2516 820 2569 τῆ
840 2512 956 2571 Ἀτρό-

297 2572 377 2605 πῳ,
409 2560 471 2594 καὶ
501 2558 591 2604 μετιὶ
624 2560 763 2600 ταύτας
788 2551 864 2596 υπὸ
889 2560 956 2596 τόν

296 2607 363 2651 τῆς
390 2592 555 2664 Ἀναγκης
579 2606 724 2649 θρόνον
747 2607 891 2663 τελεας,
892 2621 956 2662 γι-

294 2651 453 2696 νομένας
479 2650 538 2686 ἐπὶ
565 2651 607 2687 τὸ
632 2654 698 2696 τῆς
718 2651 850 2708 Λήθης
877 2650 957 2698 ἄγει

294 2699 424 2734 πεδίον
453 2698 516 2733 καὶ
552 2696 618 2733 τὸν
649 2697 817 2743 Ἀμέλητα
843 2712 958 2735 ποτα-

294 2743 375 2788 μόν.
439 2746 649 2790 Porphyrius
666 2746 755 2789 apud
770 2747 956 2782 stobaeum

295 2792 356 2826 ecl.
381 2791 421 2825 L.
441 2791 486 2826 II.
511 2803 544 2837 p.
562 2793 641 2828 368.
664 2792 779 2826 Heer.
793 2790 863 2836 τὴν
883 2792 954 2838 γὰρ

1036 764 1215 819 Λαχεσιν,
1240 761 1323 809 ἥτις
1347 765 1413 819 τῆς
1432 761 1602 817 ’Amy-,mg
1622 758 1696 795 εστὶ

1034 809 1215 867 θυγάτηρ,
1241 811 1291 857 τῷ
1314 809 1464 854 λαχόντι
1487 822 1549 843 και
1574 806 1694 850 ελομέ-

1034 870 1085 903 νῳ
1102 846 1294 914 (ἐχομένῳ
1328 858 1401 889 cod.
1429 857 1507 889 Vat.
1532 859 1568 887 et
1593 854 1695 896 Aug.)

1032 902 1116 937 τινὰ
1140 903 1222 947 βίον
1244 900 1471 958 συμπέμπειν
1479 897 1637 956 x'qm'komwi
1657 911 1696 932 τε

1033 950 1101 983 τοῦ
1125 949 1211 993 βίον
1229 948 1291 982 καὶ
1314 946 1350 982 ἐκ
1367 944 1509 986 παντὸς
1526 945 1693 988 αποπλη

1034 994 1155 1039 ρωτήν
1174 996 1241 1029 τοῦ
1261 993 1496 1050 αἱρεθέντος·
1519 992 1621 1047 (βίον
1634 991 1696 1024 ad-

1033 1043 1083 1075 dit
1108 1043 1226 1085 Cant.)
1253 1037 1272 1075 6
1301 1038 1339 1075 δε
1367 1037 1596 1095 παραλαβών
1626 1034 1694 1071 αὕ-

1033 1086 1100 1122 τὸν
1123 1086 1185 1121 καὶ
1206 1084 1301 1129 πρὸς
1319 1084 1465 1120 Κλωθώ
1493 1085 1694 1140 (προσκλω-

1032 1132 1102 1167 θεν
1125 1134 1220 1167 addit
1242 1134 1343 1176 Aug.)
1370 1129 1445 1166 υπὸ
1466 1130 1534 1174 τὴν
1557 1128 1694 1173 ἐκείνης

1032 1183 1135 1233 χεῖρα
1171 1192 1233 1213 και
1266 1178 1335 1222 τὴν
1366 1174 1594 1221 ἐπιστροφὴν
1624 1175 1692 1209 τοῦ

1033 1223 1221 1269 ἀτράκτου
1246 1222 1457 1269 (οἷπροῖκτου
1479 1225 1574 1278 Vm)
1603 1233 1691 1264 αγα-

1031 1271 1108 1315 γών
1134 1271 1196 1305 καὶ
1221 1270 1322 1314 μετὼ
1345 1271 1466 1304 ταῦτα
1500 1268 1595 1312 πρὸς
1614 1265 1692 1322 τὴν

1031 1321 1222 1362 Ατροπον,
1251 1316 1318 1361 τὴν
1342 1329 1388 1350 τοι
1414 1312 1691 1349 ἐπικλωσθέντα

1030 1365 1093 1407 (ita
1108 1366 1136 1398 V
1139 1369 1184 1397 at.
1198 1364 1296 1418 vulgo
1317 1361 1417 1396 ε’πικ)
1422 1359 1588 1403 ωθέντα)
1608 1372 1689 1393 ποι-

1030 1410 1148 1443 οὖσαν
1204 1407 1271 1451 οἷμε
1257 1420 1466 1451 τατροπα,
1513 1404 1690 1440 ἐντεῦθεν

1027 1453 1100 1512 ἤδη
1131 1453 1398 1498 αμεταστρεπτὶ
1425 1450 1689 1508 (αμετοίτρεπτι

1027 1515 1068 1559 αι,
1069 1514 1109 1535 ει
1135 1503 1229 1545 vat.)
1254 1499 1329 1534 υπὸ
1351 1499 1418 1534 τὸν
1437 1501 1503 1543 τῆς
1520 1496 1687 1553 Ἀνοέγκης

1026 1530 1106 1592 ἄγει
1131 1549 1216 1592 (om.
1238 1544 1496 1603 νει,)θρο’νον
1527 1543 1687 1588 (τρόπον

1026 1596 1146 1637 Cant)
1168 1592 1229 1627 καὶ
1248 1590 1301 1627 δι’
1322 1590 1463 1626 εκείνου
1484 1591 1686 1632 διεξελθεῖν

1024 1638 1181 1684 ποιήσας
1208 1636 1285 1682 α’μα
1305 1642 1385 1677 τοῖς
1408 1634 1533 1676 ἄλλοις
1549 1634 1687 1679 αποὶγει

1027 1687 1078 1726 εἰς
1098 1685 1141 1720 τὸ
1164 1686 1230 1729 τῆς
1250 1683 1391 1740 Λήθης
1408 1682 1545 1727 (λήθος
1566 1683 1683 1724 Cant.)

1024 1734 1166 1775 πεδίον,
1179 1730 1304 1776 παρὰ
1301 1729 1366 1765 τόν
1382 1727 1550 1785 Ἀμέλητα
1568 1740 1684 1762 ποτα-

1024 1778 1120 1822 μὸν,
1153 1791 1208 1821 αφ
1257 1790 1301 1811 ov
1326 1774 1461 1832 μέτρον
1480 1787 1546 1818 μεν
1569 1772 1683 1829 οἰναγ-

1024 1828 1133 1859 καῖον
1156 1829 1250 1858 εἰναι
1268 1826 1386 1865 πιεῖν,
1409 1834 1497 1862 τους
1515 1819 1554 1855 δε
1576 1818 1682 1855 πιόν-

1021 1884 1088 1911 τας
1110 1869 1261 1904 πάντων
1282 1866 1591 1903 ἐκλανθάνεσθαι.

1069 1916 1209 1960 ἐκείνην
1227 1913 1267 1949 δ’
1278 1917 1288 1960 ]
1317 1913 1434 1959 εκείνη
1463 1912 1501 1948 6
1530 1915 1620 1947 Flor.
1637 1914 1680 1947 T.

1020 1964 1143 2007 κείνην
1165 1960 1204 1995 δὲ
1227 1963 1332 1995 Clem.

1066 2007 1314 2052 ξυμπέμπειν]
1351 2018 1460 2048 συμπ.
1490 2006 1596 2039 Clem.
1628 2004 1681 2038 id-

1019 2068 1086 2109 que
1120 2061 1196 2100 post
1229 2054 1296 2087 τοῦ

1018 2099 1149 2134 πέπειν
1174 2101 1256 2133 Lob.
1289 2099 1505 2143 συμπίπτειν
1538 2098 1678 2132 Stobaei

1019 2148 1093 2180 cod.
1119 2149 1196 2180 Vat.
1222 2153 1256 2180 et
1280 2131 1367 2189 Αυὶςζ.

1064 2192 1126 2227 καὶ
1159 2190 1453 2236 ἀποπληρωτὴν]
1485 2188 1614 2224 κοινὸν
1638 2187 1675 2223 α’

1017 2240 1159 2272 Eusebii
1196 2240 1269 2273 cod.
1305 2240 1395 2271 ioan.
1435 2257 1478 2262 --
1525 2237 1678 2269 Plotinus

1017 2286 1192 2319 Enn.111.
1228 2284 1320 2320 L.4.
1354 2284 1675 2339 cw5mp286A:

1017 2330 1060 2365 τὸ
1081 2328 1119 2365 δε
1143 2327 1417 2385 ἀποπληρωτὴν
1443 2330 1495 2362 ὠν
1513 2340 1567 2368 τις
1588 2327 1674 2361 είλε-

1016 2389 1058 2411 το
1083 2376 1145 2411 καὶ
1166 2374 1259 2411 αὐτὸ
1279 2388 1490 2419 σνμφωνον.

1062 2424 1232 2468 πρῶτον]
1260 2435 1325 2456 τον
1351 2423 1487 2456 evanuit
1518 2421 1551 2455 in
1575 2420 1672 2456 Vind.

1059 2517 1126 2560 τῆς
1154 2515 1245 2560 τοῦ]
1278 2515 1345 2549 τοῦ
1375 2515 1464 2549 idem
1488 2513 1549 2547 int.
1585 2524 1672 2548 vers.

1013 2563 1128 2596 habet.

1059 2610 1210 2652 μοῖραν]
1240 2608 1376 2653 μοίραν
1394 2607 1493 2641 idem.
1520 2625 1564 2630 —
1588 2605 1674 2638 Pro-

1015 2655 1084 2688 clus
1108 2656 1228 2691 ΊὴθοΙ.
1256 2656 1385 2689 Platon.
1418 2652 1671 2707 1.c.p.409:

1014 2697 1036 2744 ἦ
1075 2698 1113 2735 δε
1150 2701 1197 2735 αύ
1232 2699 1378 2735 Κλωθὼ
1419 2697 1465 2732 τὰ
1508 2694 1671 2753 επόμενα

1014 2750 1097 2786 ταῖς
1131 2746 1291 2803 αἱρέσεσι
1322 2747 1397 2781 τῶν
1427 2744 1566 2800 ’ψυχῶν
1592 2740 1668 2776 ἐπι-

1012 2791 1170 2829 κλωθειν
1195 2791 1330 2834 αὐταῖς
1353 2790 1493 2837 λέγεται
1508 2788 1571 2823 καὶ
1591 2790 1668 2824 δια-

1333 2054 1417 2098 βίον
1443 2053 1569 2086 Euseb.
1596 2051 1680 2095 ξυμ·
1713 2058 1747 2098 E
