1764 3176
10 2771 46 2812 B

443 160 781 202 CIVITAS
827 161 949 201 LIB.
974 161 1088 202 VIII.
1111 162 1180 200 544
1466 164 1494 203 5

108 287 256 323 τατος,
293 269 324 326 ἢ
347 268 489 322 ἄλλως
530 271 647 333 ἔχοι.1
676 270 750 314 καὶ
779 269 888 326 ἐμοῦ
925 271 1158 326 ἐρομένου,
1194 272 1315 321 τίνας
1345 271 1488 326 λέγοις

105 338 183 391 τοὶς
209 335 415 391 τέτταρας
446 339 686 389 πολιτείας,
725 337 773 381 ἐν
809 337 950 397 τούτῳ
980 337 1170 395 ὑπέλαβε
1201 337 1486 394 Πολέμαρχός
1512 343 1548 384 Β

105 423 149 451 τε
177 405 250 450 καὶ
275 403 567 462 Ἀδείμαντος,
607 405 681 449 καὶ
718 405 834 449 οὕτω
865 405 919 461 δή
951 406 1006 449 σύ
1039 406 1271 461 ἀναλαβών
1300 405 1378 449 τὸν
1407 405 1488 450 λό-

102 491 185 531 γον
223 475 359 527 δεῦρο
400 472 566 530 ἀφῖξαι.

103 540 248 585 Πάλιν
295 542 472 594 τοίνυν,
532 539 676 595 ὥσπερ
722 541 984 597 παλαιστὴς,

631 471 903 527 Ὀρθότατα,
954 471 1098 524 εἷπον,
1147 473 1486 530 ἐμνημόνευσας.

1031 540 1114 598 τήν
1166 541 1303 599 αὐτὴν
1347 542 1487 599 λαβὴν

99 609 256 667 πάρεχε
296 610 370 653 καὶ
410 609 460 652 τὸ
499 607 607 652 αὐτὸ
647 608 757 663 ἐμοῦ
796 609 1010 665 ἐρομένου
1039 612 1177 662 πειρῶ
1207 610 1343 652 εἰπεῖν
1375 609 1483 666 ἅπερ

97 677 194 724 τότε
242 679 412 734 ἔμελλες
459 676 611 730 λέγειν.

675 675 886 733 Ἐανπερ,
935 673 990 734 ἦν
1026 675 1070 720 δ’
1113 676 1223 732 ἐγώ,
1268 677 1480 734 δύνωμαι.

93 747 187 791 Καὶ
224 746 334 804 μήν,
370 741 398 801 ἧ
428 744 475 789 δ’
506 744 577 798 ὃς,
617 745 817 800 ἐπιθυμῶ
847 745 920 788 καὶ
951 743 1084 796 αὐτὸς
1113 743 1323 798 ἀκοῦσαι,
1360 748 1483 797 τίνας

95 816 236 871 ἔλεγες
264 814 341 866 τὰς
368 812 572 866 τέτταρας
597 817 830 865 πολιτείας.
865 812 930 857 Οὐ
959 815 1177 869 χαλεπῶς,
1208 808 1265 869 ἦν
1295 811 1340 857 δ’
1373 812 1478 868 ἐγώ,
1510 816 1543 858 G

95 881 281 940 οἰκούσῃ.

91 1032 258 1066 iecturam
289 1043 333 1066 ex
365 1031 446 1065 Par.
470 1031 514 1065 K.
539 1032 669 1077 primus
694 1043 755 1066 ex-

91 1078 205 1113 hibuit
231 1079 276 1112 As
278 1079 357 1112 tius.

138 1114 305 1180 ἰδόντες]
332 1121 485 1163 ἰδόντας
515 1124 594 1157 Bas.
628 1124 661 1156 1).

128 1166 479 1224 ὁμολογησάμενοι]
526 1167 754 1213 οἷνομολογη

91 1213 247 1259 σάμενοι
276 1217 361 1251 Lob.
394 1216 496 1249 Vind.
523 1216 564 1249 F.
596 1217 685 1260 Ang.
712 1216 753 1250 B.

91 1263 172 1297 Vat.
193 1263 242 1296 M.
274 1263 370 1297 Flor.
395 1263 436 1295 R

132 1316 328 1363 κάκιστον]
354 1315 550 1352 κάλλιστον
566 1317 645 1350 Par.
671 1317 748 1351 DK.

86 1365 180 1399 Flor.
206 1365 250 1399 T.
281 1365 359 1398 Α1(1.
383 1364 464 1397 Bas.
492 1375 522 1397 a.
557 1364 659 1404 „Pro
683 1361 747 1396 κοί·-

86 1421 210 1445 κιστον
240 1417 353 1444 autem
378 1410 468 1455 quod
502 1410 607 1443 habes
633 1409 748 1443 statim

83 1460 182 1501 post,
225 1467 406 1511 perperam
439 1456 475 1490 in
507 1455 627 1489 iisdem
663 1456 748 1489 scri-

83 1506 178 1547 ptum
203 1506 257 1536 est
279 1501 508 1536 udmtotovf‘
531 1502 652 1546 Steph.
680 1502 701 1534 1.
717 1513 748 1535 c.

83 1549 160 1583 Hoc
183 1561 318 1594 quoque
335 1548 520 1582 cornarius
538 1548 600 1581 ecl.
618 1559 652 1592 p.
668 1549 747 1583 102.

85 1598 120 1628 et
141 1607 223 1629 ve1e
249 1595 499 1628 emendaverat.

130 1649 448 1695 ἐπισκεψαίμεθα]
497 1648 744 1696 ἐπισκεψώμε-

83 1699 140 1732 θα
162 1699 248 1731 Lob.
274 1699 353 1733 Vat.
376 1698 425 1731 Μ.

131 1740 151 1778 ὁ
174 1741 360 1798 κάκιστος]
383 1755 426 1777 ου
451 1755 483 1776 κ.
506 1743 605 1776 Vind
632 1743 675 1776 Ε.

93 1786 384 1846 ἄθλιώτατος,
420 1785 468 1833 ἢ]
506 1785 743 1828 α’θλιιότατος

82 1830 119 1881 ἦ.
144 1837 243 1870 Vind.
263 1836 308 1870 F.

129 1878 273 1940 ἄλλως]
299 1877 417 1920 ἄλλως
437 1881 558 1915 ταῦτα
582 1881 681 1914 Vind.
700 1881 740 1915 B

127 1926 223 1973 εχοι]
255 1939 327 1972 εχει
372 1928 455 1961 Lob.
492 1927 591 1961 Vind.
623 1928 666 1961 E.
693 1933 739 1968 et,

79 1987 156 2020 sup.
189 1986 244 2016 οι,
280 1975 319 2008 Β.
351 1974 448 2007 Mon.
485 1975 526 2008 B.
556 1975 634 2008 vat.
660 1973 738 2007 ΒΜ.

80 2021 165 2055 Ven.
190 2022 232 2055 B.
261 2021 358 2054 Flor.
383 2020 523 2054 ACTV.
547 2020 739 2063 Bekkerus‚

79 2067 195 2101 Astius
227 2066 265 2100 in*
295 2069 374 2100 tert.
398 2072 444 2099 et
472 2065 738 2108 Stal'xbaumius3

79 2125 170 2158 quae
194 2112 276 2146 mihi
300 2112 442 2146 mutatio
461 2123 525 2144 non
549 2112 654 2155 mag‘us
678 2124 736 2145 ne-

79 2159 230 2193 cessaria
252 2158 400 2198 videtur,
425 2169 526 2203 quam
554 2159 596 2191 ab
620 2158 737 2191 iisdem

78 2204 265 2238 editoribus
288 2204 323 2237 in
347 2204 464 2237 eodem
496 2216 620 2248 genere
645 2206 737 2238 facta

78 2250 119 2285 L.
146 2250 223 2284 VII.
248 2263 281 2295 p.
307 2251 385 2284 515.
413 2250 455 2283 D.

123 2304 319 2352 ἐρομένου]
355 2304 541 2351 ἐρωμένου
566 2306 666 2341 Vind.
693 2307 733 2340 F.

123 2361 262 2408 λέγοις]
295 2364 350 2398 Ita
388 2365 468 2397 Par.
496 2366 526 2398 A
571 2364 672 2399 vind.
693 2364 732 2398 F.

78 2414 114 2444 et
145 2413 320 2444 correctus
362 2413 395 2444 in
441 2411 650 2455 diphthongo
692 2411 730 2444 B.

78 2459 165 2491 Ven.
191 2456 230 2490 C.
258 2456 350 2490 Flor.
376 2458 417 2492 V.
453 2455 545 2500 ἔφης
577 2457 668 2490 Mon.
692 2458 733 2491 B.

78 2503 158 2536 Par.
193 2502 269 2537 DK.
301 2502 396 2536 Flor.
426 2503 472 2536 U.
506 2501 621 2546 λέγεις
646 2503 731 2536 Lob.

79 2548 177 2582 Vind.
222 2548 265 2582 E.
305 2549 422 2592 (Flor.
457 2549 626 2592 ACRT.)
658 2549 732 2582 Ald.

78 2595 159 2628 Bas.
191 2594 245 2627 ab.
274 2594 391 2639 Steph.
420 2595 494 2629 Ast.
525 2595 648 2628 Stallb.
682 2607 734 2639 pr.

77 2641 130 2674 De
140 2640 288 2685 quinque
305 2640 443 2686 reliquis
461 2641 630 2675 codicibus
644 2642 736 2675 Bek-

78 2687 181 2719 kerns
205 2690 308 2719 tacet.

124 2728 216 2775 τοὶς]
249 2734 319 2766 οπιΐ
337 2732 437 2769 Vind.
460 2733 501 2768 B.

124 2775 192 2821 δὴ]
219 2776 265 2811 δὺ
289 2779 369 2812 Bas.
393 2780 426 2813 b.

125 2821 168 2858 σὺ
208 2821 439 2870 ἀναλαβών]
465 2823 734 2869 σνναναλαβῶν

341 881 421 925 εἰσὶ
448 880 534 938 γὰρ
565 879 618 933 ἃς
646 882 774 938 λέγω,
808 883 932 937 αἴπερ
963 883 1036 926 καὶ
1067 880 1261 938 ὀνόματα
1291 881 1480 938 ἔχουσιν,

814 1031 898 1065 Lob.
924 1031 1017 1066 Mon.
1044 1032 1085 1066 B.
1111 1032 1188 1066 vat.
1214 1030 1295 1064 ΒΜ.
1322 1031 1407 1065 Ven.
1436 1029 1476 1064 C.

813 1078 996 1167 Pagkfilgb]
1023 1119 1133 1166 δεῦρ’
1159 1121 1474 1156 Lob.v1nd.BEF.

812 1172 898 1213 Ang.
925 1171 964 1202 B.
992 1169 1070 1203 Vat.
1099 1169 1182 1202 HM.

855 1222 1097 1270 Ὀρθότατα]
1135 1221 1340 1269 ὀρθιότατα
1373 1224 1473 1259 Vind.

853 1314 987 1361 εἶπον]
1035 1312 1138 1350 εἶπεν
1183 1315 1270 1351 Lob.
1322 1316 1475 1361 εἴπομεν

807 1364 907 1397 Vind.
940 1364 981 1397 F.

852 1407 996 1464 αὐτὴν]
1028 1405 1157 1442 αὐτῶν
1195 1409 1274 1443 Par.
1302 1409 1344 1443 D.

851 1453 1008 1511 πάρεχε]
1036 1452 1172 1510 παρέχε
1208 1455 1309 1490 Vind.
1334 1455 1377 1489 Ε.

852 1499 967 1558 αὕτὸ]
995 1498 1118 1534 αὐτοῦ
1147 1502 1225 1536 Vat.
1243 1502 1286 1535 H.

851 1545 1057 1603 ε’ρομενου]
1087 1544 1274 1590 ἐρωμένου
1303 1547 1405 1581 Vind.
1429 1548 1470 1582 F.

851 1592 977 1638 λέγειν.
1027 1590 1209 1637 Ἐσὶνπερ]
1270 1590 1407 1637 λέγειν,
1442 1591 1470 1629 ε’.

851 1682 1046 1728 δύνωμαι]
1071 1682 1237 1728 δυ’ναμαι
1264 1683 1366 1719 Vind.
1393 1684 1467 1718 ΒΕ.

802 1732 898 1765 Flor.
926 1732 1000 1764 AC.

848 1776 923 1812 Καὶ
951 1773 1025 1820 μήν
1053 1796 1098 1800 -
1129 1775 1175 1809 Τί
1195 1773 1293 1819 μήν;
1320 1776 1379 1820 Ε.]
1405 1776 1466 1810 ha-

799 1824 859 1856 bet
883 1823 1027 1856 8101)εεί
1053 1822 1180 1856 cod.A.
1206 1834 1248 1855 ex
1267 1833 1333 1866 quo
1359 1823 1465 1856 Gais-

800 1870 928 1903 fordius
956 1870 1000 1902 T.
1026 1866 1082 1903 43.
1112 1880 1145 1902 n.
1178 1869 1253 1902 115.
1288 1880 1328 1900 ea
1367 1868 1465 1901 exhi-

798 1916 881 1949 buit.
932 1915 1061 1949 Eadem
1095 1925 1169 1947 eum
1211 1913 1367 1956 proximis
1402 1914 1465 1948 ἵνα

797 1959 944 2001 πάντας
981 1964 1045 1994 ete.
1094 1960 1273 1993 ‹oniuncta
1315 1965 1350 1992 et
1388 1972 1463 1994 cum

798 2008 915 2052 primis
945 2007 1009 2040 inis
1039 2004 1168 2050 σχεδόν
1192 2018 1263 2050 μιρ
1292 2009 1358 2039 etc.
1383 2019 1463 2040 con—

798 2055 933 2087 tinuata
980 2053 1016 2087 in
1066 2064 1126 2086 suo
1171 2053 1244 2085 cod}
1239 2064 1288 2085 zoe
1333 2051 1463 2087 invenit

796 2101 993 2140 Gesnmus,
1027 2099 1084 2132 sed
1111 2111 1176 2132 non
1202 2098 1366 2132 exhibuit.

841 2155 1038 2200 ἐπιθυμῶ]
1073 2153 1248 2198 ἐπιθυμω
1279 2167 1318 2200 γε
1358 2157 1458 2191 Vind.

795 2204 868 2237 EF.
896 2205 995 2237 Stob.
1374 2240 1375 2243 Ἴ

841 2248 979 2305 ε’λεγες]
1005 2247 1119 2302 λεγεις
1138 2248 1237 2280 Stob.

838 2293 1040 2339 τέτταρας]
1074 2291 1255 2336 τέσσαρας
1279 2293 1376 2337 (Par.
1397 2294 1458 2339 D.)

792 2342 868 2375 Ald.
888 2343 968 2376 Bas.
995 2342 1049 2375 ab.
1075 2340 1196 2384 Steph.
1229 2340 1283 2373 Cf.
1310 2339 1386 2374 Vol.
1409 2335 1456 2373 ῙΙ.

791 2400 825 2434 p.
850 2389 939 2429 245,
965 2389 998 2421 b.

839 2443 1004 2501 ακούσῃ]
1031 2440 1192 2477 ἀκοῦσαι
1219 2443 1305 2487 Ang.
1333 2444 1373 2477 Β.
1399 2440 1451 2477 οἶ·
1485 2448 1517 2488 C

790 2504 858 2535 μαι
880 2489 1042 2525 ἀκοῦσαι
1080 2490 1170 2523 Flor.
1197 2489 1272 2522 RT.
1299 2486 1452 2523 ακούσει

791 2539 893 2574 Vind.
931 2538 970 2570 F.
1008 2542 1065 2576 et,
1099 2547 1174 2579 sup.
1205 2547 1248 2578 η,
1283 2536 1362 2568 Par.
1408 2536 1450 2569 D.

792 2585 926 2624 Astius,
959 2583 1159 2621 Bekkerus,
1195 2581 1453 2616 Stallbaumius.

838 2629 970 2672 αἴπερ]
1000 2627 1046 2661 αἴ
1071 2639 1110 2661 τε
1132 2627 1217 2662 Ven.
1239 2628 1278 2660 B.

836 2675 921 2718 καὶ]
948 2673 1012 2708 καὶ
1040 2672 1086 2707 τὰ
1117 2673 1216 2706 Vind.
1241 2674 1286 2708 Ε.
1313 2674 1452 2707 Ven.B.

792 2723 871 2757 Vat.
891 2722 936 2754 H.
964 2721 1057 2755 Flor.
1091 2719 1196 2754 ACT.

839 2775 1010 2821 ὀνόματα
1059 2775 1228 2820 ἔχουσιν]
1289 2772 1449 2818 ὀνόματ’

792 2821 915 2868 ἔχουσι
931 2825 1029 2858 Stob.
1056 2850 1079 2868 ,‚
1092 2824 1126 2858 11.
1145 2835 1175 2857 e.
1199 2833 1289 2868 quae
1313 2821 1450 2866 quidem
