1764 3176
585 191 619 232 E
648 192 688 233 D
717 192 738 234 I
767 192 804 234 T
835 191 875 236 O
907 192 945 235 R
973 192 993 235 I
1023 192 1066 234 S.
1348 209 1524 235 Lxxxm

131 315 349 367 praestent,
370 311 444 352 sed
460 312 721 352 reficiendum
734 325 827 352 esse
842 316 1010 366 propter
1022 313 1217 366 pluralem
1233 310 1521 358 δυναστευό-

130 409 298 462 μέναι,
334 405 400 456 qui
432 405 599 444 innuere
629 405 809 444 videatur
828 417 1037 444 numerum
1056 405 1302 457 descriptum
1327 405 1418 458 plus
1440 420 1521 446 uno

130 497 358 549 composito
386 498 605 537 continere.
675 495 821 536 Nonne
849 497 1007 536 videbat
1030 499 1212 547 quartum
1239 497 1451 547 factorem,
1482 498 1523 546 8,

131 589 276 628 eodem
287 590 394 636 iure,
417 601 496 639 quo
519 588 557 636 1,
595 588 945 637 adnumerandum,
974 589 1040 640 qui
1066 588 1233 627 alterum
1253 590 1523 641 compositum

130 681 381 733 praestaret‘!
416 681 654 732 praesertim
685 693 805 732 quum
836 681 970 732 paullo
992 684 1087 732 post
1119 680 1406 720 duodenarium
1432 695 1522 720 eum

129 773 300 811 monade
325 773 429 810 inter
456 772 634 811 factores
659 772 892 811 duodenarii
918 773 1115 811 relaturus
1140 776 1262 812 esset.
1332 772 1424 812 Non
1444 775 1520 825 igi-

128 867 193 902 tur
221 864 326 903 hanc
366 863 418 902 ob
450 877 654 912 caussam,
704 877 820 915 quam
851 865 1047 913 ostendit,
1098 865 1340 903 reiiciendus
1370 866 1406 904 ei
1439 869 1522 904 erat

130 957 373 1004 octonarius,
406 955 478 994 sed
503 956 611 1007 quod
631 959 713 995 tres
738 955 956 1004 distantias,
995 956 1131 1007 quales
1156 957 1316 1007 quidem
1336 958 1425 1008 ipse
1447 958 1522 997 sibi

127 1048 323 1096 finxisset,
345 1061 427 1087 non
444 1048 640 1099 praebere
662 1047 874 1088 videretur.
944 1046 1045 1087 Istas
1070 1061 1166 1087 vero
1192 1049 1397 1087 distantias
1422 1063 1519 1089 con-

129 1140 349 1178 siderantes
370 1152 515 1178 novam
533 1140 800 1179 offensionem
820 1140 1005 1191 accipere
1034 1143 1209 1191 oportet.
1277 1139 1521 1180 Persuasum

129 1231 205 1270 sibi
225 1244 318 1270 esse
340 1231 435 1270 dicit
465 1226 731 1270 accusativum
754 1230 879 1288 τρεῖς
901 1222 1191 1278 α’ποστοέσεις
1222 1245 1245 1270 a
1264 1232 1386 1270 verbo
1409 1225 1520 1275 α’πέ-

129 1336 286 1381 φηναν
302 1322 482 1375 pendere
500 1316 631 1375 neque
663 1322 712 1362 ad
730 1317 969 1377 λαβοῦσαι
990 1322 1249 1362 referendum
1272 1337 1376 1371 esse,
1416 1325 1519 1375 quia,

127 1414 163 1453 si
188 1413 302 1453 Plato
328 1414 494 1454 dixisset
515 1428 703 1454 numeros
724 1414 919 1467 quosdam
939 1416 1013 1453 tria
1043 1414 1245 1454 intervalla
1270 1419 1520 1467 quatuorque

125 1508 319 1546 terminos
341 1507 537 1558 accipere,
558 1507 645 1547 sine
667 1507 787 1546 dubio
808 1507 1058 1559 pleonastice
1080 1507 1237 1545 locutus
1258 1512 1381 1547 esset.
1440 1508 1522 1547 Per

126 1611 173 1638 se
192 1599 297 1638 enim
326 1602 466 1651 patere
492 1600 594 1639 intra
631 1603 800 1651 quatuor
825 1599 1018 1637 terminos
1050 1599 1125 1638 tria
1156 1599 1359 1639 intervalla
1388 1602 1517 1639 eonti-

126 1690 237 1738 neri,
272 1690 498 1742 nullamque
516 1691 558 1731 id
578 1693 865 1743 proprietatem
888 1693 1089 1729 certorum
1109 1691 1357 1740 quorundam
1377 1705 1518 1730 nume-

126 1793 263 1820 rorum
296 1783 532 1834 exprimere.
605 1782 770 1821 Talibus
800 1782 1040 1834 argumentis
1074 1794 1156 1821 non
1189 1786 1274 1822 erat
1294 1783 1402 1834 quod
1422 1789 1516 1835 per-

100 1870 286 1933 fsuaderi
306 1874 382 1912 sibi
413 1874 466 1913 de
498 1875 763 1927 pervertenda
790 1874 1090 1913 constructione
1112 1874 1278 1912 naturali
1300 1878 1518 1926 pateretur.
1550 1884 1559 1894 “

125 1963 269 2016 Neque
301 1965 407 2005 enim
435 1966 518 2006 hoc
550 1968 760 2019 proprium
786 1967 945 2006 illorum
976 1978 1230 2005 numerorum
1267 1947 1408 2006 haberi
1436 1967 1521 2006 vult

125 2054 255 2105 Plato,
293 2057 403 2108 quod
419 2059 496 2098 tria
515 2058 717 2098 intervalla
738 2062 779 2098 et
799 2062 969 2110 quatuor
988 2059 1182 2097 terminos
1201 2059 1410 2110 accipiant,
1445 2060 1519 2099 sed

127 2148 236 2200 quod
263 2150 439 2201 acceptis
475 2151 655 2202 utrisque
685 2152 817 2190 omnia
847 2151 1018 2190 effabilia
1052 2154 1093 2189 et
1125 2152 1327 2190 communi
1356 2152 1519 2191 nomine

126 2240 364 2292 appellanda
401 2245 629 2294 praestent3
674 2256 806 2294 neque
851 2243 1086 2294 simpliciter
1117 2243 1310 2281 terminos
1349 2247 1520 2294 quatuor

126 2333 314 2384 accipere
336 2346 408 2372 eos
429 2335 564 2386 ponit,
602 2335 675 2374 sed
695 2325 999 2389 ὁμοιούντων
1021 2337 1098 2374 etc.
1123 2347 1224 2385 quae
1245 2334 1410 2373 indicari
1431 2335 1518 2375 sine

126 2425 289 2464 nomine
311 2417 437 2484 ὅρων
458 2438 540 2466 non
562 2430 760 2479 poterant.
831 2426 969 2478 Itaque
1001 2427 1173 2478 primum
1201 2437 1392 2464 numeros
1410 2426 1516 2476 illos,

126 2516 155 2555 8
175 2519 216 2555 et
237 2514 305 2565 27,
339 2530 420 2557 uno
439 2518 643 2558 intervallo
665 2521 873 2571 separatos
889 2519 965 2558 tria
984 2531 1058 2570 pro
1081 2531 1162 2556 uno
1188 2517 1374 2569 accipere
1391 2517 1516 2566 iubet,

127 2607 286 2657 deinde,
321 2621 374 2648 ne
397 2610 611 2650 obscurum
629 2612 694 2660 sit,
730 2624 809 2664 quo
828 2610 950 2650 modo
970 2610 1052 2649 hoc
1070 2610 1159 2648 fieri
1179 2609 1286 2658 velit,
1321 2611 1516 2649 terminos

126 2700 419 2740 intervallorum
438 2677 696 2743 demonstrat.
762 2698 894 2742 vSimul
911 2700 1115 2741 intervalla
1137 2713 1310 2752 quoque,
1345 2701 1386 2740 id
1408 2701 1517 2753 quod

128 2794 154 2831 a'
170 2805 237 2831 me
253 2791 581 2845 praetermissum
602 2772 995 2835 Schleiermaeherus
1019 2794 1265 2842 observavit,
1301 2773 1520 2845 pariter‘ac'*

126 2885 283 2923 termini
298 2865 520 2944 ῥητοῖὶκαὶ
538 2876 817 2944 προσήγορα
840 2877 959 2944 πρός
972 2880 1150 2944 ἄλληλα
1174 2885 1264 2924 fieri
1287 2886 1515 2937 significan-

1158 2957 1189 2997 F
1212 2961 1240 2999 2
