1764 3176
15 1877 52 1920 B

427 140 760 183 CIVITAS
808 141 929 183 LIB.
952 142 1064 184 VIII.
1095 147 1163 181 568

1392 146 1473 184 101

94 252 204 301 ὅλως
233 250 376 306 σοφὸν
413 253 538 296 δοκεῖ
563 249 676 296 εἶναι
714 252 786 296 καὶ
825 251 849 295 ὁ
881 251 1124 309 Εὐριπίδης
1164 251 1390 306 διαφέρων
1427 252 1474 295 ἐν

94 319 216 376 αὐτῇ.
279 320 333 362 Τί
373 318 450 376 δή;
484 319 582 364 (Ὅτι
621 320 694 363 καὶ
730 323 862 363 τοῦτο
902 324 1071 376 πυκνῆς
1101 322 1300 371 διανοίας
1330 319 1472 376 ἐχόμε-

91 402 172 430 νον
208 385 469 441 ἐφθέγξατο,
512 386 571 438 ὥς
609 387 696 442 ἄρα
735 389 867 444 σοφοὶ
907 387 1121 441 τύραννοί
1155 390 1236 431 εἰσι
1274 391 1362 430 τῶν
1399 398 1468 430 σο-
1497 398 1532 439 Β

91 457 192 510 φῶν
224 456 450 513 συνουσίᾳ.
490 456 564 499 καὶ
595 455 707 509 ἔλεγε
737 454 918 509 δῆλον
901 453 970 498 ότι
999 455 1187 506 τούτους
1227 453 1338 498 εἶναι
1368 454 1473 506 τοὺς

90 521 289 579 σοφούς,
343 519 409 572 οἷς
450 521 634 573 ξύνεστι.

695 523 783 564 Καὶ
827 521 886 573 ὥς
924 521 1103 566 ἰσόθεόν
1147 521 1207 605 71,
1250 523 1363 592 ἔφη,
1393 524 1474 579 τὴν

89 591 334 644 τυραννίδα
371 588 626 646 ἐγκωμιαζει
665 590 739 633 καὶ
777 589 902 646 ἕτερα
931 589 1096 643 πολλὰ,
1133 592 1206 633 καὶ
1238 593 1366 641 οὑτος
1396 592 1471 634 καὶ

89 661 134 703 οἱ
161 658 287 702 α’λλοι
325 659 513 713 ποιηταί.

579 656 836 712 Τοιγάρτοι,
878 658 1014 715 ἔφην,
1059 657 1132 701 ἅτε
1175 659 1310 713 σοφοὶ
1350 658 1472 710 ὄντες

87 729 133 771 οἱ
160 730 238 783 τῆς
266 727 510 784 τραγῳδίας
539 725 713 781 ποιηταὶ
752 726 1159 781 συγγιγνώσκουσιν
1188 724 1295 781 ἡμῖν
1323 741 1367 769 τε
1396 727 1472 770 καὶ

88 795 289 846 ἐκείνοις,
336 792 434 838 ὅσοι
475 792 602 850 ἡμῶν
648 791 775 849 ἐγγύς
820 793 1153 847 πολιτεύονται,
1197 791 1264 836 ὅτι
1309 791 1472 844 αὐτούς

136 964 274 1011 αὐτὸν]
300 964 426 1002 αὐτῶν
449 966 598 1001 Vind.F.
611 966 695 1011 Aug.
708 967 747 1000 B.

133 1023 213 1060 νέοι
236 1025 408 1067 ποὶῖται]
433 1035 464 1057 ν.
491 1023 640 1057 πολῖται
663 1024 750 1057 Lob.

88 1071 526 1106 νὶηᾶ.Ε1ἶ<“.νεοπολῖται
550 1069 676 1113 legisse
699 1070 751 1102 vi-

86 1118 189 1152 detur
223 1117 343 1151 Pollux
373 1116 412 1149 L.
440 1115 501 1148 llI.
536 1126 565 1148 c.
591 1116 654 1148 56:
677 1115 750 1170 δη-

85 1162 295 1219 μοποίητοι.
320 1182 368 1187 -
390 1173 486 1205 ταχα
505 1156 545 1194 δ’
572 1156 618 1194 ὃὶν
643 1172 750 1195 ουτοι

89 1207 332 1263 ὀνομάζοιντο
349 1209 564 1242 νεοπολῐται
580 1204 656 1240 ὑπὸ
680 1207 747 1240 τοῦ

87 1253 300 1294 Πλάτωνος.
326 1253 459 1288 Idem'
443 1271 484 1286 μ.
513 1252 626 1285 vnn.
653 1265 680 1286 c.
694 1256 749 1288 26.

87 1298 108 1336 ὁ
136 1298 174 1335 δὲ
199 1299 288 1340 νέας
313 1298 474 1344 (πόλεως
498 1298 683 1353 πολίτης),
697 1299 749 1331 in-

86 1347 181 1392 quit,
231 1345 451 1389 νεαπολίτης
497 1342 593 1378 κατὰ
647 1342 747 1378 Πλά-

83 1404 196 1427 τωνα.

130 1447 346 1494 φεύγονσις]
369 1445 593 1492 φεύγουσιν·
581 1474 591 1489 ,
610 1447 747 1481 Bekke-

83 1507 153 1530 rus.
178 1497 319 1540 Signum
343 1494 577 1538 interrogandi
600 1505 666 1527 non
689 1495 746 1528 ha-

82 1543 165 1576 bent
188 1543 263 1576 Ald.
284 1542 364 1576 Bas.
390 1542 444 1575 ab.
470 1540 591 1584 Steph.
614 1540 686 1573 Ast.

134 1596 215 1634 Ούκ
230 1596 332 1643 ἐτὸς]
358 1594 486 1632 οὐκέτ’
511 1594 562 1637 αἱς
586 1597 688 1634 Vind.
703 1596 747 1632 F.

86 1645 142 1680 cf.
167 1645 241 1679 Vol.
266 1644 295 1679 I.
320 1656 351 1689 p.
375 1645 456 1679 321.

130 1702 194 1747 τε]
222 1713 287 1736 om.
314 1701 414 1736 Vind.
433 1701 479 1734 Ε.

129 1769 330 1815 τύραννοί]
348 1765 552 1812 τύραννόσι
560 1773 639 1803 ante
657 1779 745 1802 oorr.

85 1817 187 1852 Vind.
215 1817 260 1850 E.

129 1886 207 1921 τῶν
228 1885 381 1929 σοφῶν]
403 1884 459 1918 Ita
482 1884 563 1918 Par.
587 1883 628 1916 A.
658 1883 744 1916 Lob.

83 1932 185 1967 Vind.
210 1932 282 1965 BF.
318 1931 396 1965 Vat.
419 1930 533 1964 BHM.
566 1930 652 1964 Ven.
671 1929 745 1963 BC.

81 1980 168 2023 Aug.
203 1978 244 2014 Β.
285 1977 380 2010 Flor.
415 1975 587 2010 ACRTV.
631 1975 675 2020 τῇ
714 1985 746 2010 σ.

82 2024 204 2068 reliqui
232 2023 368 2057 codices
398 2026 434 2055 et
452 2021 618 2056 editiones
643 2033 745 2065 prae-

83 2075 136 2104 ter
154 2069 452 2104 Stallbaumianas.
493 2067 644 2108 Nescio,
663 2067 743 2112 quid

81 2116 276 2151 Bekkerum
310 2115 352 2148 ab
384 2114 565 2148 retinenda
592 2113 744 2147 codicum

82 2162 284 2215 optimorum
324 2161 470 2194 lectione
507 2159 743 2201 absterruerit,

82 2208 144 2242 sed
178 2207 369 2252 quicunque
412 2207 524 2239 hunc
541 2205 745 2239 versiculum

44 2277 46 2279 v
82 2257 401 2293 commemorarunt,
421 2252 497 2285 τῶν
515 2251 643 2295 σοφῶν
659 2251 744 2285 scri-

82 2304 235 2345 pserunt.
277 2298 320 2331 V.
356 2299 488 2342 Theag.
528 2310 562 2342 p.
593 2299 669 2332 125.
702 2298 743 2331 Β.

83 2346 197 2379 Schol.
209 2345 363 2378 Ravenn.
373 2344 416 2377 ad
429 2344 742 2389 Aristoph.Tl1esm.

82 2393 138 2426 21.
176 2391 251 2436 (qui
273 2390 531 2434 Aristophanem
559 2390 594 2423 in
619 2390 742 2423 Heroi-

83 2438 147 2470 bus
183 2444 218 2470 et
246 2436 478 2470 Antisthenem
510 2439 545 2469 et
568 2436 743 2470 Platonem

82 2482 240 2527 Euripidi
282 2494 379 2524 eum,
421 2494 522 2527 quum
564 2482 743 2526 Sophoclis

82 2534 175 2563 esset
215 2529 250 2571 in
291 2528 398 2563 Aiace
437 2528 548 2562 Locro
590 2527 741 2572 positus,

82 2574 259 2618 assignare
301 2574 445 2619 narrat.)
500 2575 597 2607 Stob.
641 2585 741 2608 serm.

82 2620 278 2655 XXXXVI.
302 2632 337 2666 Ρ.
358 2621 440 2655 325.
473 2620 604 2655 Gellius
627 2620 674 2654 N.
697 2621 738 2654 A.

81 2667 121 2701 L.
157 2666 254 2700 xm.
293 2679 320 2700 c.
350 2668 402 2701 18.
436 2666 578 2700 Aristid.
618 2666 663 2699 T.
692 2665 737 2699 11.

81 2725 114 2758 p.
139 2714 219 2748 373.
251 2712 350 2746 Dind.
376 2723 419 2745 ex
441 2724 550 2758 eoque
577 2716 740 2754 excerpta

81 2771 102 2792 a
134 2758 256 2793 Photio
295 2770 329 2803 p.
353 2759 442 2801 437,
473 2770 504 2792 a.
540 2760 594 2793 12.
630 2757 739 2792 Bekk.

81 2804 248 2839 Themist.
272 2815 323 2839 or.
348 2804 408 2838 Vl.
441 2816 474 2849 Ρ.
497 2806 554 2840 72.
580 2803 621 2838 C.
648 2800 740 2848 (Εύ-

807 968 956 1012 ριπίδης
980 979 1045 1023 μεν
1069 965 1139 1012 γὰρ
1163 963 1188 1011 ἢ
1213 963 1313 1006 ὅστις
1338 963 1385 1010 δή
1405 978 1470 999 πο-

807 1013 848 1047 τέ
882 1011 977 1047 ἐστιν
1014 1010 1033 1048 ὁ
1068 1012 1228 1057 ποιήσας
1253 1012 1378 1055 Σοφοὶ
1409 1010 1471 1046 τύ-

807 1071 938 1101 ραννοι
954 1060 1030 1093 τῶν
1055 1060 1184 1103 σοφῶν
1208 1058 1386 1104 συνουσίᾳ
1404 1055 1473 1092 οὐκ

808 1107 876 1161 ἠν,
904 1109 1020 1148 οἰμαι,
1043 1106 1185 1160 πυκνῆς
1208 1105 1396 1143 διανοίας·
1423 1101 1469 1137 ού

807 1149 877 1195 γὰρ
919 1149 967 1185 ἄν
1001 1163 1091 1185 ποτε
1133 1148 1270 1185 εὔνουν
1307 1147 1472 1195 ὑπέλαβε

806 1197 1000 1241 τυραννίδι
1032 1197 1260 1241 φιλοσοφίαν
1291 1202 1358 1229 etc.
1392 1196 1470 1241 qui-

807 1244 870 1276 bus
908 1243 1021 1276 verbis
1054 1243 1263 1277 Themistius
1296 1243 1471 1276 Platonem

806 1301 872 1323 non
897 1294 1013 1329 notat,
1037 1294 1078 1322 ut
1101 1289 1183 1324 dicit
1206 1289 1377 1323 Matthiae
1399 1288 1473 1321 Eu

805 1335 870 1378 rip.
891 1315 1063 1369 T.Vll11.
1085 1348 1117 1380 p.
1138 1336 1216 1370 434.
1239 1335 1298 1368 sed
1317 1335 1470 1379 probat.)

805 1381 926 1414 Liban.
975 1381 1075 1426 epist
1107 1383 1164 1417 33.
1199 1381 1328 1414 Zenob.
1373 1392 1470 1425 puffov

805 1439 839 1472 p.
863 1428 940 1462 133.
969 1429 1021 1461 ed.
1047 1428 1181 1470 Hagan.
1209 1428 1309 1463 1535.
1358 1426 1470 1460 Litem

805 1474 848 1506 de
873 1478 1016 1507 auctore
1041 1474 1167 1518 optime
1191 1473 1393 1506 diiudicasse
1416 1473 1471 1506 vi-

805 1518 906 1552 detur
936 1519 1136 1553 scholiastes
1171 1519 1213 1552 ad
1246 1522 1395 1552 nostrum
1420 1521 1471 1551 10-

806 1577 898 1598 cum.
922 1566 1037 1599 τοῦτο
1056 1562 1298 1608 Σοφοκλέους
1317 1562 1415 1598 ἐστιν
1434 1561 1472 1606 ἐξ

803 1610 964 1650 Αἴαντος
998 1611 1066 1645 τοῦ
1101 1611 1264 1665 Λοκροῦ.
1300 1607 1472 1644 ἐνταῦθα

804 1654 844 1690 δὲ
880 1654 1092 1713 Εὐριπίδου
1130 1656 1272 1700 λέγεται
1305 1655 1348 1691 τὸ
1388 1656 1470 1698 ἰαμ-
1501 1655 1504 1659 ’

802 1702 906 1757 βεῖον
931 1706 1036 1736 εἰναι.
1069 1701 1133 1736 καὶ
1157 1700 1381 1756 θαυμαστὸν
1405 1699 1470 1736 ου’-

803 1745 885 1790 δὶν,
911 1748 946 1782 εἰ
969 1749 1213 1792 συμπίπτοιεν
1237 1745 1409 1792 ἀλλήλοις
1428 1747 1469 1781 οἱ

802 1794 966 1838 ποιηταί.
1015 1795 1142 1828 Eadem
1176 1800 1230 1828 est
1253 1794 1396 1827 Zenobii
1433 1799 1470 1827 et

803 1840 1036 1874 nonnullorum
1056 1841 1146 1886 apud
1165 1840 1371 1874 scholiasten
1386 1840 1468 1874 Ari-

802 1887 981 1930 stophanis
1017 1887 1196 1920 sententia.
1246 1884 1290 1920 τὸ
1312 1883 1469 1942 μέντοι

802 1932 951 1976 δρᾶμα,
982 1932 1114 1982 inquit·
1119 1933 1196 1975 hic,
1229 1930 1268 1966 ἐν
1294 1925 1326 1978 ᾦ
1355 1929 1467 1975 Εύρι-

802 1978 914 2022 πίδης
938 1979 1057 2012 ταῦτα
1080 1975 1200 2022 εἶπεν,
1226 1974 1273 2012 ου’
1299 1967 1464 2020 σώζεται.

849 2047 963 2091 δῆλον
999 2043 1080 2090 ότι]
1123 2045 1299 2091 δηλονότι
1333 2046 1466 2080 codices

800 2094 887 2135 mei,
918 2094 1016 2128 Flor.
1048 2094 1161 2128 RTU.
1197 2098 1234 2127 et
1267 2092 1350 2127 editi
1387 2096 1466 2127 ante

767 2149 774 2152 ”
801 2139 893 2173 Astii
919 2151 988 2173 sec.

847 2205 1002 2250 ξύνεστι.
1013 2210 1026 2252 ]
1050 2206 1184 2250 ξύνεσι.
1208 2208 1307 2243 Vind.
1333 2207 1376 2241 Ε.
1401 2205 1464 2249 ξύ-

800 2264 933 2310 νεστιν.
958 2255 1147 2289 Bekkerus.
1171 2252 1330 2298 ξύνεστι,
1354 2254 1430 2287 Ald.

847 2297 907 2344 γ’]
933 2312 971 2344 γε
997 2301 1088 2334 Mon.
1114 2302 1154 2334 B.

846 2355 1073 2411 ἐγκωμιάζει]
1099 2354 1315 2401 ἐγκωμιάζοι
1338 2357 1423 2391 Lob.

849 2401 1048 2448 Τοιγάρτοι
1079 2424 1126 2429 -
1165 2402 1342 2448 ποιῆται]
1396 2414 1462 2437 om.

799 2451 881 2486 vat.
903 2450 954 2483 M.

843 2505 950 2551 ε’φην]
979 2504 1050 2550 ε’φη
1075 2506 1160 2540 Lob.
1185 2507 1264 2541 vat.
1290 2506 1334 2541 H.

800 2623 830 2657 B
844 2572 1188 2656 ffiyytssmfflzossacv]
1207 2575 1463 2655 gvgssthig}

799 2647 875 2702 va.
893 2634 945 2701 3¹1¹:
969 2647 1002 2713 pt
1015 2633 1207 2712 9933ΣΞῗ
1219 2622 1461 2711 ..fay-75..

797 2714 883 2748 Ven.
921 2714 961 2747 B.
997 2713 1098 2750 Vind.
1129 2714 1170 2749 F.
1204 2715 1292 2758 Aug.
1326 2714 1366 2747 B.
1399 2712 1462 2747 καὶ

796 2759 953 2841 ξτέἔῖιίγν.
986 2760 1085 2796 Vind.
1119 2760 1162 2794 Ε.
1196 2759 1288 2794 Flor.
1322 2759 1460 2793 ACRV.
