1764 3176
580 166 1062 211 EDITORIS.
1443 187 1527 213 xm

139 289 209 323 rius
240 286 395 331 quinario
430 287 635 331 coniugatus
656 288 799 331 praebet
831 292 885 321 ter
909 292 1041 321 auctus.
1100 289 1317 329 „Universus
1337 293 1453 324 autem
1470 289 1527 324 hic

136 356 300 379 numerus
317 345 549 379 Geometricus
566 345 782 385 huiusmodi,
810 350 913 378 autor
932 345 1107 389 potiorum
1126 346 1401 391 deteriorumque
1418 357 1525 391 gene-

138 403 312 436 rationum
341 403 426 435 est.“
482 402 559 435 Duo
593 399 648 435 hic
679 412 814 444 quoque
845 402 1052 435 declaranda
1076 406 1174 443 sunt,
1204 404 1348 446 primum
1370 404 1526 446 quisnam

136 460 182 493 sit
202 459 431 501 geometricus
448 469 631 500 numerus,
655 458 843 492 secundum
866 469 955 501 quae
977 459 1046 491 sint
1067 459 1241 504 potiores,
1271 460 1529 503 deterioresque

135 516 398 559 generationes,
429 526 572 558 quarum
612 515 721 558 ipsum
762 516 1019 548 Geometricum
1046 526 1224 549 numerum
1260 522 1416 550 autorem
1451 527 1528 550 esse

134 573 238 606 Plato
262 572 356 606 dicit.
414 572 671 610 Geometricum
694 573 807 615 itaque
826 582 1001 605 numerum
1021 577 1121 605 vocat
1140 572 1242 605 Plato
1261 574 1370 616 ipsum
1393 574 1527 607 Cubum

135 630 227 663 mille
249 630 466 672 septingenta
489 629 608 672 viginti
627 633 719 670 octo,
752 639 852 671 quem
869 629 1058 662 declaravit
1079 640 1140 672 per
1159 630 1412 664 similitudinem
1439 632 1527 664 alte-

134 687 205 719 rius
227 686 312 719 Cubi
332 687 466 720 millena
485 686 601 718 millia.
638 686 717 719 Hoc
736 691 850 719 autem
869 696 995 719 nomen
1016 711 1039 727 aa
1054 687 1317 721 Geometricus“
1336 688 1526 721 communi—

133 747 187 776 ter
208 742 262 776 hic
283 742 517 786 accipiendum
547 746 599 775 est
627 753 690 785 pro
725 768 748 784 „
768 743 1072 776 Mathematicus“
1101 744 1244 786 perinde
1268 755 1309 777 ac
1339 745 1367 777 si
1386 743 1523 778 Mathe-

131 800 294 833 maticum
315 810 490 833 numerum
508 799 610 832 Plato
631 809 707 832 eum
734 804 977 842 nuncupasset.
1036 800 1069 833 Is
1086 801 1173 833 enim
1195 801 1350 834 Platonis
1373 811 1447 834 mos
1472 805 1524 835 est

132 866 237 900 saepe
265 857 488 890 Geometriae
518 866 643 889 nomen
671 867 734 899 pro
764 861 838 890 tota
870 856 1116 890 Matliematica
1140 858 1336 900 suscipere,
1367 862 1405 890 ut
1427 862 1523 901 patet

131 924 176 947 ex
207 914 280 946 eius
311 917 520 957 praecepto,
553 912 644 955 quod
678 913 712 946 in
751 912 879 946 foribus
917 912 1057 947 scholae
1088 924 1171 947 suae
1207 915 1384 957 scripsisse
1413 914 1522 948 fertur

131 963 257 1007 οὐδεὶς
278 969 364 1012 (sic)
387 964 661 1011 ἄγεωμέτρητος
681 967 802 1002 εἰσίτω
823 970 888 1003 hoc
908 975 981 1012 est,
1011 981 1112 1004 nemo
1133 971 1355 1005 Geometriae
1380 971 1522 1014 ignarus

127 1027 353 1070 ingrediatur.
413 1027 560 1061 Volebat
588 1027 677 1060 enim
703 1027 805 1060 Plato
829 1038 909 1060 suos
942 1028 1117 1061 auditores
1146 1039 1214 1061 non
1234 1029 1342 1062 solum
1368 1029 1521 1062 Geome-

128 1085 238 1125 triae,
267 1084 384 1117 verum
409 1085 513 1117 etiam
545 1083 814 1126 Aritbmeticae‚
847 1084 1022 1126 Musicae,
1053 1084 1316 1126 Astronomiae‚
1346 1086 1521 1129 totiusque

129 1141 264 1174 demum
283 1141 447 1174 scientiae
469 1140 738 1174 Mathematicae
764 1142 893 1184 peritos
913 1153 1010 1175 esse:
1041 1143 1182 1184 quanvis
1206 1143 1329 1176 dixerit
1350 1143 1520 1176 neminem

127 1198 352 1231 Geometriae
379 1198 536 1240 ignarum
560 1197 716 1240 ingredi3
748 1198 839 1240 quod
862 1199 964 1232 etiam
985 1199 1134 1241 quodam
1156 1199 1223 1232 alio
1244 1200 1407 1242 mysterio
1424 1199 1518 1242 fecit,

128 1254 218 1297 quod
253 1255 287 1287 in
320 1255 514 1297 praesentia
540 1255 698 1287 brevitati
728 1255 905 1289 studentes
933 1256 1162 1298 relinquimus.
1222 1257 1307 1290 Gum
1328 1257 1432 1298 igitur
1454 1268 1518 1290 no-

126 1321 204 1345 men
235 1311 459 1345 Geometriae
490 1322 552 1354 pro
585 1312 691 1344 totius
715 1311 984 1346 Matliematicae
1011 1314 1148 1346 nomine
1178 1313 1281 1347 Plato
1311 1313 1518 1356 quandoque

124 1372 288 1412 usurpet,
317 1378 386 1402 non
405 1369 448 1402 ab
467 1379 504 1402 re
524 1367 581 1402 hic
599 1379 734 1412 quoque
755 1369 1017 1403 Geometricum
1041 1381 1219 1404 numerum
1238 1381 1301 1413 pro
1322 1369 1518 1404 Mathema-

122 1426 194 1459 tico
217 1435 360 1459 numero
384 1425 547 1469 suscepit.
578 1425 852 1469 quandoquidem
877 1427 922 1460 ad
947 1428 1245 1469 constituendum,
1275 1438 1317 1460 ac
1335 1427 1517 1462 declaran-

123 1482 203 1516 dum
239 1483 349 1526 ipsum
378 1483 469 1516 mille
486 1483 702 1525 septingenta
725 1483 844 1526 viginti
866 1488 947 1518 octo
968 1495 1144 1518 numerum
1158 1510 1168 1526 ‚
1198 1495 1299 1528 quem
1316 1485 1517 1518 Geometri-

123 1549 223 1581 cum,
253 1538 318 1572 hoc
336 1544 388 1573 est
409 1539 693 1573 Matliematicum
724 1541 895 1586 appellat,
927 1545 1075 1584 quatuor
1102 1542 1297 1585 praecipuis
1318 1541 1517 1575 Mathema-

120 1596 199 1629 ticis
220 1597 372 1630 scientiis
393 1597 538 1638 indiguit
556 1596 671 1638 Plato,
701 1596 926 1631 Arithmetica
953 1608 1089 1642 nempe,
1120 1599 1268 1642 Musica,
1299 1599 1516 1641 Geometria‚

122 1656 158 1686 et
179 1654 413 1686 Astronomia:
444 1652 671 1687 Aritlunetica
692 1653 850 1696 quidem,
882 1655 1041 1697 quoniam
1076 1666 1118 1688 ex
1138 1656 1239 1689 variis
1263 1656 1413 1688 numeris
1436 1666 1514 1690 eum

121 1710 318 1743 constituit:
351 1708 484 1742 Musica
511 1710 610 1751 vero,
651 1711 812 1752 quoniam
844 1711 878 1743 in
904 1722 944 1744 eo
981 1712 1221 1745 constituendo
1251 1712 1295 1745 de
1326 1711 1514 1746 harmoniis

119 1765 266 1799 habetur
294 1776 426 1799 sermo:
456 1767 658 1799 Geometria
690 1771 826 1808 autem,
856 1768 935 1809 quia
955 1778 1116 1801 numerus
1144 1769 1200 1802 ille
1226 1769 1393 1802 Cubicam
1415 1770 1513 1803 Geo-

119 1823 298 1857 metricam
320 1824 464 1865 figuram
485 1827 744 1866 repraesentat,
775 1833 840 1857 nec
869 1834 936 1857 non
957 1824 990 1857 in
1009 1825 1081 1858 eius
1108 1826 1354 1859 constitutione
1370 1826 1512 1861 Diame-

118 1883 262 1922 trorum,
294 1883 328 1912 et
349 1879 618 1920 Quadratorum‚
649 1883 683 1912 et
699 1881 885 1922 figurarum
905 1880 1190 1924 Praelongiorum
1210 1883 1248 1916 fit
1267 1883 1408 1924 mentio,
1423 1894 1513 1926 quae

119 1937 235 1969 omnia
253 1939 332 1969 sunt
362 1936 586 1970 Geometriae
608 1936 783 1969 subiecta:
813 1935 1031 1971 Astronomia
1060 1938 1207 1982 denique
1226 1939 1330 1973 Plato
1352 1940 1509 1986 indiguit,

118 1992 394 2036 quandoquidem
424 1989 483 2038 (ut
512 1993 547 2026 in
581 1993 801 2035 sequentibus
815 1992 1025 2040 videbimus)
1056 2005 1234 2029 numerum
1252 1995 1340 2030 hunc
1361 1998 1509 2031 motibus

115 2050 323 2084 coelestibus
338 2050 593 2091 accommodat,
620 2060 664 2083 ex
685 2051 805 2093 quibus
823 2061 938 2084 rerum
959 2052 1108 2085 omnium
1128 2057 1236 2095 ortus,
1265 2058 1369 2096 atque
1388 2054 1509 2088 interi-

115 2110 183 2149 tus,
213 2107 488 2149 mutationesque
517 2108 614 2148 fiunt,
644 2117 686 2140 ac
713 2107 849 2141 demum
869 2108 1044 2142 universus
1070 2111 1200 2152 regitur
1219 2111 1377 2145 mundus.
1435 2112 1508 2145 Ta-

114 2163 155 2197 lis
172 2164 289 2206 itaque
307 2173 469 2197 numerus
488 2164 729 2197 Geometricus
746 2164 915 2209 Platonis,
945 2176 987 2199 ac
1007 2167 1080 2199 eius
1098 2168 1304 2210 etymologia
1322 2168 1376 2201 sit.
1436 2167 1508 2202 Po-

114 2221 220 2253 tiores
245 2224 359 2253 autem
386 2221 626 2263 generationes
657 2221 792 2254 vocavit
816 2221 919 2255 Plato
947 2233 1025 2265 eas,
1059 2234 1148 2265 quae
1175 2224 1195 2256 a
1226 2224 1357 2257 duobus
1386 2225 1506 2259 bonis:

115 2276 305 2310 deteriores
333 2277 413 2310 vero
441 2288 520 2319 eas,
556 2288 645 2319 quae
673 2278 694 2311 a
725 2277 857 2312 duobus
884 2279 982 2312 malis
1005 2281 1216 2323 genitoribus
1238 2282 1334 2314 fiunt.
1365 2292 1443 2315 nam
1463 2292 1507 2316 ex

114 2333 248 2366 duobus
267 2333 404 2376 quidem
436 2334 535 2367 bonis
556 2336 626 2367 vult
641 2334 743 2368 Plato
760 2336 889 2378 prolem
907 2337 1002 2369 nasci
1023 2337 1172 2379 bonam;
1204 2347 1247 2371 ex
1270 2337 1402 2372 duobus
1424 2339 1505 2373 vero

113 2391 212 2423 malis
230 2392 378 2432 malam3
410 2401 452 2424 ex
470 2392 562 2424 bono
585 2395 720 2433 autem,
755 2395 791 2425 et
819 2393 909 2425 malo
931 2404 1043 2436 neque
1063 2395 1201 2428 omnino
1225 2394 1362 2436 bonam,
1392 2406 1505 2439 neque

113 2457 252 2490 prorsus
275 2448 418 2490 malam,
449 2447 735 2491 quemadmodum
753 2449 854 2482 etiam
876 2450 910 2483 in
929 2451 1079 2484 numeris
1097 2451 1125 2484 si
1154 2450 1224 2484 Par
1242 2451 1371 2485 Parem
1390 2454 1505 2487 multi-

111 2503 239 2546 plicet,
269 2514 404 2548 semper
432 2505 503 2538 Par
533 2505 707 2538 nascitur:
738 2505 767 2539 si
795 2510 908 2539 autem
939 2506 1054 2550 Impar
1089 2507 1259 2551 Imparem
1288 2509 1505 2554 multiplicet,

111 2559 226 2603 Impar
248 2561 410 2594 continuo
440 2566 661 2604 procreatur:
692 2562 721 2595 si
752 2563 833 2596 vero
860 2562 931 2596 Par
955 2565 1138 2607 Imparem,
1168 2565 1218 2598 vel
1239 2566 1354 2609 Impar
1376 2567 1503 2600 Parem

111 2617 331 2660 multiplicet,
371 2617 642 2661 Pariterimpar‚
684 2619 737 2652 vel
764 2619 948 2662 Impariter
972 2631 1035 2663 par
1070 2631 1206 2664 semper
1237 2623 1413 2665 exoritur3
1445 2623 1502 2666 qui

111 2677 192 2706 sunt
213 2674 317 2707 medii
339 2674 428 2708 inter
445 2675 614 2718 Imparem
627 2700 638 2717 ‚
670 2679 705 2709 et
723 2675 861 2709 Pariter
879 2687 1007 2719 parem.
1051 2676 1098 2711 At
1113 2677 1349 2725 Pythagorei,
1378 2679 1502 2713 Plato-

110 2730 247 2772 nicique
266 2731 416 2774 Impares
436 2732 570 2774 quidem
598 2742 757 2766 numeros
783 2733 892 2766 bonos
908 2735 1152 2782 appellabant,
1181 2735 1292 2768 Pares
1320 2736 1402 2769 vero
1424 2747 1500 2770 ma-

111 2786 185 2819 los:
220 2787 361 2821 Parium
392 2792 506 2822 autem
547 2799 608 2823 eos
643 2789 799 2832 quidem,
838 2790 895 2832 qui
926 2790 1167 2835 Pariterpares
1192 2796 1291 2834 sunt,
1328 2794 1500 2828 vocabant

112 2843 260 2878 omnium
282 2845 468 2889 pessimos;
490 2855 558 2881 >eos
576 2845 681 2888 vero,
711 2847 768 2890 qui
788 2850 868 2880 sunt
888 2846 1196 2893 Pariterimpares‚
1224 2850 1274 2883 vel
1296 2849 1496 2894 Impariter-
