<?xml version="1.0" encoding="UTF-8"?>
<!DOCTYPE html PUBLIC "-//W3C//DTD XHTML 1.0 Transitional//EN"
    "http://www.w3.org/TR/xhtml1/DTD/xhtml1-transitional.dtd">
<html xmlns="http://www.w3.org/1999/xhtml" xml:lang="en" lang="en">
 <head>
  <title>
</title>
<meta http-equiv="Content-Type" content="text/html;charset=utf-8" />
  <meta name='ocr-system' content='tesseract 3.04.00' />
  <meta name='ocr-capabilities' content='ocr_page ocr_carea ocr_par ocr_line ocrx_word'/>
</head>
<body>
  <div class='ocr_page' id='page_1' title='image "./operagraecerecen01platuoft_0055.png"; bbox 0 0 1764 3176; ppageno 0'>
   <div class='ocr_carea' id='block_1_1' title="bbox 574 176 1519 219">
    <p class='ocr_par' dir='ltr' id='par_1_1' title="bbox 574 176 1519 219">
     <span class='ocr_line' id='line_1_1' title="bbox 574 176 1519 219; baseline -0.001 -2"><span class='ocrx_word' id='word_1_1' title='bbox 574 176 608 217; x_wconf 85' lang='lat' dir='ltr'>E</span> <span class='ocrx_word' id='word_1_2' title='bbox 639 176 677 218; x_wconf 93' lang='lat' dir='ltr'>D</span> <span class='ocrx_word' id='word_1_3' title='bbox 709 176 730 217; x_wconf 93' lang='lat' dir='ltr'>I</span> <span class='ocrx_word' id='word_1_4' title='bbox 758 176 797 218; x_wconf 93' lang='lat' dir='ltr'>T</span> <span class='ocrx_word' id='word_1_5' title='bbox 825 176 865 219; x_wconf 91' lang='grc' dir='ltr'><strong>Ο</strong></span> <span class='ocrx_word' id='word_1_6' title='bbox 895 176 933 218; x_wconf 89' lang='lat' dir='ltr'>R</span> <span class='ocrx_word' id='word_1_7' title='bbox 961 177 982 218; x_wconf 93' lang='lat' dir='ltr'>I</span> <span class='ocrx_word' id='word_1_8' title='bbox 1011 177 1052 219; x_wconf 92' lang='lat' dir='ltr'>S.</span> <span class='ocrx_word' id='word_1_9' title='bbox 1325 192 1519 217; x_wconf 71' lang='lat' dir='ltr'>xxxxvn</span> 
     </span>
    </p>
   </div>
   <div class='ocr_carea' id='block_1_2' title="bbox 119 283 1527 2043">
    <p class='ocr_par' dir='ltr' id='par_1_2' title="bbox 119 283 1527 2043">
     <span class='ocr_line' id='line_1_2' title="bbox 133 283 1521 338; baseline -0.001 -10"><span class='ocrx_word' id='word_1_10' title='bbox 133 293 286 337; x_wconf 78' lang='lat' dir='ltr'>Respub.</span> <span class='ocrx_word' id='word_1_11' title='bbox 307 293 487 338; x_wconf 81' lang='lat' dir='ltr'>plurimum</span> <span class='ocrx_word' id='word_1_12' title='bbox 506 297 625 328; x_wconf 81' lang='lat' dir='ltr'>auctas</span> <span class='ocrx_word' id='word_1_13' title='bbox 645 295 781 336; x_wconf 84' lang='lat' dir='ltr'>florere,</span> <span class='ocrx_word' id='word_1_14' title='bbox 812 298 848 328; x_wconf 91' lang='lat' dir='ltr'>et</span> <span class='ocrx_word' id='word_1_15' title='bbox 872 295 906 328; x_wconf 92' lang='lat' dir='ltr'>in</span> <span class='ocrx_word' id='word_1_16' title='bbox 926 283 1069 328; x_wconf 87' lang='lat' dir='ltr'>honesta</span> <span class='ocrx_word' id='word_1_17' title='bbox 1088 294 1267 338; x_wconf 78' lang='lat' dir='ltr'>disciplina</span> <span class='ocrx_word' id='word_1_18' title='bbox 1282 293 1423 328; x_wconf 87' lang='lat' dir='ltr'>colenda</span> <span class='ocrx_word' id='word_1_19' title='bbox 1445 304 1521 328; x_wconf 84' lang='lat' dir='ltr'>esse</span> 
     </span>
     <span class='ocr_line' id='line_1_3' title="bbox 132 351 1522 394; baseline 0 -9"><span class='ocrx_word' id='word_1_20' title='bbox 132 351 389 393; x_wconf 70' lang='lat' dir='ltr'>diligentiores,</span> <span class='ocrx_word' id='word_1_21' title='bbox 426 355 567 394; x_wconf 89' lang='lat' dir='ltr'>propter</span> <span class='ocrx_word' id='word_1_22' title='bbox 603 351 798 385; x_wconf 83' lang='lat' dir='ltr'>diuturnam</span> <span class='ocrx_word' id='word_1_23' title='bbox 831 352 1126 389; x_wconf 81' lang='lat' dir='ltr'>consuetudinem,</span> <span class='ocrx_word' id='word_1_24' title='bbox 1204 351 1276 384; x_wconf 91' lang='lat' dir='ltr'>Sed</span> <span class='ocrx_word' id='word_1_25' title='bbox 1313 353 1522 385; x_wconf 83' lang='lat' dir='ltr'>contrarium</span> 
     </span>
     <span class='ocr_line' id='line_1_4' title="bbox 131 408 1524 451; baseline -0.001 -10"><span class='ocrx_word' id='word_1_26' title='bbox 131 409 207 442; x_wconf 83' lang='lat' dir='ltr'>fieri</span> <span class='ocrx_word' id='word_1_27' title='bbox 234 408 359 441; x_wconf 84' lang='lat' dir='ltr'>asserit</span> <span class='ocrx_word' id='word_1_28' title='bbox 372 408 475 441; x_wconf 83' lang='lat' dir='ltr'>Plato</span> <span class='ocrx_word' id='word_1_29' title='bbox 501 409 604 441; x_wconf 86' lang='lat' dir='ltr'>etiam</span> <span class='ocrx_word' id='word_1_30' title='bbox 630 409 663 441; x_wconf 88' lang='lat' dir='ltr'>in</span> <span class='ocrx_word' id='word_1_31' title='bbox 684 410 814 451; x_wconf 85' lang='lat' dir='ltr'>optima</span> <span class='ocrx_word' id='word_1_32' title='bbox 828 408 965 451; x_wconf 90' lang='lat' dir='ltr'>Repub.</span> <span class='ocrx_word' id='word_1_33' title='bbox 984 413 1018 441; x_wconf 91' lang='lat' dir='ltr'>et</span> <span class='ocrx_word' id='word_1_34' title='bbox 1045 410 1172 450; x_wconf 74' lang='lat' dir='ltr'>optime</span> <span class='ocrx_word' id='word_1_35' title='bbox 1195 409 1407 442; x_wconf 78' lang='lat' dir='ltr'>convenienti</span> <span class='ocrx_word' id='word_1_36' title='bbox 1422 413 1524 442; x_wconf 85' lang='lat' dir='ltr'>natu-</span> 
     </span>
     <span class='ocr_line' id='line_1_5' title="bbox 130 465 1524 509; baseline -0.001 -10"><span class='ocrx_word' id='word_1_37' title='bbox 130 475 211 506; x_wconf 87' lang='lat' dir='ltr'>rae,</span> <span class='ocrx_word' id='word_1_38' title='bbox 241 465 346 507; x_wconf 85' lang='lat' dir='ltr'>idque</span> <span class='ocrx_word' id='word_1_39' title='bbox 378 466 427 498; x_wconf 81' lang='lat' dir='ltr'>ait</span> <span class='ocrx_word' id='word_1_40' title='bbox 455 465 529 498; x_wconf 86' lang='lat' dir='ltr'>fieri</span> <span class='ocrx_word' id='word_1_41' title='bbox 547 466 707 499; x_wconf 82' lang='lat' dir='ltr'>-naturali</span> <span class='ocrx_word' id='word_1_42' title='bbox 739 465 885 507; x_wconf 86' lang='lat' dir='ltr'>quadam</span> <span class='ocrx_word' id='word_1_43' title='bbox 905 465 1136 498; x_wconf 73' lang='lat' dir='ltr'><strong>conversione.</strong></span> <span class='ocrx_word' id='word_1_44' title='bbox 1195 465 1284 498; x_wconf 65' lang='lat' dir='ltr'>Nam</span> <span class='ocrx_word' id='word_1_45' title='bbox 1303 466 1394 498; x_wconf 88' lang='lat' dir='ltr'>inter</span> <span class='ocrx_word' id='word_1_46' title='bbox 1410 465 1524 509; x_wconf 82' lang='lat' dir='ltr'>perfe-</span> 
     </span>
     <span class='ocr_line' id='line_1_6' title="bbox 131 512 1524 564; baseline 0 -10"><span class='ocrx_word' id='word_1_47' title='bbox 131 527 207 555; x_wconf 85' lang='lat' dir='ltr'>ctas</span> <span class='ocrx_word' id='word_1_48' title='bbox 224 512 420 555; x_wconf 84' lang='lat' dir='ltr'>harmonias</span> <span class='ocrx_word' id='word_1_49' title='bbox 439 526 583 555; x_wconf 82' lang='lat' dir='ltr'>naturae</span> <span class='ocrx_word' id='word_1_50' title='bbox 601 523 702 554; x_wconf 77' lang='lat' dir='ltr'>valde</span> <span class='ocrx_word' id='word_1_51' title='bbox 723 522 880 554; x_wconf 75' lang='lat' dir='ltr'>convenit</span> <span class='ocrx_word' id='word_1_52' title='bbox 906 532 970 563; x_wconf 77' lang='lat' dir='ltr'>ea,</span> <span class='ocrx_word' id='word_1_53' title='bbox 1001 532 1089 564; x_wconf 83' lang='lat' dir='ltr'>quae</span> <span class='ocrx_word' id='word_1_54' title='bbox 1114 526 1167 554; x_wconf 86' lang='lat' dir='ltr'>est</span> <span class='ocrx_word' id='word_1_55' title='bbox 1196 523 1403 564; x_wconf 82' lang='lat' dir='ltr'>sesquitertii</span> <span class='ocrx_word' id='word_1_56' title='bbox 1438 522 1524 564; x_wconf 77' lang='lat' dir='ltr'>soni,</span> 
     </span>
     <span class='ocr_line' id='line_1_7' title="bbox 130 577 1526 624; baseline 0 -13"><span class='ocrx_word' id='word_1_57' title='bbox 130 589 193 612; x_wconf 88' lang='lat' dir='ltr'>seu</span> <span class='ocrx_word' id='word_1_58' title='bbox 215 579 460 620; x_wconf 87' lang='lat' dir='ltr'>Diatessaron,</span> <span class='ocrx_word' id='word_1_59' title='bbox 492 579 534 611; x_wconf 80' lang='lat' dir='ltr'>eo</span> <span class='ocrx_word' id='word_1_60' title='bbox 555 578 646 621; x_wconf 77' lang='lat' dir='ltr'>quod</span> <span class='ocrx_word' id='word_1_61' title='bbox 670 589 806 621; x_wconf 86' lang='lat' dir='ltr'>semper</span> <span class='ocrx_word' id='word_1_62' title='bbox 821 579 938 612; x_wconf 87' lang='lat' dir='ltr'>molles</span> <span class='ocrx_word' id='word_1_63' title='bbox 964 589 1088 619; x_wconf 72' lang='lat' dir='ltr'>voces,</span> <span class='ocrx_word' id='word_1_64' title='bbox 1118 584 1157 610; x_wconf 91' lang='lat' dir='ltr'>ut</span> <span class='ocrx_word' id='word_1_65' title='bbox 1182 578 1214 611; x_wconf 80' lang='lat' dir='ltr'>fa</span> <span class='ocrx_word' id='word_1_66' title='bbox 1231 605 1239 621; x_wconf 92' lang='lat'>,</span> <span class='ocrx_word' id='word_1_67' title='bbox 1270 578 1391 623; x_wconf 57' lang='lat' dir='ltr'>(hodie</span> <span class='ocrx_word' id='word_1_68' title='bbox 1412 590 1451 613; x_wconf 89' lang='lat' dir='ltr'>ce</span> <span class='ocrx_word' id='word_1_69' title='bbox 1472 577 1526 624; x_wconf 82' lang='lat' dir='ltr'>ef)</span> 
     </span>
     <span class='ocr_line' id='line_1_8' title="bbox 129 631 1527 680; baseline 0.001 -12"><span class='ocrx_word' id='word_1_70' title='bbox 129 636 328 676; x_wconf 82' lang='lat' dir='ltr'>naturales,</span> <span class='ocrx_word' id='word_1_71' title='bbox 361 646 400 668; x_wconf 89' lang='lat' dir='ltr'>re</span> <span class='ocrx_word' id='word_1_72' title='bbox 420 636 491 668; x_wconf 87' lang='lat' dir='ltr'>sol:</span> <span class='ocrx_word' id='word_1_73' title='bbox 523 631 587 679; x_wconf 91' lang='lat' dir='ltr'>(de</span> <span class='ocrx_word' id='word_1_74' title='bbox 610 632 673 680; x_wconf 81' lang='lat' dir='ltr'>ge)</span> <span class='ocrx_word' id='word_1_75' title='bbox 695 646 859 677; x_wconf 84' lang='lat' dir='ltr'>sonoras,</span> <span class='ocrx_word' id='word_1_76' title='bbox 888 636 933 669; x_wconf 89' lang='lat' dir='ltr'>mi</span> <span class='ocrx_word' id='word_1_77' title='bbox 965 636 1019 676; x_wconf 92' lang='lat' dir='ltr'>la,</span> <span class='ocrx_word' id='word_1_78' title='bbox 1051 632 1090 679; x_wconf 89' lang='lat' dir='ltr'>(e</span> <span class='ocrx_word' id='word_1_79' title='bbox 1116 632 1156 679; x_wconf 94' lang='lat' dir='ltr'>a)</span> <span class='ocrx_word' id='word_1_80' title='bbox 1177 636 1384 677; x_wconf 81' lang='lat' dir='ltr'>coniungat:</span> <span class='ocrx_word' id='word_1_81' title='bbox 1416 636 1465 668; x_wconf 89' lang='lat' dir='ltr'>ita</span> <span class='ocrx_word' id='word_1_82' title='bbox 1487 639 1527 669; x_wconf 91' lang='lat' dir='ltr'>ut</span> 
     </span>
     <span class='ocr_line' id='line_1_9' title="bbox 130 691 1524 736; baseline -0.001 -10"><span class='ocrx_word' id='word_1_83' title='bbox 130 703 231 726; x_wconf 85' lang='lat' dir='ltr'>voces</span> <span class='ocrx_word' id='word_1_84' title='bbox 248 693 343 736; x_wconf 85' lang='lat' dir='ltr'>ipsae</span> <span class='ocrx_word' id='word_1_85' title='bbox 360 691 441 725; x_wconf 90' lang='lat' dir='ltr'>nihil</span> <span class='ocrx_word' id='word_1_86' title='bbox 457 693 547 725; x_wconf 90' lang='lat' dir='ltr'>inter</span> <span class='ocrx_word' id='word_1_87' title='bbox 564 702 603 725; x_wconf 86' lang='lat' dir='ltr'>se</span> <span class='ocrx_word' id='word_1_88' title='bbox 623 693 841 735; x_wconf 82' lang='lat' dir='ltr'>discrepent,</span> <span class='ocrx_word' id='word_1_89' title='bbox 871 693 931 725; x_wconf 87' lang='lat' dir='ltr'>sed</span> <span class='ocrx_word' id='word_1_90' title='bbox 955 703 1073 725; x_wconf 89' lang='lat' dir='ltr'>omnes</span> <span class='ocrx_word' id='word_1_91' title='bbox 1100 692 1229 734; x_wconf 75' lang='lat' dir='ltr'>optime</span> <span class='ocrx_word' id='word_1_92' title='bbox 1255 693 1458 725; x_wconf 69' lang='lat' dir='ltr'>conveniant</span> <span class='ocrx_word' id='word_1_93' title='bbox 1481 692 1524 725; x_wconf 88' lang='lat' dir='ltr'>ad</span> 
     </span>
     <span class='ocr_line' id='line_1_10' title="bbox 130 749 1526 792; baseline -0.001 -10"><span class='ocrx_word' id='word_1_94' title='bbox 130 750 263 783; x_wconf 83' lang='lat' dir='ltr'>dulcem</span> <span class='ocrx_word' id='word_1_95' title='bbox 284 754 319 782; x_wconf 88' lang='lat' dir='ltr'>et</span> <span class='ocrx_word' id='word_1_96' title='bbox 335 750 525 782; x_wconf 85' lang='lat' dir='ltr'>naturalem</span> <span class='ocrx_word' id='word_1_97' title='bbox 545 760 679 785; x_wconf 87' lang='lat' dir='ltr'>sonum.</span> <span class='ocrx_word' id='word_1_98' title='bbox 741 749 839 782; x_wconf 92' lang='lat' dir='ltr'>Sicut</span> <span class='ocrx_word' id='word_1_99' title='bbox 857 756 892 782; x_wconf 89' lang='lat' dir='ltr'>et</span> <span class='ocrx_word' id='word_1_100' title='bbox 908 749 971 792; x_wconf 87' lang='lat' dir='ltr'>ipsi</span> <span class='ocrx_word' id='word_1_101' title='bbox 989 750 1164 790; x_wconf 75' lang='lat' dir='ltr'>agricolae</span> <span class='ocrx_word' id='word_1_102' title='bbox 1184 750 1399 782; x_wconf 86' lang='lat' dir='ltr'>oblectantes</span> <span class='ocrx_word' id='word_1_103' title='bbox 1419 760 1526 792; x_wconf 85' lang='lat' dir='ltr'>equos</span> 
     </span>
     <span class='ocr_line' id='line_1_11' title="bbox 128 805 1525 852; baseline -0.001 -13"><span class='ocrx_word' id='word_1_104' title='bbox 128 810 281 840; x_wconf 86' lang='lat' dir='ltr'>aratrum</span> <span class='ocrx_word' id='word_1_105' title='bbox 307 805 503 852; x_wconf 86' lang='lat' dir='ltr'>trahentes,</span> <span class='ocrx_word' id='word_1_106' title='bbox 541 811 683 839; x_wconf 87' lang='lat' dir='ltr'>utuntur</span> <span class='ocrx_word' id='word_1_107' title='bbox 720 807 832 848; x_wconf 88' lang='lat' dir='ltr'>aliquo</span> <span class='ocrx_word' id='word_1_108' title='bbox 859 807 960 840; x_wconf 89' lang='lat' dir='ltr'>modo</span> <span class='ocrx_word' id='word_1_109' title='bbox 989 806 1055 839; x_wconf 90' lang='lat' dir='ltr'>hoc</span> <span class='ocrx_word' id='word_1_110' title='bbox 1088 806 1164 838; x_wconf 90' lang='lat' dir='ltr'>soni</span> <span class='ocrx_word' id='word_1_111' title='bbox 1195 807 1373 839; x_wconf 84' lang='lat' dir='ltr'>intervallo</span> <span class='ocrx_word' id='word_1_112' title='bbox 1400 811 1525 839; x_wconf 85' lang='lat' dir='ltr'>natura</span> 
     </span>
     <span class='ocr_line' id='line_1_12' title="bbox 128 862 1522 906; baseline 0 -10"><span class='ocrx_word' id='word_1_113' title='bbox 128 863 228 896; x_wconf 89' lang='lat' dir='ltr'>duce.</span> <span class='ocrx_word' id='word_1_114' title='bbox 287 862 356 896; x_wconf 88' lang='lat' dir='ltr'>Sed</span> <span class='ocrx_word' id='word_1_115' title='bbox 384 867 423 895; x_wconf 91' lang='lat' dir='ltr'>ut</span> <span class='ocrx_word' id='word_1_116' title='bbox 452 867 622 906; x_wconf 84' lang='lat' dir='ltr'>appareat</span> <span class='ocrx_word' id='word_1_117' title='bbox 647 863 883 905; x_wconf 82' lang='lat' dir='ltr'>diatessaron,</span> <span class='ocrx_word' id='word_1_118' title='bbox 914 875 982 897; x_wconf 88' lang='lat' dir='ltr'>non</span> <span class='ocrx_word' id='word_1_119' title='bbox 1014 863 1116 896; x_wconf 82' lang='lat' dir='ltr'>modo</span> <span class='ocrx_word' id='word_1_120' title='bbox 1151 873 1210 905; x_wconf 91' lang='lat' dir='ltr'>per</span> <span class='ocrx_word' id='word_1_121' title='bbox 1235 874 1273 895; x_wconf 90' lang='lat' dir='ltr'>se</span> <span class='ocrx_word' id='word_1_122' title='bbox 1303 863 1522 897; x_wconf 90' lang='lat' dir='ltr'>dulcisonans</span> 
     </span>
     <span class='ocr_line' id='line_1_13' title="bbox 127 919 1525 962; baseline 0 -9"><span class='ocrx_word' id='word_1_123' title='bbox 127 931 203 953; x_wconf 86' lang='lat' dir='ltr'>esse</span> <span class='ocrx_word' id='word_1_124' title='bbox 224 920 435 952; x_wconf 84' lang='lat' dir='ltr'>intervallum</span> <span class='ocrx_word' id='word_1_125' title='bbox 451 945 460 958; x_wconf 90' lang='lat'>‚</span> <span class='ocrx_word' id='word_1_126' title='bbox 491 921 606 953; x_wconf 78' lang='lat' dir='ltr'>verum</span> <span class='ocrx_word' id='word_1_127' title='bbox 635 920 770 955; x_wconf 85' lang='lat' dir='ltr'>dulcem</span> <span class='ocrx_word' id='word_1_128' title='bbox 797 931 933 962; x_wconf 88' lang='lat' dir='ltr'>quoque</span> <span class='ocrx_word' id='word_1_129' title='bbox 960 925 994 953; x_wconf 88' lang='lat' dir='ltr'>et</span> <span class='ocrx_word' id='word_1_130' title='bbox 1012 929 1149 952; x_wconf 78' lang='lat' dir='ltr'>suavem</span> <span class='ocrx_word' id='word_1_131' title='bbox 1178 924 1423 962; x_wconf 80' lang='lat' dir='ltr'>venustamque</span> <span class='ocrx_word' id='word_1_132' title='bbox 1442 919 1525 954; x_wconf 87' lang='lat' dir='ltr'>har·</span> 
     </span>
     <span class='ocr_line' id='line_1_14' title="bbox 127 976 1523 1020; baseline 0 -11"><span class='ocrx_word' id='word_1_133' title='bbox 127 977 278 1010; x_wconf 85' lang='lat' dir='ltr'>moniam</span> <span class='ocrx_word' id='word_1_134' title='bbox 297 977 443 1009; x_wconf 80' lang='lat' dir='ltr'>maxime</span> <span class='ocrx_word' id='word_1_135' title='bbox 468 987 571 1019; x_wconf 91' lang='lat' dir='ltr'>supra</span> <span class='ocrx_word' id='word_1_136' title='bbox 593 977 776 1020; x_wconf 78' lang='lat' dir='ltr'>diapente,</span> <span class='ocrx_word' id='word_1_137' title='bbox 810 977 1035 1010; x_wconf 85' lang='lat' dir='ltr'>ascendamus</span> <span class='ocrx_word' id='word_1_138' title='bbox 1058 988 1099 1010; x_wconf 88' lang='lat' dir='ltr'>ex</span> <span class='ocrx_word' id='word_1_139' title='bbox 1121 976 1203 1010; x_wconf 77' lang='lat' dir='ltr'>Pin</span> <span class='ocrx_word' id='word_1_140' title='bbox 1228 978 1373 1017; x_wconf 87' lang='lat' dir='ltr'>Dsolre,</span> <span class='ocrx_word' id='word_1_141' title='bbox 1404 988 1446 1009; x_wconf 85' lang='lat' dir='ltr'>ex</span> <span class='ocrx_word' id='word_1_142' title='bbox 1464 976 1523 1009; x_wconf 75' lang='lat' dir='ltr'>eo-</span> 
     </span>
     <span class='ocr_line' id='line_1_15' title="bbox 127 1031 1524 1078; baseline 0 -12"><span class='ocrx_word' id='word_1_143' title='bbox 127 1044 195 1076; x_wconf 86' lang='lat' dir='ltr'>que</span> <span class='ocrx_word' id='word_1_144' title='bbox 225 1035 303 1066; x_wconf 88' lang='lat' dir='ltr'>loco</span> <span class='ocrx_word' id='word_1_145' title='bbox 326 1034 362 1066; x_wconf 88' lang='lat' dir='ltr'>in</span> <span class='ocrx_word' id='word_1_146' title='bbox 390 1034 575 1077; x_wconf 85' lang='lat' dir='ltr'>Gsolreut‚</span> <span class='ocrx_word' id='word_1_147' title='bbox 605 1031 659 1078; x_wconf 93' lang='lat' dir='ltr'>(id</span> <span class='ocrx_word' id='word_1_148' title='bbox 693 1038 744 1066; x_wconf 89' lang='lat' dir='ltr'>est</span> <span class='ocrx_word' id='word_1_149' title='bbox 772 1045 814 1067; x_wconf 86' lang='lat' dir='ltr'>ex</span> <span class='ocrx_word' id='word_1_150' title='bbox 836 1035 892 1067; x_wconf 90' lang='lat' dir='ltr'>Ge</span> <span class='ocrx_word' id='word_1_151' title='bbox 924 1045 1069 1075; x_wconf 80' lang='lat' dir='ltr'>magnae</span> <span class='ocrx_word' id='word_1_152' title='bbox 1098 1038 1243 1066; x_wconf 76' lang='lat' dir='ltr'>octavae</span> <span class='ocrx_word' id='word_1_153' title='bbox 1262 1035 1295 1066; x_wconf 89' lang='lat' dir='ltr'>in</span> <span class='ocrx_word' id='word_1_154' title='bbox 1323 1034 1366 1066; x_wconf 92' lang='lat' dir='ltr'>de</span> <span class='ocrx_word' id='word_1_155' title='bbox 1384 1044 1524 1076; x_wconf 79' lang='lat' dir='ltr'>parvae,</span> 
     </span>
     <span class='ocr_line' id='line_1_16' title="bbox 128 1089 1522 1135; baseline -0.001 -11"><span class='ocrx_word' id='word_1_156' title='bbox 128 1101 172 1124; x_wconf 81' lang='lat' dir='ltr'>ex</span> <span class='ocrx_word' id='word_1_157' title='bbox 189 1100 299 1133; x_wconf 88' lang='lat' dir='ltr'>eoque</span> <span class='ocrx_word' id='word_1_158' title='bbox 319 1090 354 1123; x_wconf 90' lang='lat' dir='ltr'>iu</span> <span class='ocrx_word' id='word_1_159' title='bbox 381 1101 426 1132; x_wconf 86' lang='lat' dir='ltr'>ge</span> <span class='ocrx_word' id='word_1_160' title='bbox 443 1089 614 1135; x_wconf 89' lang='lat' dir='ltr'>eiusdem)</span> <span class='ocrx_word' id='word_1_161' title='bbox 645 1094 680 1123; x_wconf 87' lang='lat' dir='ltr'>et</span> <span class='ocrx_word' id='word_1_162' title='bbox 700 1091 877 1123; x_wconf 85' lang='lat' dir='ltr'>audiemus</span> <span class='ocrx_word' id='word_1_163' title='bbox 898 1092 1004 1124; x_wconf 84' lang='lat' dir='ltr'>tribus</span> <span class='ocrx_word' id='word_1_164' title='bbox 1027 1091 1164 1123; x_wconf 86' lang='lat' dir='ltr'>vocibus</span> <span class='ocrx_word' id='word_1_165' title='bbox 1186 1091 1283 1123; x_wconf 91' lang='lat' dir='ltr'>simul</span> <span class='ocrx_word' id='word_1_166' title='bbox 1309 1091 1522 1132; x_wconf 84' lang='lat' dir='ltr'>sonantibus,</span> 
     </span>
     <span class='ocr_line' id='line_1_17' title="bbox 126 1147 1521 1190; baseline 0 -10"><span class='ocrx_word' id='word_1_167' title='bbox 126 1147 310 1181; x_wconf 89' lang='lat' dir='ltr'>admodum</span> <span class='ocrx_word' id='word_1_168' title='bbox 335 1147 536 1180; x_wconf 88' lang='lat' dir='ltr'>concinnam</span> <span class='ocrx_word' id='word_1_169' title='bbox 555 1152 591 1180; x_wconf 91' lang='lat' dir='ltr'>et</span> <span class='ocrx_word' id='word_1_170' title='bbox 617 1147 803 1190; x_wconf 82' lang='lat' dir='ltr'>perfectam</span> <span class='ocrx_word' id='word_1_171' title='bbox 831 1147 1066 1189; x_wconf 80' lang='lat' dir='ltr'>harmoniam,</span> <span class='ocrx_word' id='word_1_172' title='bbox 1097 1151 1218 1190; x_wconf 87' lang='lat' dir='ltr'>utpote</span> <span class='ocrx_word' id='word_1_173' title='bbox 1239 1148 1521 1180; x_wconf 87' lang='lat' dir='ltr'>concurrentibus</span> 
     </span>
     <span class='ocr_line' id='line_1_18' title="bbox 124 1203 1521 1249; baseline 0.001 -13"><span class='ocrx_word' id='word_1_174' title='bbox 124 1203 381 1248; x_wconf 83' lang='lat' dir='ltr'>perfectissimis</span> <span class='ocrx_word' id='word_1_175' title='bbox 412 1203 617 1245; x_wconf 86' lang='lat' dir='ltr'>harmoniis,</span> <span class='ocrx_word' id='word_1_176' title='bbox 648 1215 738 1246; x_wconf 90' lang='lat' dir='ltr'>quae</span> <span class='ocrx_word' id='word_1_177' title='bbox 760 1204 960 1249; x_wconf 72' lang='lat' dir='ltr'>symphonia</span> <span class='ocrx_word' id='word_1_178' title='bbox 989 1209 1065 1238; x_wconf 89' lang='lat' dir='ltr'>tota</span> <span class='ocrx_word' id='word_1_179' title='bbox 1085 1209 1137 1237; x_wconf 85' lang='lat' dir='ltr'>est</span> <span class='ocrx_word' id='word_1_180' title='bbox 1164 1205 1277 1246; x_wconf 84' lang='lat' dir='ltr'>imago</span> <span class='ocrx_word' id='word_1_181' title='bbox 1298 1204 1427 1237; x_wconf 89' lang='lat' dir='ltr'>heroici</span> <span class='ocrx_word' id='word_1_182' title='bbox 1446 1215 1521 1237; x_wconf 87' lang='lat' dir='ltr'>ma-</span> 
     </span>
     <span class='ocr_line' id='line_1_19' title="bbox 125 1260 1522 1304; baseline 0.001 -11"><span class='ocrx_word' id='word_1_183' title='bbox 125 1261 309 1303; x_wconf 83' lang='lat' dir='ltr'>gistratus,</span> <span class='ocrx_word' id='word_1_184' title='bbox 339 1270 415 1294; x_wconf 88' lang='lat' dir='ltr'>cum</span> <span class='ocrx_word' id='word_1_185' title='bbox 439 1260 675 1302; x_wconf 85' lang='lat' dir='ltr'>pulcherrimis</span> <span class='ocrx_word' id='word_1_186' title='bbox 700 1262 829 1303; x_wconf 86' lang='lat' dir='ltr'>legibus</span> <span class='ocrx_word' id='word_1_187' title='bbox 850 1262 999 1304; x_wconf 84' lang='lat' dir='ltr'>optimae</span> <span class='ocrx_word' id='word_1_188' title='bbox 1025 1261 1173 1304; x_wconf 89' lang='lat' dir='ltr'>Reipub.</span> <span class='ocrx_word' id='word_1_189' title='bbox 1196 1262 1454 1302; x_wconf 76' lang='lat' dir='ltr'>consentientis,</span> <span class='ocrx_word' id='word_1_190' title='bbox 1483 1265 1522 1294; x_wconf 88' lang='lat' dir='ltr'>ut</span> 
     </span>
     <span class='ocr_line' id='line_1_20' title="bbox 124 1316 1520 1361; baseline -0.001 -10"><span class='ocrx_word' id='word_1_191' title='bbox 124 1318 211 1351; x_wconf 75' lang='lat' dir='ltr'>infra</span> <span class='ocrx_word' id='word_1_192' title='bbox 231 1317 377 1350; x_wconf 89' lang='lat' dir='ltr'>dicetur.</span> <span class='ocrx_word' id='word_1_193' title='bbox 435 1317 619 1350; x_wconf 80' lang='lat' dir='ltr'>Caeterum</span> <span class='ocrx_word' id='word_1_194' title='bbox 656 1316 741 1350; x_wconf 90' lang='lat' dir='ltr'>haec</span> <span class='ocrx_word' id='word_1_195' title='bbox 768 1319 879 1351; x_wconf 91' lang='lat' dir='ltr'>mollis</span> <span class='ocrx_word' id='word_1_196' title='bbox 906 1323 940 1352; x_wconf 89' lang='lat' dir='ltr'>et</span> <span class='ocrx_word' id='word_1_197' title='bbox 966 1319 1186 1351; x_wconf 87' lang='lat' dir='ltr'>dulcisonans</span> <span class='ocrx_word' id='word_1_198' title='bbox 1208 1317 1386 1351; x_wconf 89' lang='lat' dir='ltr'>harmonia</span> <span class='ocrx_word' id='word_1_199' title='bbox 1407 1317 1520 1361; x_wconf 86' lang='lat' dir='ltr'>perfe-</span> 
     </span>
     <span class='ocr_line' id='line_1_21' title="bbox 125 1373 1521 1418; baseline 0 -10"><span class='ocrx_word' id='word_1_200' title='bbox 125 1376 181 1409; x_wconf 80' lang='lat' dir='ltr'>cte</span> <span class='ocrx_word' id='word_1_201' title='bbox 197 1373 384 1408; x_wconf 78' lang='lat' dir='ltr'>seeundum</span> <span class='ocrx_word' id='word_1_202' title='bbox 401 1374 588 1408; x_wconf 88' lang='lat' dir='ltr'>ternarium</span> <span class='ocrx_word' id='word_1_203' title='bbox 605 1385 782 1408; x_wconf 89' lang='lat' dir='ltr'>numerum</span> <span class='ocrx_word' id='word_1_204' title='bbox 805 1379 919 1414; x_wconf 85' lang='lat' dir='ltr'>aucta,</span> <span class='ocrx_word' id='word_1_205' title='bbox 941 1386 1008 1409; x_wconf 90' lang='lat' dir='ltr'>non</span> <span class='ocrx_word' id='word_1_206' title='bbox 1028 1376 1419 1418; x_wconf 79' lang='lat' dir='ltr'>assequiturmeliorem</span> <span class='ocrx_word' id='word_1_207' title='bbox 1439 1374 1521 1408; x_wconf 87' lang='lat' dir='ltr'>har-</span> 
     </span>
     <span class='ocr_line' id='line_1_22' title="bbox 124 1431 1521 1473; baseline 0 -8"><span class='ocrx_word' id='word_1_208' title='bbox 124 1432 292 1466; x_wconf 87' lang='lat' dir='ltr'>moniam:</span> <span class='ocrx_word' id='word_1_209' title='bbox 322 1431 438 1464; x_wconf 78' lang='lat' dir='ltr'>verum</span> <span class='ocrx_word' id='word_1_210' title='bbox 464 1431 521 1464; x_wconf 86' lang='lat' dir='ltr'>illa</span> <span class='ocrx_word' id='word_1_211' title='bbox 545 1432 693 1465; x_wconf 87' lang='lat' dir='ltr'>naturali</span> <span class='ocrx_word' id='word_1_212' title='bbox 711 1433 870 1465; x_wconf 89' lang='lat' dir='ltr'>auctione</span> <span class='ocrx_word' id='word_1_213' title='bbox 886 1433 1100 1465; x_wconf 86' lang='lat' dir='ltr'>transcendit</span> <span class='ocrx_word' id='word_1_214' title='bbox 1121 1433 1155 1465; x_wconf 88' lang='lat' dir='ltr'>in</span> <span class='ocrx_word' id='word_1_215' title='bbox 1180 1432 1416 1473; x_wconf 86' lang='lat' dir='ltr'>durissimam,</span> <span class='ocrx_word' id='word_1_216' title='bbox 1449 1433 1521 1465; x_wconf 90' lang='lat' dir='ltr'>cla-</span> 
     </span>
     <span class='ocr_line' id='line_1_23' title="bbox 123 1487 1521 1533; baseline -0.001 -11"><span class='ocrx_word' id='word_1_217' title='bbox 123 1499 278 1533; x_wconf 87' lang='lat' dir='ltr'>mosam,</span> <span class='ocrx_word' id='word_1_218' title='bbox 311 1492 348 1521; x_wconf 88' lang='lat' dir='ltr'>et</span> <span class='ocrx_word' id='word_1_219' title='bbox 369 1488 556 1521; x_wconf 88' lang='lat' dir='ltr'>secundum</span> <span class='ocrx_word' id='word_1_220' title='bbox 587 1487 813 1531; x_wconf 69' lang='lat' dir='ltr'>Pythagorae</span> <span class='ocrx_word' id='word_1_221' title='bbox 829 1489 1019 1523; x_wconf 90' lang='lat' dir='ltr'>doctrinam</span> <span class='ocrx_word' id='word_1_222' title='bbox 1039 1490 1271 1523; x_wconf 84' lang='lat' dir='ltr'>dissonantem</span> <span class='ocrx_word' id='word_1_223' title='bbox 1297 1489 1521 1530; x_wconf 78' lang='lat' dir='ltr'>harmoniam,</span> 
     </span>
     <span class='ocr_line' id='line_1_24' title="bbox 123 1545 1522 1589; baseline -0.001 -10"><span class='ocrx_word' id='word_1_224' title='bbox 123 1556 214 1589; x_wconf 87' lang='lat' dir='ltr'>quae</span> <span class='ocrx_word' id='word_1_225' title='bbox 245 1549 298 1578; x_wconf 90' lang='lat' dir='ltr'>est</span> <span class='ocrx_word' id='word_1_226' title='bbox 318 1545 494 1588; x_wconf 87' lang='lat' dir='ltr'>Diapason</span> <span class='ocrx_word' id='word_1_227' title='bbox 516 1555 592 1578; x_wconf 90' lang='lat' dir='ltr'>cum</span> <span class='ocrx_word' id='word_1_228' title='bbox 610 1546 816 1578; x_wconf 89' lang='lat' dir='ltr'>semiditono</span> <span class='ocrx_word' id='word_1_229' title='bbox 832 1572 842 1587; x_wconf 88' lang='lat'>,</span> <span class='ocrx_word' id='word_1_230' title='bbox 872 1545 1029 1579; x_wconf 90' lang='lat' dir='ltr'>habentis</span> <span class='ocrx_word' id='word_1_231' title='bbox 1049 1546 1217 1580; x_wconf 82' lang='lat' dir='ltr'>rationem</span> <span class='ocrx_word' id='word_1_232' title='bbox 1247 1556 1336 1588; x_wconf 85' lang='lat' dir='ltr'>quae</span> <span class='ocrx_word' id='word_1_233' title='bbox 1358 1550 1410 1578; x_wconf 88' lang='lat' dir='ltr'>est</span> <span class='ocrx_word' id='word_1_234' title='bbox 1432 1547 1522 1579; x_wconf 88' lang='lat' dir='ltr'>inter</span> 
     </span>
     <span class='ocr_line' id='line_1_25' title="bbox 123 1593 1522 1646; baseline -0.001 -10"><span class='ocrx_word' id='word_1_235' title='bbox 123 1601 170 1637; x_wconf 76' lang='lat'>64</span> <span class='ocrx_word' id='word_1_236' title='bbox 189 1606 225 1635; x_wconf 91' lang='lat' dir='ltr'>et</span> <span class='ocrx_word' id='word_1_237' title='bbox 240 1593 286 1635; x_wconf 78' lang='lat'>27</span> <span class='ocrx_word' id='word_1_238' title='bbox 300 1627 310 1645; x_wconf 92' lang='lat'>,</span> <span class='ocrx_word' id='word_1_239' title='bbox 341 1602 510 1635; x_wconf 86' lang='lat' dir='ltr'>stridente</span> <span class='ocrx_word' id='word_1_240' title='bbox 531 1603 664 1635; x_wconf 88' lang='lat' dir='ltr'>interim</span> <span class='ocrx_word' id='word_1_241' title='bbox 686 1603 894 1635; x_wconf 73' lang='lat' dir='ltr'>tumultuose</span> <span class='ocrx_word' id='word_1_242' title='bbox 913 1603 1117 1636; x_wconf 88' lang='lat' dir='ltr'>semiditono</span> <span class='ocrx_word' id='word_1_243' title='bbox 1140 1613 1217 1636; x_wconf 89' lang='lat' dir='ltr'>cum</span> <span class='ocrx_word' id='word_1_244' title='bbox 1238 1603 1429 1646; x_wconf 87' lang='lat' dir='ltr'>Diapente,</span> <span class='ocrx_word' id='word_1_245' title='bbox 1460 1612 1522 1635; x_wconf 90' lang='lat' dir='ltr'>seu</span> 
     </span>
     <span class='ocr_line' id='line_1_26' title="bbox 121 1659 1521 1702; baseline -0.001 -10"><span class='ocrx_word' id='word_1_246' title='bbox 121 1659 280 1702; x_wconf 87' lang='lat' dir='ltr'>septima,</span> <span class='ocrx_word' id='word_1_247' title='bbox 309 1659 371 1691; x_wconf 81' lang='lat' dir='ltr'>sub</span> <span class='ocrx_word' id='word_1_248' title='bbox 393 1659 570 1692; x_wconf 89' lang='lat' dir='ltr'>dulcisono</span> <span class='ocrx_word' id='word_1_249' title='bbox 595 1663 630 1692; x_wconf 90' lang='lat' dir='ltr'>et</span> <span class='ocrx_word' id='word_1_250' title='bbox 650 1659 891 1692; x_wconf 86' lang='lat' dir='ltr'>iucundissimo</span> <span class='ocrx_word' id='word_1_251' title='bbox 914 1660 1100 1702; x_wconf 84' lang='lat' dir='ltr'>Diapason.</span> <span class='ocrx_word' id='word_1_252' title='bbox 1161 1660 1271 1692; x_wconf 89' lang='lat' dir='ltr'>Huius</span> <span class='ocrx_word' id='word_1_253' title='bbox 1303 1660 1392 1692; x_wconf 90' lang='lat' dir='ltr'>enim</span> <span class='ocrx_word' id='word_1_254' title='bbox 1414 1660 1521 1702; x_wconf 88' lang='lat' dir='ltr'>septi-</span> 
     </span>
     <span class='ocr_line' id='line_1_27' title="bbox 122 1715 1522 1759; baseline -0.001 -10"><span class='ocrx_word' id='word_1_255' title='bbox 122 1726 200 1749; x_wconf 88' lang='lat' dir='ltr'>mae</span> <span class='ocrx_word' id='word_1_256' title='bbox 217 1715 366 1748; x_wconf 84' lang='lat' dir='ltr'>maxima</span> <span class='ocrx_word' id='word_1_257' title='bbox 395 1719 446 1748; x_wconf 90' lang='lat' dir='ltr'>est</span> <span class='ocrx_word' id='word_1_258' title='bbox 468 1715 679 1748; x_wconf 89' lang='lat' dir='ltr'>dissonantia</span> <span class='ocrx_word' id='word_1_259' title='bbox 703 1720 738 1748; x_wconf 91' lang='lat' dir='ltr'>et</span> <span class='ocrx_word' id='word_1_260' title='bbox 759 1716 982 1756; x_wconf 84' lang='lat' dir='ltr'>deformitas,</span> <span class='ocrx_word' id='word_1_261' title='bbox 1012 1721 1050 1749; x_wconf 89' lang='lat' dir='ltr'>ut</span> <span class='ocrx_word' id='word_1_262' title='bbox 1071 1720 1213 1759; x_wconf 88' lang='lat' dir='ltr'>propter</span> <span class='ocrx_word' id='word_1_263' title='bbox 1237 1716 1368 1748; x_wconf 91' lang='lat' dir='ltr'>aurium</span> <span class='ocrx_word' id='word_1_264' title='bbox 1387 1717 1522 1749; x_wconf 48' lang='lat' dir='ltr'>incoluss</span> 
     </span>
     <span class='ocr_line' id='line_1_28' title="bbox 122 1771 1520 1816; baseline 0 -10"><span class='ocrx_word' id='word_1_265' title='bbox 122 1773 279 1806; x_wconf 87' lang='lat' dir='ltr'>mitatem</span> <span class='ocrx_word' id='word_1_266' title='bbox 302 1781 443 1804; x_wconf 87' lang='lat' dir='ltr'>necesse</span> <span class='ocrx_word' id='word_1_267' title='bbox 470 1772 515 1804; x_wconf 89' lang='lat' dir='ltr'>sit</span> <span class='ocrx_word' id='word_1_268' title='bbox 547 1771 613 1805; x_wconf 92' lang='lat' dir='ltr'>hoc</span> <span class='ocrx_word' id='word_1_269' title='bbox 645 1772 859 1805; x_wconf 79' lang='lat' dir='ltr'>intervallum</span> <span class='ocrx_word' id='word_1_270' title='bbox 884 1783 990 1815; x_wconf 85' lang='lat' dir='ltr'>pausa</span> <span class='ocrx_word' id='word_1_271' title='bbox 1020 1773 1241 1816; x_wconf 80' lang='lat' dir='ltr'>interrumpi,</span> <span class='ocrx_word' id='word_1_272' title='bbox 1273 1773 1301 1805; x_wconf 88' lang='lat' dir='ltr'>si</span> <span class='ocrx_word' id='word_1_273' title='bbox 1337 1773 1520 1815; x_wconf 86' lang='lat' dir='ltr'>aliquando</span> 
     </span>
     <span class='ocr_line' id='line_1_29' title="bbox 121 1828 1519 1871; baseline -0.001 -8"><span class='ocrx_word' id='word_1_274' title='bbox 121 1829 318 1863; x_wconf 87' lang='lat' dir='ltr'>cantilenae</span> <span class='ocrx_word' id='word_1_275' title='bbox 349 1828 484 1861; x_wconf 86' lang='lat' dir='ltr'>extrudi</span> <span class='ocrx_word' id='word_1_276' title='bbox 510 1840 578 1861; x_wconf 91' lang='lat' dir='ltr'>non</span> <span class='ocrx_word' id='word_1_277' title='bbox 599 1832 726 1871; x_wconf 84' lang='lat' dir='ltr'>potest.</span> <span class='ocrx_word' id='word_1_278' title='bbox 783 1829 883 1862; x_wconf 90' lang='lat' dir='ltr'>Haec</span> <span class='ocrx_word' id='word_1_279' title='bbox 904 1834 940 1862; x_wconf 88' lang='lat' dir='ltr'>ut</span> <span class='ocrx_word' id='word_1_280' title='bbox 961 1830 994 1862; x_wconf 88' lang='lat' dir='ltr'>in</span> <span class='ocrx_word' id='word_1_281' title='bbox 1021 1831 1170 1863; x_wconf 90' lang='lat' dir='ltr'>numeris</span> <span class='ocrx_word' id='word_1_282' title='bbox 1190 1834 1395 1870; x_wconf 85' lang='lat' dir='ltr'>cernantur,</span> <span class='ocrx_word' id='word_1_283' title='bbox 1431 1830 1519 1862; x_wconf 89' lang='lat' dir='ltr'>ratio</span> 
     </span>
     <span class='ocr_line' id='line_1_30' title="bbox 122 1885 1520 1929; baseline -0.001 -10"><span class='ocrx_word' id='word_1_284' title='bbox 122 1885 339 1928; x_wconf 87' lang='lat' dir='ltr'>sesquitertia</span> <span class='ocrx_word' id='word_1_285' title='bbox 358 1895 446 1926; x_wconf 89' lang='lat' dir='ltr'>quae</span> <span class='ocrx_word' id='word_1_286' title='bbox 473 1885 786 1926; x_wconf 14' lang='lat' dir='ltr'>estodiatessarom</span> <span class='ocrx_word' id='word_1_287' title='bbox 819 1890 874 1918; x_wconf 86' lang='lat' dir='ltr'>ter</span> <span class='ocrx_word' id='word_1_288' title='bbox 898 1892 1146 1929; x_wconf 86' lang='lat' dir='ltr'>componatur,</span> <span class='ocrx_word' id='word_1_289' title='bbox 1177 1891 1212 1919; x_wconf 94' lang='lat' dir='ltr'>et</span> <span class='ocrx_word' id='word_1_290' title='bbox 1239 1887 1388 1929; x_wconf 87' lang='lat' dir='ltr'>prodibit</span> <span class='ocrx_word' id='word_1_291' title='bbox 1417 1886 1520 1928; x_wconf 90' lang='lat' dir='ltr'>dupla</span> 
     </span>
     <span class='ocr_line' id='line_1_31' title="bbox 120 1939 1519 1993; baseline 0 -17"><span class='ocrx_word' id='word_1_292' title='bbox 120 1942 498 1985; x_wconf 84' lang='lat' dir='ltr'>superdecempartiens</span> <span class='ocrx_word' id='word_1_293' title='bbox 529 1942 710 1984; x_wconf 80' lang='lat' dir='ltr'>vigesimas</span> <span class='ocrx_word' id='word_1_294' title='bbox 737 1943 924 1985; x_wconf 87' lang='lat' dir='ltr'>septimas,</span> <span class='ocrx_word' id='word_1_295' title='bbox 954 1941 1007 1987; x_wconf 89' lang='lat' dir='ltr'>(id</span> <span class='ocrx_word' id='word_1_296' title='bbox 1037 1949 1090 1976; x_wconf 91' lang='lat' dir='ltr'>est</span> <span class='ocrx_word' id='word_1_297' title='bbox 1119 1939 1219 1993; x_wconf 51' lang='grc' dir='ltr'>Ξὲῼ)</span> <span class='ocrx_word' id='word_1_298' title='bbox 1251 1943 1519 1986; x_wconf 83' lang='lat' dir='ltr'>quaeconsistit</span> 
     </span>
     <span class='ocr_line' id='line_1_32' title="bbox 119 1997 1127 2043; baseline 0.001 -10"><span class='ocrx_word' id='word_1_299' title='bbox 119 1999 211 2033; x_wconf 86' lang='lat' dir='ltr'>inter</span> <span class='ocrx_word' id='word_1_300' title='bbox 231 1999 318 2033; x_wconf 90' lang='lat' dir='ltr'>duos</span> <span class='ocrx_word' id='word_1_301' title='bbox 339 1999 458 2040; x_wconf 85' lang='lat' dir='ltr'>cubos,</span> <span class='ocrx_word' id='word_1_302' title='bbox 490 2009 612 2042; x_wconf 90' lang='lat' dir='ltr'>nempe</span> <span class='ocrx_word' id='word_1_303' title='bbox 630 1997 675 2032; x_wconf 81' lang='lat'>64</span> <span class='ocrx_word' id='word_1_304' title='bbox 692 2003 725 2032; x_wconf 87' lang='lat' dir='ltr'>et</span> <span class='ocrx_word' id='word_1_305' title='bbox 754 1999 811 2034; x_wconf 77' lang='lat'>27.</span> <span class='ocrx_word' id='word_1_306' title='bbox 872 2001 1009 2033; x_wconf 88' lang='lat' dir='ltr'>Cadant</span> <span class='ocrx_word' id='word_1_307' title='bbox 1023 2001 1127 2043; x_wconf 78' lang='lat' dir='ltr'>igitur</span> 
     </span>
    </p>
   </div>
   <div class='ocr_carea' id='block_1_3' title="bbox 574 2069 1064 2107">
    <p class='ocr_par' dir='ltr' id='par_1_3' title="bbox 574 2069 1064 2107">
     <span class='ocr_line' id='line_1_33' title="bbox 574 2069 1064 2107; baseline 0.004 -10"><span class='ocrx_word' id='word_1_308' title='bbox 574 2069 784 2098; x_wconf 84' lang='lat' dir='ltr'>Semiditonus</span> <span class='ocrx_word' id='word_1_309' title='bbox 809 2079 876 2098; x_wconf 87' lang='lat' dir='ltr'>cum</span> <span class='ocrx_word' id='word_1_310' title='bbox 898 2070 1064 2107; x_wconf 75' lang='lat' dir='ltr'>Diapeme.</span> 
     </span>
    </p>
   </div>
   <div class='ocr_carea' id='block_1_4' title="bbox 535 2213 1088 2258">
    <p class='ocr_par' dir='ltr' id='par_1_4' title="bbox 535 2213 1088 2258">
     <span class='ocr_line' id='line_1_34' title="bbox 535 2213 1088 2258; baseline 0.005 -4"><span class='ocrx_word' id='word_1_311' title='bbox 535 2218 593 2256; x_wconf 79' lang='grc'>64.-</span> <span class='ocrx_word' id='word_1_312' title='bbox 720 2213 776 2254; x_wconf 82' lang='lat'>48</span> <span class='ocrx_word' id='word_1_313' title='bbox 868 2216 895 2252; x_wconf 77' lang='lat'><em>3</em></span> <span class='ocrx_word' id='word_1_314' title='bbox 902 2214 929 2254; x_wconf 82' lang='lat'><em>5</em></span> <span class='ocrx_word' id='word_1_315' title='bbox 1041 2222 1088 2258; x_wconf 73' lang='lat'>27</span> 
     </span>
    </p>
   </div>
   <div class='ocr_carea' id='block_1_5' title="bbox 117 2507 1514 2598">
    <p class='ocr_par' dir='ltr' id='par_1_5' title="bbox 117 2507 1514 2598">
     <span class='ocr_line' id='line_1_35' title="bbox 575 2507 1042 2543; baseline 0.002 -8"><span class='ocrx_word' id='word_1_316' title='bbox 575 2507 733 2543; x_wconf 84' lang='lat' dir='ltr'>Diapason</span> <span class='ocrx_word' id='word_1_317' title='bbox 756 2516 822 2535; x_wconf 87' lang='lat' dir='ltr'>cum</span> <span class='ocrx_word' id='word_1_318' title='bbox 847 2507 1042 2537; x_wconf 87' lang='lat' dir='ltr'>semiditono.</span> 
     </span>
     <span class='ocr_line' id='line_1_36' title="bbox 117 2548 1514 2598; baseline -0.001 -7"><span class='ocrx_word' id='word_1_319' title='bbox 117 2557 208 2591; x_wconf 82' lang='lat' dir='ltr'>inter</span> <span class='ocrx_word' id='word_1_320' title='bbox 226 2567 286 2590; x_wconf 90' lang='lat' dir='ltr'>eos</span> <span class='ocrx_word' id='word_1_321' title='bbox 325 2556 392 2590; x_wconf 92' lang='lat' dir='ltr'>duo</span> <span class='ocrx_word' id='word_1_322' title='bbox 423 2554 535 2590; x_wconf 88' lang='lat' dir='ltr'>medio</span> <span class='ocrx_word' id='word_1_323' title='bbox 562 2555 640 2587; x_wconf 92' lang='lat' dir='ltr'>loco</span> <span class='ocrx_word' id='word_1_324' title='bbox 673 2556 943 2598; x_wconf 84' lang='lat' dir='ltr'>proportionalia</span> <span class='ocrx_word' id='word_1_325' title='bbox 970 2554 1036 2588; x_wconf 90' lang='lat' dir='ltr'>hoc</span> <span class='ocrx_word' id='word_1_326' title='bbox 1067 2553 1192 2595; x_wconf 87' lang='lat' dir='ltr'>modo,</span> <span class='ocrx_word' id='word_1_327' title='bbox 1222 2548 1278 2587; x_wconf 77' lang='lat'>64.</span> <span class='ocrx_word' id='word_1_328' title='bbox 1303 2550 1359 2587; x_wconf 73' lang='lat'>48.</span> <span class='ocrx_word' id='word_1_329' title='bbox 1379 2553 1435 2589; x_wconf 80' lang='lat'>36.</span> <span class='ocrx_word' id='word_1_330' title='bbox 1455 2554 1514 2590; x_wconf 68' lang='lat'>27.</span> 
     </span>
    </p>
   </div>
   <div class='ocr_carea' id='block_1_6' title="bbox 117 2610 1516 2827">
    <p class='ocr_par' dir='ltr' id='par_1_6' title="bbox 117 2610 1516 2827">
     <span class='ocr_line' id='line_1_37' title="bbox 118 2610 1516 2655; baseline -0.003 -7"><span class='ocrx_word' id='word_1_331' title='bbox 118 2614 350 2648; x_wconf 87' lang='lat' dir='ltr'>Conferantur</span> <span class='ocrx_word' id='word_1_332' title='bbox 370 2616 483 2645; x_wconf 85' lang='lat' dir='ltr'>autem</span> <span class='ocrx_word' id='word_1_333' title='bbox 504 2611 613 2655; x_wconf 81' lang='lat' dir='ltr'>primo</span> <span class='ocrx_word' id='word_1_334' title='bbox 637 2615 707 2644; x_wconf 89' lang='lat' dir='ltr'>tres</span> <span class='ocrx_word' id='word_1_335' title='bbox 731 2613 861 2645; x_wconf 82' lang='lat' dir='ltr'>numeri</span> <span class='ocrx_word' id='word_1_336' title='bbox 891 2613 1104 2655; x_wconf 79' lang='lat' dir='ltr'>quicunque,</span> <span class='ocrx_word' id='word_1_337' title='bbox 1135 2610 1247 2644; x_wconf 86' lang='lat' dir='ltr'>medio</span> <span class='ocrx_word' id='word_1_338' title='bbox 1268 2616 1453 2655; x_wconf 81' lang='lat' dir='ltr'>exempto,</span> <span class='ocrx_word' id='word_1_339' title='bbox 1482 2616 1516 2645; x_wconf 92' lang='lat' dir='ltr'>et</span> 
     </span>
     <span class='ocr_line' id='line_1_38' title="bbox 118 2664 1515 2717; baseline -0.001 -13"><span class='ocrx_word' id='word_1_340' title='bbox 118 2669 318 2704; x_wconf 85' lang='lat' dir='ltr'>habebimus</span> <span class='ocrx_word' id='word_1_341' title='bbox 343 2670 510 2703; x_wconf 83' lang='lat' dir='ltr'>rationem</span> <span class='ocrx_word' id='word_1_342' title='bbox 531 2664 599 2717; x_wconf 51' lang='lat' dir='ltr'>lg,</span> <span class='ocrx_word' id='word_1_343' title='bbox 630 2679 718 2710; x_wconf 89' lang='lat' dir='ltr'>quae</span> <span class='ocrx_word' id='word_1_344' title='bbox 737 2673 788 2702; x_wconf 84' lang='lat' dir='ltr'>est</span> <span class='ocrx_word' id='word_1_345' title='bbox 812 2669 1008 2702; x_wconf 82' lang='lat' dir='ltr'>semiditoni</span> <span class='ocrx_word' id='word_1_346' title='bbox 1031 2679 1107 2701; x_wconf 89' lang='lat' dir='ltr'>cum</span> <span class='ocrx_word' id='word_1_347' title='bbox 1125 2669 1309 2710; x_wconf 79' lang='lat' dir='ltr'>Diapente.</span> <span class='ocrx_word' id='word_1_348' title='bbox 1368 2665 1515 2713; x_wconf 88' lang='lat' dir='ltr'>(Similis</span> 
     </span>
     <span class='ocr_line' id='line_1_39' title="bbox 117 2723 1514 2770; baseline -0.003 -9"><span class='ocrx_word' id='word_1_349' title='bbox 117 2726 183 2761; x_wconf 91' lang='lat' dir='ltr'>hoc</span> <span class='ocrx_word' id='word_1_350' title='bbox 199 2728 277 2760; x_wconf 90' lang='lat' dir='ltr'>loco</span> <span class='ocrx_word' id='word_1_351' title='bbox 290 2725 442 2763; x_wconf 86' lang='lat' dir='ltr'>confusio</span> <span class='ocrx_word' id='word_1_352' title='bbox 454 2735 671 2759; x_wconf 88' lang='lat' dir='ltr'>numerorum</span> <span class='ocrx_word' id='word_1_353' title='bbox 688 2725 722 2758; x_wconf 92' lang='lat' dir='ltr'>in</span> <span class='ocrx_word' id='word_1_354' title='bbox 740 2726 842 2768; x_wconf 90' lang='lat' dir='ltr'>libro,</span> <span class='ocrx_word' id='word_1_355' title='bbox 861 2727 994 2769; x_wconf 88' lang='lat' dir='ltr'>qualem</span> <span class='ocrx_word' id='word_1_356' title='bbox 1011 2737 1043 2768; x_wconf 89' lang='lat' dir='ltr'>p.</span> <span class='ocrx_word' id='word_1_357' title='bbox 1061 2724 1275 2759; x_wconf 86' lang='lat' dir='ltr'>XXXXllll.</span> <span class='ocrx_word' id='word_1_358' title='bbox 1291 2723 1514 2770; x_wconf 75' lang='lat' dir='ltr'>notavimus.)</span> 
     </span>
     <span class='ocr_line' id='line_1_40' title="bbox 117 2780 1512 2827; baseline -0.003 -8"><span class='ocrx_word' id='word_1_359' title='bbox 117 2784 348 2819; x_wconf 83' lang='lat' dir='ltr'>Conferantur</span> <span class='ocrx_word' id='word_1_360' title='bbox 370 2786 491 2827; x_wconf 86' lang='lat' dir='ltr'>postea</span> <span class='ocrx_word' id='word_1_361' title='bbox 509 2782 653 2817; x_wconf 81' lang='lat' dir='ltr'>extremi</span> <span class='ocrx_word' id='word_1_362' title='bbox 677 2783 809 2817; x_wconf 83' lang='lat' dir='ltr'>numeri</span> <span class='ocrx_word' id='word_1_363' title='bbox 829 2780 874 2815; x_wconf 78' lang='lat'>64</span> <span class='ocrx_word' id='word_1_364' title='bbox 897 2787 931 2817; x_wconf 89' lang='lat' dir='ltr'>et</span> <span class='ocrx_word' id='word_1_365' title='bbox 949 2783 994 2815; x_wconf 72' lang='lat'>27</span> <span class='ocrx_word' id='word_1_366' title='bbox 1008 2806 1019 2823; x_wconf 92' lang='lat'>‚</span> <span class='ocrx_word' id='word_1_367' title='bbox 1050 2785 1086 2816; x_wconf 88' lang='lat' dir='ltr'>et</span> <span class='ocrx_word' id='word_1_368' title='bbox 1113 2780 1312 2825; x_wconf 79' lang='lat' dir='ltr'>habebimus</span> <span class='ocrx_word' id='word_1_369' title='bbox 1332 2782 1512 2823; x_wconf 83' lang='lat' dir='ltr'>rationem,</span> 
     </span>
    </p>
   </div>
  </div>
 </body>
</html>
