1764 3176
243 151 433 177 LxxXXII
687 130 1211 175 PRAEFATIO

243 253 423 294 addenda
442 255 544 292 sunt.
606 252 718 302 Quae
736 252 916 292 diametri
937 266 1057 304 quum
1075 265 1207 302 neque
1232 250 1396 302 quinarii
1418 263 1510 304 esse
1528 262 1626 302 pos-

243 348 347 393 sint7
385 346 535 395 quippe
560 344 625 394 qui
644 357 784 392 unam7
821 358 903 383 non
934 344 1031 382 duas
1064 343 1287 382 ineffabiles
1319 343 1533 381 diametros
1553 342 1626 379 ha-

239 438 352 484 beat,
389 448 521 486 neque
551 435 624 474 alia
649 437 804 474 ratione
836 450 858 474 a
889 436 1087 486 scriptore
1117 433 1313 472 indicatae
1348 435 1448 483 sint,
1489 433 1629 472 eadem

237 529 310 575 via,
353 540 430 578 qua
451 527 490 564 in
509 528 646 577 priore
665 527 871 565 harmonia
890 525 1110 577 indaganda
1138 526 1369 576 quadratum
1389 525 1469 563 illic
1503 524 1628 576 signi-

236 619 399 657 ficatum
425 619 703 668 quaesivimus,
735 619 801 657 hic
824 630 984 669 quoque
1003 617 1159 669 ingredi
1193 620 1234 655 et
1266 629 1315 655 ex
1338 616 1521 654 omuibus
1544 615 1627 654 dia-

240 710 376 749 metris
415 708 680 747 ineffabilibus
718 709 816 748 duas
845 710 992 760 primas
1029 710 1177 760 eligere
1208 708 1413 747 debemus,
1508 707 1630 758 Atqui

238 802 368 853 prima
390 801 565 839 omnium
584 800 764 838 monadis
787 804 861 849 est,
884 801 995 839 radix
1019 801 1170 839 binarii.
1242 800 1371 839 Huius
1393 799 1512 850 igitur
1532 812 1627 850 qua-

241 893 407 940 dratum,
430 892 512 930 hoe
534 895 609 938 est,
629 891 835 941 binarium,
866 893 1040 944 'primum
1068 891 1271 930 addamus.
1342 890 1422 930 Pro
1455 889 1631 929 secunda

239 984 403 1022 ternarii
420 983 595 1022 radicem
616 984 823 1035 ponimus,
861 997 962 1035 quae
992 996 1228 1034 quamquam
1251 994 1481 1030 numerum7
1518 981 1629 1020 cuius

242 1075 434 1114 diameter
465 1076 538 1123 sit7
576 1075 775 1114 effabilem
803 1075 1045 1122 nonhabet,
1081 1073 1207 1112 nihilo
1233 1076 1366 1112 tamen
1389 1074 1517 1112 minus
1542 1072 1629 1111 dia-

241 1170 371 1206 meter
403 1170 490 1214 est.
529 1180 645 1217 quam
676 1167 814 1205 binarii
833 1166 954 1206 radix.
1026 1165 1371 1215 Quemadmodum
1396 1166 1500 1203 enim
1523 1164 1627 1203 radi-

243 1272 312 1298 ces
331 1258 552 1297 ineffabiles
571 1257 738 1296 laterum
756 1259 883 1296 vicem
901 1257 1118 1296 subeuntes
1149 1256 1350 1295 definitam
1375 1252 1631 1308 quantitatem

239 1351 461 1402 accipiunt,
498 1349 606 1387 haud
646 1361 762 1387 secus
795 1361 982 1387 numerus
1011 1349 1078 1387 ille
1106 1348 1343 1396 ineffabilis,
1379 1349 1443 1387 cui
1469 1348 1629 1386 ternarii

237 1441 414 1480 radicem
432 1441 665 1480 diametrum
684 1441 904 1488 tribuimus,
940 1440 1074 1479 lateris
1095 1442 1223 1480 vicem
1244 1440 1350 1479 subit
1370 1442 1409 1478 et
1430 1442 1629 1490 tamquam

237 1533 340 1572 latus
367 1533 565 1584 quadrati,
597 1532 705 1583 quod
734 1532 938 1570 dimidium
967 1533 1126 1570 ternarii
1160 1534 1244 1580 est,
1282 1534 1389 1570 certa
1415 1531 1630 1582 quantitate

239 1625 386 1678 gaudet
408 1628 448 1663 et
471 1627 624 1664 certum
648 1623 879 1674 quadratum
901 1623 1100 1674 producit,
1137 1624 1247 1662 cuius
1272 1623 1505 1662 diametrum
1526 1635 1628 1673 quo-

240 1730 319 1768 que
350 1719 499 1755 certam
531 1728 624 1754 esse
656 1729 827 1754 necesse
857 1719 931 1755 est.
1002 1715 1132 1754 Huius
1149 1716 1267 1766 igitur
1296 1714 1528 1765 quadratum
1557 1726 1629 1752 seu

238 1811 373 1860 ipsum
402 1808 617 1846 ternarium
643 1820 719 1845 una
751 1820 841 1844 cum
869 1807 1019 1845 binario
1045 1806 1093 1844 ad
1118 1806 1629 1857 duodequinquagenarium

240 1899 442 1939 addamus.
515 1898 582 1937 Sic
613 1892 705 1937 euin
737 1911 945 1936 numerum
978 1898 1197 1946 efficimus,
1235 1898 1301 1948 qui
1340 1898 1491 1935 centies
1519 1909 1627 1934 sum-

241 1995 334 2044 ptus
356 1994 396 2030 et
415 1993 572 2029 centum
592 1991 751 2028 ternarii
771 1990 881 2029 cubis
904 1990 1045 2028 additis
1069 1992 1206 2028 auctus
1228 1988 1628 2035 octiesmillenarium,

242 2083 386 2123 cubum
418 2083 628 2130 vicenarii7
658 2081 836 2133 praebet.
908 2081 1039 2131 Atque
1068 2080 1171 2119 hanc
1201 2080 1364 2118 alteram
1382 2079 1628 2117 harmoniam

243 2189 336 2216 esse
358 2179 469 2228 puto.

341 2268 452 2307 Alter
482 2267 596 2305 loeus
629 2268 860 2317 argumento
888 2278 969 2303 11011
997 2266 1050 2303 ita
1072 2263 1273 2302 dissimilis
1296 2262 1625 2301 dubitationibus—

239 2373 317 2411 que
347 2362 386 2398 et
415 2359 505 2410 ipse
540 2357 738 2396 nonnullis
770 2357 964 2395 obnoxius
995 2359 1057 2394 est
1089 2355 1135 2393 L.
1170 2353 1287 2393 VIIII.
1317 2368 1357 2405 p.
1390 2353 1486 2392 587.
1512 2354 1557 2391 C.
1578 2376 1627 2380 ——

238 2450 334 2490 588.
366 2450 412 2489 A.
452 2451 519 2489 ubi
557 2449 769 2496 Socrates,
822 2451 1034 2499 postquam
1064 2447 1135 2484 viri
1166 2447 1258 2484 iusti
1291 2459 1362 2483 seu
1392 2444 1627 2496 philosophi

241 2542 502 2592 eiusdemque
533 2542 640 2592 regis
669 2541 788 2579 vitam
811 2553 892 2578 non
922 2539 1052 2577 solum
1080 2539 1292 2589 optimam.
1330 2537 1403 2575 sed
1425 2537 1541 2575 etiam
1564 2536 1624 2573 iu-

241 2634 521 2674 cundissimam
549 2646 642 2672 esse
665 2636 784 2683 atque
810 2632 895 2669 eius
917 2630 1162 2682 voluptatem
1183 2642 1343 2680 quoque
1365 2630 1485 2680 longe
1512 2627 1623 2666 volu—

243 2727 342 2778 ptati
360 2727 493 2765 iniusti
517 2726 599 2763 sive
618 2725 771 2775 tyranni
792 2722 1031 2761 antecellere
1049 2723 1175 2760 tribus
1196 2721 1435 2773 argumentis
1457 2720 1623 2758 demon-

244 2819 398 2864 stravit.
431 2817 694 2857 differentiam
728 2815 939 2862 voluptatis
960 2815 1166 2858 utriusque
1196 2812 1245 2850 ad
1269 2812 1443 2851 calculos
1467 2813 1626 2850 revocat
