1764 3176
212 65 268 104 54

854 66 1000 106 Volum,
1030 65 1078 106 ll.

213 177 458 228 Pag.272‚b,
477 179 574 214 inter
605 189 639 216 V.
672 177 724 216 10
755 179 793 214 et
823 177 868 216 11
910 177 1072 213 inseras:
1115 176 1344 223 οἰκοῦνται,
1375 176 1447 227 οἷς)
1477 201 1528 206 ———
1560 194 1572 217 ι
1601 176 1634 217 ὦ
1662 200 1717 208 --

486 234 523 269 in
553 233 663 269 litura
690 233 774 269 Par.
807 231 852 270 A.
880 232 954 269 Dii.

488 289 538 328 15
569 293 657 338 post
684 282 759 327 ὦδε
788 289 952 325 inseras:
976 288 1062 326 Par.
1091 289 1135 324 A.
1162 288 1235 326 Dii.

486 345 536 383 11
564 357 586 381 a
617 343 640 381 f.
667 349 755 393 post
783 345 966 382 videatur.
998 344 1140 380 addas.
1167 344 1289 392 Atque
1318 344 1369 379 ita
1394 344 1492 385 Tim
1522 358 1558 393 p.
1591 343 1656 384 45.
1668 344 1718 383 l)

487 400 685 450 σωτηρίαν
719 396 793 451 γὰρ
831 397 883 450 ἣν
917 399 958 439 οἱ
1000 398 1089 438 θεοὶ
1127 401 1197 463 τῆς
1236 397 1371 448 ὄψεως
1406 397 1718 451 ἐμηχανησαντο,

486 453 562 506 τὴν
591 458 672 493 τῶν
703 451 919 507 βλεφάρων
949 453 1100 504 φύσιν,
1132 470 1228 493 οταν
1258 458 1382 494 ταῦτα
1408 453 1615 508 ξυμμύσῃ,
1644 472 1718 495 κα-

485 512 695 564 θείργνυσι
721 526 793 561 την
819 514 890 549 τοῦ
916 509 1039 561 πυρὸς
1065 508 1175 558 ε’ντός
1205 507 1377 563 δύναμιν
1402 513 1542 549 dictum
1563 517 1620 549 est
1648 526 1719 562 pro

486 565 540 617 ἣν
569 583 644 619 γαρ
671 567 870 618 σωτηρίαν
889 566 966 605 κτὲ

211 622 454 672 Pag.274‚b‚
479 626 502 664 2
535 629 623 673 post
663 626 827 687 possunt.
868 623 1007 659 addas:
1044 622 1104 661 Cf.
1139 622 1240 659 Tim.
1276 637 1311 673 Ι).
1342 623 1408 662 65.
1442 622 1493 659 C:
1534 618 1609 661 όσα
1648 620 1721 672 μὲν

474 695 549 732 γαρ
587 674 757 718 εἰσιοντα
797 678 888 729 περὶ
931 675 977 716 τοὶ
1018 677 1161 729 φλέβια
1201 675 1292 718 οὶόν
1334 693 1406 729 περ
1448 679 1607 725 δοκίμια
1648 681 1722 728 τῆς

484 734 657 787 γλώττης
686 733 877 785 τεταμένα
909 733 972 773 ἐπὶ
1003 749 1075 803 τῃν
1104 735 1273 785 καρδίαν
1308 734 1364 780 εἰς
1399 731 1445 772 τοὶ
1475 732 1616 786 νοτεροῖ
1648 737 1721 782 τῆς

487 804 633 843 σαρκος
666 789 732 828 καὶ
768 786 899 829 ἁπαλοὶ
940 788 1184 829 ἐμπίπτοντα
1213 787 1337 841 γήῑνα
1371 789 1469 841 μέρη
1507 805 1718 841 κατατηκο-

486 862 585 899 μενα
617 843 778 898 ξυναγει
814 844 860 885 τοὶ
905 846 1047 901 φλέβια
1080 861 1147 884 και
1177 842 1462 897 α’ποξηραίνει,
1503 842 1722 898 τραχύτερα

485 901 557 954 μὲν
585 900 681 942 ὄντα
708 914 903 953 στρυφνα,
932 902 1051 951 ἧττον
1082 900 1123 940 δὲ
1154 899 1397 953 τραχύνοντα
1423 899 1600 954 αὕστηρα
1625 903 1721 950 φαί-

486 974 606 998 νεται.
666 959 728 995 Ne
758 958 816 995 hic
844 958 996 1007 quidem
1019 959 1251 995 constructio
1274 958 1472 995 verborum
1502 972 1568 1008 per
1599 954 1722 1010 γήϊνα

486 1015 584 1067 μέρη
614 1010 911 1064 κατατηκόμενα
942 1014 1184 1063 interrumpi,
1218 1015 1286 1050 sed
1326 1015 1432 1062 quasi
1470 1027 1537 1063 per
1566 1015 1721 1064 apposi-

483 1073 623 1109 tionem
649 1071 856 1107 continuari
881 1070 1042 1117 videtur,
1074 1071 1133 1106 cui
1159 1074 1281 1108 tamen
1311 1071 1431 1119 ipsum
1458 1083 1592 1107 nomen
1623 1071 1722 1121 μέρη

484 1132 521 1163 et
546 1130 628 1163 tota
657 1127 845 1162 sententia
870 1129 1079 1174 repugnat,
1116 1138 1212 1173 quae
1242 1125 1303 1161 illa
1336 1128 1449 1162 verba
1478 1140 1546 1175 pro
1573 1127 1722 1163 casibus

483 1182 664 1220 absolutis
693 1181 822 1218 haberi
852 1181 974 1217 iubet:
1015 1183 1169 1217 terrenis
1197 1182 1368 1230 partibas
1398 1183 1472 1218 suis
1500 1182 1721 1232 liquefactis.

486 1239 575 1276 Non
613 1237 730 1274 multo
769 1238 876 1273 aliter
914 1237 1081 1273 eiusdem
1112 1236 1259 1273 Timaei
1294 1250 1331 1302 Ι)
1356 1238 1422 1277 32.
1451 1236 1504 1273 A:
1555 1233 1639 1276 τότε
1676 1253 1720 1276 το

486 1293 608 1344 μέσον
631 1290 702 1342 μὲν
729 1307 887 1344 πρωτον
916 1291 982 1330 καὶ
1014 1292 1173 1342 ε’σχατον
1183 1290 1443 1360 γιγνόμενον,
1467 1290 1511 1331 τό
1540 1289 1582 1330 δ’
1613 1293 1722 1353 ἔσχα-

483 1365 552 1388 τον
583 1348 648 1387 καὶ
680 1346 721 1387 τό
750 1363 908 1398 πρωτον
946 1349 996 1386 αὑ
1034 1347 1132 1398 μέσα
1167 1345 1393 1412 αμφότερα,
1427 1344 1561 1387 ποῖνθ
1595 1344 1722 1395 οὕτως

484 1405 523 1453 ἐξ
543 1401 717 1454 αναγκης
740 1420 786 1443 τα
809 1400 907 1442 αὕτα
931 1400 1034 1442 εἶναι
1061 1400 1326 1454 ξυμβήσεται,
1353 1420 1400 1442 τα
1423 1401 1521 1442 αὕτα
1548 1402 1590 1442 δὲ
1610 1402 1721 1456 γενό-

485 1476 584 1512 μενα
614 1458 802 1509 ἀλλήλοις
831 1460 878 1499 ἓν
908 1456 1038 1498 πάντα
1073 1459 1190 1499 ἔσται.
1250 1461 1292 1496 In
1320 1461 1452 1508 quibus
1483 1474 1631 1497 casuum
1662 1462 1722 1498 di-

485 1518 644 1554 versitas
676 1522 713 1552 et
739 1529 782 1553 ex
812 1516 1046 1552 nominativis
1077 1517 1112 1553 in
1142 1517 1393 1553 accusativum
1422 1517 1521 1552 facta
1548 1518 1721 1553 transitio

485 1586 560 1609 non
605 1572 713 1609 facile
764 1572 1085 1611 animadvertitur.
1160 1573 1283 1620 Atque
1322 1573 1527 1609 secundum
1569 1573 1637 1609 hos
1683 1578 1722 1609 et

481 1628 695 1665 huiusmodi
726 1627 832 1664 locos
866 1640 887 1663 a
917 1627 1167 1675 grammaticis
1197 1629 1339 1664 nostris
1369 1628 1560 1676 neglectos
1592 1629 1721 1665 nescio

482 1697 529 1721 an
566 1685 612 1720 de
642 1684 812 1719 Platonis
843 1696 911 1719 usu
938 1683 1252 1720 nominativorum
1276 1684 1531 1721 absolutorum
1561 1685 1614 1722 ita
1641 1689 1722 1721 sta-

484 1740 663 1776 tuendum
703 1740 770 1784 sit,
812 1742 866 1786 ut,
905 1740 1217 1788 quemadmodum
1257 1740 1294 1775 in
1331 1740 1570 1789 appositione
1616 1740 1721 1776 notio

481 1794 681 1843 singularis
711 1795 949 1832 continuatur
980 1794 1130 1831 alterius
1161 1795 1326 1832 notionis
1353 1795 1582 1844 adiectione,
1612 1795 1721 1832 simili

482 1851 596 1887 modo
624 1849 734 1886 Plato
764 1850 977 1887 inchoatam
1009 1855 1046 1886 et
1079 1855 1223 1887 tantum
1255 1864 1327 1887 non
1361 1851 1567 1900 perfectam
1603 1864 1721 1889 enun-

481 1907 674 1942 tiationem
709 1905 942 1941 existimetur
975 1906 1094 1943 altera
1133 1919 1250 1955 eaque
1283 1907 1454 1956 perfecta
1490 1908 1720 1954 continuare,

483 1962 698 2010 neutiquam
732 1973 821 1996 vero
854 1961 1100 1998 anacoluthon
1139 1961 1262 1999 facere
1298 1963 1460 1999 voluisse
1499 1964 1720 2010 orationem,

484 2029 582 2066 quae
636 2016 881 2065 Engelhardti
940 2017 1127 2053 sententia
1179 2022 1238 2054 est
1287 2018 1323 2053 in
1369 2018 1522 2054 Anacol.
1572 2019 1719 2059 Platon.

483 2085 587 2121 spec.
626 2071 691 2110 ΙΙΙ.
735 2085 771 2121 Ι),
813 2073 881 2112 30.
922 2072 970 2108 ad
1015 2072 1135 2109 locum
1174 2072 1272 2121 Leg.
1317 2073 1362 2111 L.
1402 2074 1502 2110 VIII.
1546 2087 1583 2124 Ι).
1624 2072 1720 2115 844.

483 2128 528 2165 C.
549 2128 746 2178 proposita
767 2127 822 2164 his
841 2127 984 2164 verbis:
1017 2127 1250 2165 Nominativi
1268 2129 1436 2175 absoluti,
1465 2143 1549 2179 quos
1572 2134 1720 2176 vocant,

481 2187 568 2220 sunt
596 2185 708 2219 verba
743 2182 785 2222 ἐκ
817 2180 915 2229 Διός
942 2180 1069 2222 ’ὕδατα
1099 2181 1332 2236 γιγνόμενα,
1362 2186 1387 2220 i.
1421 2198 1449 2222 e.
1476 2185 1584 2222 huius
1611 2198 1720 2222 casus

483 2240 628 2275 ratione
655 2251 725 2274 non
763 2239 894 2276 habita
927 2242 1084 2289 scriptor
1117 2242 1154 2276 in
1188 2253 1282 2290 seqq.
1312 2245 1540 2277 structuram
1570 2254 1718 2277 commo-

483 2294 619 2330 (liorem
655 2295 795 2331 intulit.
852 2293 977 2332 Locus
1015 2296 1097 2344 ipse
1131 2295 1191 2333 hic
1231 2304 1306 2332 est:
1346 2293 1416 2335 ἐεῖν
1462 2293 1504 2335 δὲ
1540 2296 1581 2335 ἐκ
1621 2293 1719 2343 Διός

480 2346 607 2388 ν’δατα
637 2346 851 2401 γιγνόμενα
874 2347 944 2389 τὸν
970 2347 1112 2419 ἒπανο)
1138 2354 1389 2403 γεωργοῦντα
1418 2347 1445 2401 ὴ
1474 2351 1539 2390 καὶ
1565 2348 1715 2402 ὁμότοι-

480 2420 551 2455 χον
603 2405 790 2444 οἰκοῦντα
832 2421 913 2444 των
954 2421 1145 2446 υποκατω
1195 2404 1351 2461 βλάπτῃ
1389 2422 1447 2454 τις
1483 2405 1536 2458 μὴ
1578 2405 1717 2454 διδούς

478 2457 625 2512 ἐκροήν
655 2460 731 2502 κτὲ.
790 2461 862 2498 Hic
891 2463 992 2509 quod
1023 2463 1314 2512 praedicandum
1346 2469 1425 2500 erat
1457 2464 1503 2500 (le
1534 2476 1647 2512 aqua,
1677 2465 1714 2500 id

483 2517 739 2566 praedicatum
757 2517 937 2554 habemus
953 2519 1078 2555 verbis
1096 2518 1137 2557 ἐκ
1150 2516 1248 2566 Διὸς
1266 2515 1495 2571 γιγνόμενα,
1508 2520 1559 2556 ita
1576 2526 1714 2567 tamen,

484 2576 522 2608 ut
542 2574 774 2621 exspectatio
797 2578 943 2610 maneat
961 2575 1253 2612 continuationis
1270 2575 1425 2612 alicuius
1444 2575 1501 2611 vel
1522 2576 1570 2613 ad
1587 2571 1715 2614 ὕδατα

484 2627 540 2663 vel
570 2628 617 2663 ad
650 2624 861 2680 γιγνόμενα
891 2629 949 2666 vel
978 2631 1024 2666 ad
1057 2634 1255 2680 utrumque
1284 2632 1532 2680 pertinentis,
1562 2632 1619 2668 cui
1649 2643 1715 2668 ex-

486 2683 709 2732 spectationi
735 2685 871 2722 deinde
887 2698 982 2723 nova
1009 2687 1263 2724 enuntiatione
1283 2688 1334 2724 ita
1360 2685 1591 2724 satisfactum
1610 2687 1714 2723 vide-

483 2751 585 2785 muS,
628 2744 667 2776 ut
707 2753 828 2789 neque
871 2742 918 2778 ad
957 2742 1161 2779 subiectum
1205 2755 1327 2792 neque
1369 2743 1416 2781 ad
1442 2743 1712 2794 praedicatum7
