1764 3176
596 188 630 228 E
660 187 699 228 D
730 188 750 230 I
779 187 816 229 T
847 187 887 229 Ο
915 187 954 229 R
981 187 1000 229 I
1030 187 1072 229 S.
1325 203 1551 231 LXXXVIIH

157 313 282 359 cadit,
318 311 393 350 sed
415 310 692 357 centenarius,
728 312 773 348 ut
811 309 893 348 hoc
927 312 1038 356 utar,
1075 309 1299 356 xicenario,
1335 309 1547 347 tricenario

157 408 198 443 et
220 392 365 443 ceteris
387 416 409 442 a
424 403 588 453 denario
608 402 814 453 productis
840 413 922 440 non
936 402 1064 439 minus
1087 391 1309 459 ἰσομήκης
1336 403 1410 448 est,
1432 413 1548 450 quam

156 495 390 534 millenario.
462 493 600 544 Itaque
642 494 676 531 si
702 494 765 531 cui
794 505 960 531 numero
985 491 1176 542 quadrato
1204 483 1427 549 ἰσομήκης
1451 492 1552 530 alter

156 587 320 634 dicitur,
355 589 494 638 potest
525 586 560 623 is
596 585 755 636 quidem
788 585 968 623 eiusdem
1002 583 1147 621 radicis
1179 584 1358 633 potentia
1398 583 1551 631 haberi,

156 678 231 717 sed
251 679 328 717 nisi
347 677 504 716 aliunde
525 677 743 716 accesserit
769 677 930 715 alterius
954 675 1089 713 lateris
1110 674 1313 721 indicium,
1338 688 1412 725 pro
1439 656 1550 714 certo

155 770 296 809 haberi
329 782 411 808 non
439 771 589 821 potest.
659 768 804 819 Neque
841 781 890 807 ex
923 770 1061 806 nostra
1100 766 1360 817 geometriam
1388 767 1577 805 finiendi·

154 861 311 900 ratione
343 861 395 899 de
431 860 609 899 Platonis
644 861 892 913 geometrico
938 871 1103 897 numero
1140 857 1476 908 pronuntiandum
1513 862 1554 897 et

155 953 258 992 ultra
278 953 436 992 tertiam
472 953 626 1004 positas
651 952 853 1004 potentias
878 964 927 990 eo
953 950 1167 1002 significari
1185 951 1370 1000 potuisse
1400 963 1550 1001 negan-

157 1045 252 1084 dum
273 1048 347 1093 est,
378 1045 615 1097 praesertim
640 1057 759 1095 quum
786 1044 943 1082 tertiam
964 1056 1125 1094 quoque
1146 1041 1260 1081 Plato
1286 1043 1378 1093 ipse
1398 1041 1445 1081 L.
1466 1041 1550 1083 VH.

157 1150 197 1190 p.
209 1136 306 1176 528.
323 1137 369 1176 B.
386 1136 620 1189 disciplinae
636 1150 657 1175 a
669 1137 889 1188 geometria
902 1136 1083 1175 diversae
1097 1134 1340 1173 tractandam
1353 1134 1550 1175 attribuat.

156 1229 324 1281 Ellipsis
352 1229 491 1268 autem‘
522 1228 695 1267 nominis
730 1219 913 1286 πλευρά
941 1231 981 1267 et
1008 1229 1169 1268 omnino
1196 1227 1382 1266 inusitata
1411 1228 1451 1264 et
1469 1226 1550 1265 hoc

156 1321 250 1361 loco
284 1321 337 1360 ob
371 1321 669 1373 ambiguitatem
710 1321 837 1360 aliena
870 1326 944 1362 est.
1014 1320 1199 1371 Denique
1228 1331 1348 1370 quum
1381 1318 1551 1357 effabilis

158 1413 324 1465 quinarii
345 1413 539 1453 diameter
578 1414 828 1465 septenarius
864 1414 937 1461 sit,
977 1414 1061 1452 eius
1099 1413 1311 1464 quadratus
1345 1411 1436 1449 fieri
1470 1422 1553 1448 non

156 1508 296 1557 potest
322 1509 365 1544 ut
383 1506 555 1545 monade
586 1506 762 1545 detracta
783 1505 908 1544 nihilo
932 1505 1062 1544 minus
1082 1502 1552 1556 undequinquagenarius

156 1600 327 1646 maneat,
364 1598 473 1649 quod
496 1599 657 1650 quidem
676 1601 719 1637 et
740 1598 832 1649 ipse
855 1597 950 1636 olim
974 1599 1094 1636 statui
1117 1601 1157 1637 et
1179 1597 1384 1637 Branisius
1405 1602 1552 1646 tuetur,

158 1689 279 1729 verba
305 1687 543 1746 δεομένων
563 1681 666 1737 ἑνός
688 1680 897 1731 ἑκάστων
918 1689 1010 1728 ideo
1036 1689 1169 1728 addita
1192 1693 1351 1740 putans,
1389 1703 1467 1741 quo
1491 1690 1551 1729 di-

160 1781 305 1820 sertius
324 1794 406 1820 non
434 1781 635 1831 diametri,
678 1781 752 1819 sed
791 1781 979 1832 quadrata
1017 1793 1150 1819 earum
1186 1781 1444 1833 intelligenda
1476 1782 1550 1821 do-

161 1876 358 1912 cerentur.
427 1873 481 1912 At
501 1886 546 1911 ea
565 1873 721 1911 ratione
740 1863 962 1931 οἷῤῥήτων
986 1872 1197 1911 dicendum
1225 1877 1330 1921 erat,
1368 1887 1449 1912 non
1471 1873 1551 1932 ῥη-

157 1959 269 2006 τῶν.
337 1963 564 2004 [neffabiles
584 1977 679 2003 vero
704 1977 785 2002 non
807 1963 939 2002 solum
959 1966 1197 2014 quaternarii
1220 1969 1261 2004 et
1283 1966 1440 2015 senarii,
1477 1965 1551 2004 sed

159 2056 278 2095 etiam
299 2056 482 2096 monadis
505 2059 547 2095 et
567 2056 720 2105 binarii,
744 2069 980 2107 quamquam
1001 2056 1147 2095 horum
1172 2057 1353 2096 effabiles
1376 2070 1549 2108 quoque,

158 2150 203 2186 ut
221 2148 410 2198 quinarii,
447 2149 663 2188 diametros
696 2161 790 2188 esse
815 2152 985 2187 constat.
1056 2145 1109 2187 Vt
1132 2149 1252 2200 igitur
1279 2149 1376 2187 duas
1404 2149 1547 2188 ineffa-

158 2238 260 2278 biles
282 2239 332 2278 ad
349 2240 450 2279 duos
473 2253 522 2279 ex
549 2241 636 2279 istis
661 2240 893 2279 duodenarii
913 2240 1156 2288 factoribusa
1195 2241 1241 2287 1,
1270 2241 1321 2288 2,
1350 2241 1398 2288 3,
1427 2241 1476 2290 4,
1509 2243 1550 2290 6,

157 2331 392 2370 referendas
416 2310 706 2379 concedamus7
743 2333 877 2383 quod,
912 2333 1002 2383 quia
1039 2332 1089 2370 de
1121 2332 1209 2370 istis
1238 2334 1412 2371 numeris
1436 2332 1549 2372 Plato

161 2424 322 2463 omnino
362 2437 444 2463 non
465 2425 673 2476 cogitavit,
717 2424 885 2463 concedi
907 2424 1064 2475 nequit,
1100 2429 1233 2462 tamen
1268 2425 1374 2463 nulla
1409 2438 1551 2464 caussa

160 2520 243 2563 est,
280 2527 350 2554 cur
385 2515 435 2554 ad
472 2517 762 2567 quaternarium
810 2519 851 2555 et
880 2517 1078 2555 senarium
1117 2515 1370 2567 potissimum
1405 2517 1550 2557 referri

158 2607 342 2647 debeant.

261 2697 388 2747 Nunc,
425 2701 611 2750 quoniam
634 2701 684 2739 de
721 2700 887 2740 aliorum
916 2701 1169 2753 opinionibus
1199 2701 1294 2740 satis
1322 2701 1471 2740 dixisse
1489 2701 1545 2739 vi-

159 2791 321 2837 demur,
358 2796 564 2842 superest,
601 2796 644 2830 ut
674 2796 849 2831 nostram
887 2807 1173 2845 proponamus.
1246 2795 1305 2832 Ac
1342 2793 1393 2831 de
1424 2794 1546 2844 priori

160 2886 273 2934 parte
304 2883 442 2922 eadem
482 2885 697 2931 sentimus,
735 2898 836 2935 quae
877 2892 1013 2933 antea7
1049 2886 1170 2937 idque
1200 2899 1249 2924 eo
1277 2886 1428 2936 magis,
1466 2897 1544 2936 quo
