1764 3176
65 1077 98 1120 C

454 190 787 233 CIVITAS
831 190 952 232 LIB.
977 190 1111 233 Vllll.
1141 196 1210 232 586

1439 195 1523 233 167

142 300 285 355 ὥσπερ
316 299 366 343 τὸ
399 303 476 358 τῆς
500 300 672 357 Ἑλένης
700 303 880 346 εἴδωλον
908 300 996 345 ὑπὸ
1027 307 1118 346 τῶν
1148 302 1195 346 ἐν
1230 303 1369 358 Τροίᾳ
1399 305 1518 356 Στη-

142 366 317 424 σίχορός
344 380 451 424 φησι
470 371 673 425 γενέσθαι
697 369 989 426 περιμάχητον
1009 367 1170 429 άγνοίᾳ
1195 374 1274 414 τοῦ
1303 368 1519 425 ἀληθοῦς;

143 435 294 492 Πολλή
324 433 507 494 ἀνάγκη,
527 438 624 494 ἔφη,
649 438 853 481 τοιοῦτόν
872 455 911 481 τι
939 435 1046 480 αὐτὸ
1070 434 1194 480 εἶναι.
1245 440 1296 480 Τί
1326 437 1393 488 δέ,
1423 437 1519 491 περὶ

137 504 190 548 τὸ
219 506 453 560 θυμοειδὲς
477 504 556 562 οὐχ
579 505 703 559 ἕτερα
731 509 915 549 τοιαῦτα
935 504 1103 562 ἀνάγκη
1125 508 1368 562 γίγνεσθαι,
1391 505 1440 563 ὃςζ
1465 505 1520 548 ἂν

115 570 251 618 --αὕτὸ
284 577 415 617 τοῦτο
447 572 757 629 διαπράττηται
786 572 814 629 ἢ
837 572 997 632 φθόνῳ
1021 574 1094 616 διὰ
1122 575 1374 629 φιλοτιμίαν
1397 572 1425 628 ἢ
1444 575 1519 630 βίᾳ

134 639 212 685 διὰ
233 642 508 697 φιλονεικίαν
531 641 560 698 ἢ
581 644 713 700 θυμῷ
736 640 809 685 διὰ
837 643 1089 694 δυσκολίαν,
1113 642 1368 698 πλησμονὴν
1391 645 1515 697 τιμῆς
1540 646 1577 686 D

134 725 180 753 τε
200 710 273 753 καὶ
292 711 416 765 νίκης
433 710 506 753 καὶ
524 714 675 764 θυμοῦ
696 707 867 752 διώκων
887 708 994 752 ἄνευ
1015 713 1231 765 λογισμοῦ
1252 725 1297 752 τε
1322 709 1395 752 καὶ
1413 713 1517 760 νοῦς

139 780 349 830 Τοιαῦτα,
378 772 406 834 ἦ
432 776 475 822 δ’
510 775 569 828 ὃς,
590 775 758 834 ἀνάγκη
782 779 854 821 καὶ
885 778 984 831 περὶ
1002 781 1135 821 τοῦτο
1159 776 1285 821 εἶναι.
1334 778 1384 819 Τί
1413 771 1517 826 οὖνς

132 838 192 901 ἦν
220 842 262 888 δ’
303 844 410 901 ἐγώ·
447 845 723 900 θαρροῦντες
759 845 972 901 λέγωμεν,
1006 845 1072 889 ὅτι
1115 846 1189 889 καὶ.
1222 845 1322 900 περὶ
1359 845 1408 888 τό
1449 861 1518 899 φι-

133 912 337 968 λοκερδὲς
365 913 440 957 καὶ
467 912 516 957 τό
549 913 804 970 φιλόνεικον
833 913 933 958 ὅσαι
961 913 1192 970 ἐπιθυμίαι
1223 914 1346 966 εἰσὶν,
1365 915 1410 956 αἳ
1439 912 1518 968 μὲν

181 1081 395 1127 σφοδροὺς]
438 1079 608 1126 σφοδρὰς
643 1083 729 1116 Ven.
753 1084 794 1118 Β.

133 1125 228 1163 Μοιι.
251 1129 294 1163 Β.
322 1129 402 1163 Vat.
426 1128 475 1162 Μ.
507 1128 599 1163 Flor
623 1128 667 1161 U.
703 1139 794 1172 σφο-

131 1173 176 1217 δρ
179 1184 265 1216 ουσ,
289 1185 364 1220 sup.
389 1184 448 1217 ασ,
473 1174 558 1207 Lob.
594 1174 792 1208 Addendum

128 1219 194 1254 hoc
217 1200 265 1254 ad,
283 1232 336 1263 ea,
360 1232 448 1266 quae
465 1220 634 1253 Matthiae
649 1232 789 1264 gramm.

154 1267 260 1301 ..238
279 1277 331 1311 sq.
357 1270 393 1300 et
408 1267 637 1300 Buttmannus
649 1278 788 1311 grauun.

147 1323 214 1356 Ρ.
231 1312 310 1347 247.
329 1316 641 1346 commemorarunt.

173 1369 392 1424 φαίνεσθαι]
415 1363 600 1417 φέρεσθαι
622 1369 724 1404 Vind.
745 1370 788 1404 Ε.

172 1413 445 1459 περιμαχήτους
466 1411 574 1468 εἶναι]
597 1412 789 1459 περιεῖναι,

119 1460 161 1496 in
184 1472 229 1496 m.
254 1473 275 1495 a
298 1466 342 1496 ιιι.
366 1472 393 1496 s.
416 1457 616 1516 μαχήτους,
641 1461 735 1495 Μοιι.
746 1463 787 1496 Β.

124 1504 397 1551 περὶμαχήτους
415 1503 548 1553 άγνοία
565 1512 630 1541 etc.
655 1508 787 1542 omissis

124 1552 246 1587 mediis
270 1553 370 1587 Vind.
393 1554 439 1587 E.

123 1611 410 1690 Dewggegichgii‘
422 1610 642 1690 cli'hlghalddra
659 1621 784 1701 [1)ῃὲΞᾶ

123 1702 164 1737 A
167 1746 369 1804 γενέσθαι]
380 1748 574 1792 γίγνεσθαι
598 1747 683 1792 Ang.
704 1748 744 1781 B.

170 1791 317 1840 άγνοίᾳ]
345 1790 478 1838 άγνοία
501 1794 578 1828 Ald.

168 1848 358 1894 άληθοῦςς
366 1851 378 1895 ]
405 1847 586 1894 άληθοῦς.
612 1850 685 1884 Ald.
703 1850 783 1885 Bas.

121 1896 177 1932 ab.
219 1897 340 1942 Steph.
380 1899 455 1930 Ast.
492 1908 544 1942 pr
588 1897 783 1951 Stephanus

120 1953 223 1987 supra
257 1946 338 1988 post
371 1939 706 1987 ἀποχραινομέναις
738 1943 784 1976 si-

118 1999 220 2032 gnum
242 1987 478 2032 interrogandi
501 1989 622 2032 posuit.

164 2042 354 2089 τοιοῦτόν]
379 2058 422 2080 το
448 2058 479 2080 τ.
506 2045 607 2079 Vind.
636 2045 675 2078 Ε.
704 2046 779 2079 Vat.

118 2091 163 2126 H.
173 2091 268 2125 Flor.
281 2092 387 2127 ACV.
408 2089 451 2126 τὸ
463 2088 616 2126 τοιοῦτό
630 2092 658 2123 V
660 2091 727 2126 ind.
738 2093 778 2124 B.

166 2134 288 2181 αὐτὸ]
321 2150 386 2172 om.
420 2138 521 2173 Vind.
545 2138 586 2174 F.
620 2138 705 2182 Aug.
739 2138 777 2171 B.

117 2183 210 2217 Flor.
231 2183 274 2216 R.

167 2240 214 2274 Τί
234 2236 298 2281 δέ,·
321 2239 406 2284 περὶ
423 2238 466 2275 τὸ
480 2239 679 2284 θυμοειδὲς
695 2237 778 2285 ου’χ]

117 2283 157 2319 In
181 2285 381 2320 editionibus
413 2291 494 2320 ante
516 2287 605 2320 Astii
635 2299 704 2322 sec.
731 2288 778 2321 si—

114 2343 219 2375 gnum
249 2331 488 2387 interrogandi
515 2344 581 2366 non
612 2339 691 2377 post
722 2332 776 2377 δέ,

117 2378 177 2411 sed
209 2381 288 2431 post
309 2375 508 2420 θυμοειδές
535 2379 681 2423 positum
712 2383 776 2422 est,

116 2428 222 2469 atque
244 2423 293 2456 ita
316 2423 474 2458 Ficinus·
502 2426 593 2467 Quid
611 2437 691 2459 vero
709 2427 776 2459 cir-

116 2482 157 2503 ca
178 2470 350 2503 irascendi
365 2470 558 2505 naturam?
580 2483 692 2504 nonne
709 2475 774 2506 etc.

115 2515 241 2550 Melius
257 2516 292 2549 in
309 2516 461 2561 margine
479 2517 676 2552 ostenderat
694 2518 773 2552 Ste-

114 2562 258 2628 phanus.

161 2614 205 2658 ὃς
234 2614 304 2662 dlv]
339 2620 477 2663 quando
511 2622 587 2665 quis
620 2621 694 2655 Fic.
731 2622 773 2655 ad

114 2676 248 2699 sensum
271 2664 454 2718 apposite.
476 2666 561 2701 Post
582 2667 774 2711 γίγνεσθαι

113 2722 180 2745 ιιοιι
222 2711 337 2746 statim
385 2707 506 2758 τούτῳ
547 2713 774 2757 cogitandum,

113 2757 174 2790 sed
196 2757 422 2798 incidendmn,
447 2746 491 2791 ιη’
510 2760 706 2804 Stephanus
721 2760 773 2793 fe-

111 2803 172 2845 cit,
203 2808 274 2837 tum
297 2804 426 2839 scilicet
458 2805 490 2838 ei
514 2806 568 2839 vel
591 2806 773 2851 unicuique

110 2849 386 2885 subaudiendum.

892 1073 1200 1128 διαπράττηται]
1267 1079 1513 1126 διαπράξηται

851 1129 953 1164 Vind.
974 1130 1017 1165 E.

897 1175 1147 1219 φιλονεικίαν]
1183 1173 1393 1218 φιλονικίαν
1426 1174 1513 1207 Ven.

849 1221 889 1255 Β.
916 1221 1009 1255 Μοιι.
1035 1221 1074 1254 Β.
1100 1221 1194 1254 Flor.
1219 1221 1263 1254 U.

894 1264 1050 1312 ἀνάγκη]
1081 1264 1223 1311 ἀνάγκῃ
1247 1265 1324 1300 Ald.

897 1313 942 1346 Τί
953 1312 1148 1357 must—Ita
1170 1312 1291 1346 Astius
1318 1312 1354 1357 in
1379 1323 1447 1346 sec.
1474 1315 1509 1344 et

846 1361 926 1392 tert.
968 1360 1013 1393 Τί
1045 1358 1114 1392 οὖν
1146 1361 1202 1393 vel
1229 1358 1275 1392 Τί
1299 1357 1394 1401 ου’ν,
1428 1357 1512 1391 reli-

844 1416 934 1450 quae
957 1405 1134 1439 editiones.

888 1459 1140 1506 θαρροῦντες]
1152 1458 1399 1505 θαρρούντως
1411 1461 1509 1497 Vind.

880 1533 1060 1597 λέγωμεν]
1077 1551 1225 1597 λέγομεν
1241 1552 1343 1587 Vind.
1360 1553 1401 1586 B.
1423 1553 1508 1586 Ven.

780 1637 788 1645 .
843 1599 883 1632 Β.
917 1601 997 1635 Vat.
1023 1599 1104 1632 HM.
1139 1599 1234 1633 Flor.
1258 1599 1397 1635 ACTV.
1431 1603 1466 1632 et
1489 1612 1509 1633 a

843 1656 886 1678 m.
929 1657 956 1680 5.
998 1645 1077 1680 Par.
1109 1647 1150 1679 A.
1196 1648 1357 1679 Asserere
1397 1646 1510 1690 igitur

844 1692 1036 1727 audeamus
1055 1711 1120 1724 —.
1143 1691 1220 1725 Fic.

888 1735 931 1771 τό
956 1735 1182 1780 φιλόνεικον]
1209 1734 1252 1770 τὸ
1274 1748 1340 1770 om.
1354 1735 1451 1771 Vind.
1464 1736 1506 1769 Β.

842 1780 886 1816 τὸ
917 1780 1111 1826 φιλόνικον
1145 1784 1232 1818 Ven.
1268 1782 1310 1816 B.
1345 1793 1366 1816 a
1400 1793 1443 1816 ιιι.
1479 1794 1506 1815 s.

842 1829 941 1862 Vind.
970 1830 1011 1862 Ε.
1044 1841 1065 1862 a
1097 1841 1140 1863 m.
1175 1841 1228 1873 pr.
1261 1830 1369 1861 aliam
1397 1829 1507 1863 victo-

840 1875 915 1908 riae
939 1876 1129 1908 studiosam
1156 1875 1324 1920 (partem)
1351 1875 1426 1908 Fic

887 1919 996 1965 εἰσὶν]
1024 1920 1093 1955 εἰσὶ
1116 1921 1217 1956 Vind
1239 1921 1284 1954 F.

886 1976 950 2022 αἳ]
976 1978 1032 2011 Ita
1056 1977 1158 2012 Vind.
1188 1977 1230 2011 Ε.
1278 1976 1416 2031 Reliqui
1441 1977 1506 2010 mei

839 2035 913 2057 cum
941 2024 1041 2058 editis
1066 2028 1145 2057 ante
1168 2023 1255 2056 Astii
1279 2035 1348 2057 sec.
1375 2034 1415 2055 αι
1440 2023 1505 2056 ha—

837 2070 930 2111 bent,
949 2071 1038 2115 quod
1064 2074 1230 2103 commate
1253 2072 1332 2113 post
1355 2080 1421 2123 μεν
1441 2079 1503 2113 po-

836 2115 899 2149 sito
925 2121 960 2150 et
990 2116 1143 2161 pioxime
1174 2120 1339 2159 sequente
1367 2109 1414 2147 ὃὶν
1440 2125 1502 2158 pro

836 2158 904 2195 ἐὰν
923 2167 1065 2206 accepto
1081 2162 1251 2195 soloecam
1270 2161 1405 2205 quidem
1422 2171 1500 2193 ora—

835 2207 962 2241 tionem
994 2220 1060 2241 non
1092 2208 1280 2246 reddebat,
1306 2206 1366 2240 sed
1398 2206 1501 2240 nihilo

834 2254 942 2287 minus
967 2264 1255 2298 supervacaneum
1282 2257 1318 2285 et
1340 2252 1500 2286 ιίῐίοειιιιι

834 2304 921 2333 erat.
969 2299 1108 2333 Etenim
1131 2298 1353 2351 cupiditatum
1378 2309 1498 2331 secun-

832 2345 911 2379 dum
934 2345 1120 2391 voluptatis
1152 2344 1333 2378 veritatem
1359 2343 1499 2377 divisio-

832 2403 875 2425 ne
899 2393 993 2425 facta
1026 2396 1130 2447 atque
1156 2402 1223 2423 una
1257 2395 1357 2434 parte
1381 2401 1497 2423 earum

831 2449 895 2482 per
928 2436 969 2471 αἱ
1003 2448 1070 2480 μεν
1101 2436 1295 2480 significata
1327 2435 1494 2480 alterique

832 2484 989 2528 opposita
1007 2483 1081 2516 eius
1103 2482 1214 2527 partis
1232 2482 1492 2527 descriptionem

831 2530 929 2574 sequi
962 2541 1069 2574 eaque
1105 2528 1385 2572 comprehensas,
1410 2529 1493 2572 quia

830 2575 994 2609 scientiae
1006 2578 1041 2608 et
1061 2574 1185 2608 rationi
1205 2575 1492 2618 obtemperarent,

830 2633 895 2655 non
920 2622 949 2654 si
981 2622 1276 2665 obtemperarent,
1299 2620 1494 2654 verissimas

829 2668 1024 2712 voluptates
1064 2677 1189 2711 capere
1232 2666 1301 2700 dici
1353 2676 1492 2699 necesse

830 2719 928 2755 erat,
960 2713 1086 2758 quippe
1119 2723 1208 2757 quae
1231 2724 1297 2746 non
1325 2712 1424 2746 aliam
1449 2712 1491 2745 ob

829 2771 917 2802 rem,
939 2759 1005 2793 nisi
1028 2755 1117 2803 quod
1139 2758 1210 2792 tale
1233 2757 1431 2802 obsequium
1447 2758 1490 2791 ab

829 2805 940 2839 altera
983 2807 1083 2849 parte
1130 2807 1290 2850 negatum
1328 2815 1368 2836 re
1408 2814 1492 2837 vera

829 2854 1008 2897 praestare
1030 2850 1239 2892 viderentur,
1262 2850 1306 2884 ab
1331 2849 1390 2883 illa
1410 2860 1489 2894 par-
