1764 3176
225 1099 257 1142 C

280 104 337 143 66

711 95 1188 140 PLATONIS

281 210 539 260 λάττεσθαι,
576 207 650 251 καὶ
679 207 869 264 βλαβεροὶ
900 208 979 263 μὲν
1008 206 1195 263 σώματι,
1236 205 1426 274 βλαβεροὶ
1468 206 1513 249 δὲ
1542 208 1660 262 ψυχῇ

221 282 253 324 C
282 277 393 331 πρός
429 292 472 319 τε
510 274 728 331 φρόνησιν
771 276 845 318 καὶ
887 275 937 319 τό
977 279 1250 330 σωφρονεῖν,
1294 273 1381 342 ἀρά
1421 288 1469 327 γε
1514 270 1661 326 ὀρθῶς

281 344 364 389 οὐκ
396 343 611 400 ἀναγκαία
641 343 697 387 ἂν
727 348 927 392 καλοῖτος
953 341 1201 397 Ὀρθὸτατα
1222 342 1300 397 μὲν
1324 343 1419 384 οὐν.

1483 339 1663 384 Οὐκοῦν

280 413 353 456 καὶ
383 411 657 463 ἀναλωτικάς
687 416 839 467 φῶμεν
867 409 977 455 εἶναι
1008 409 1189 460 ταύτας,
1230 410 1395 459 ἐκείνας
1426 408 1472 452 δὲ
1500 425 1664 465 χρημα-

279 480 472 531 τιστικάς
494 479 567 524 διοὶ
589 479 637 522 τὸ
666 481 907 535 χρησίμους
936 479 1046 533 πρὸς
1074 478 1128 521 τὰ
1159 477 1262 533 ἔργα
1294 475 1427 527 &ivam
1453 478 1525 519 .Τί
1554 475 1664 533 μήν,·

284 548 414 593 Οὕτω
449 546 501 604 δή
533 548 606 592 καὶ
635 548 732 602 περὶ
762 545 1038 601 ἀφροδισίων
1068 548 1140 590 καὶ
1168 550 1257 589 τῶν
1282 544 1434 589 ἄλλων
1450 543 1663 601 φήσομεν.

287 616 428 661 Οὕτω.
480 612 576 669 ’Ἆρ’
616 609 699 658 οὖν
737 615 813 657 καὶ
851 613 903 657 ὃν
942 619 1026 658 νῦν
1065 614 1117 670 δὴ
1158 619 1335 670 κηφῆνα
1366 612 1664 668 ὠνομάζομεν,

280 689 442 729 τοῦτον
479 684 680 739 ἐλέγομεν
716 682 795 725 τὸν
833 686 922 725 τῶν
957 681 1173 726 τοιούτων
1207 681 1384 737 ἡδονῶν
1413 681 1485 724 καὶ
1516 681 1668 723 ἐπιθυ-

286 756 399 809 μιῶν
427 752 616 808 γέμοντα
646 750 717 793 καὶ
755 748 1001 805 ἀρχόμενον
1042 749 1128 792 ὑπὸ
1169 754 1259 792 τῶν
1302 749 1359 804 μὴ
1401 749 1664 806 ἀναγκαίων,

217 823 256 865 D
284 820 362 865 τὸν
392 820 438 864 δὲ
468 817 556 862 ὑπό
587 821 676 861 τῶν
714 814 967 873 ἀναγκαίων
1005 818 1224 872 φειδωλόν
1264 834 1308 861 τε
1344 817 1418 861 καὶ
1450 816 1666 872 ὀλιγαρχι-

330 965 396 1010 μὲν
440 963 600 1010 σώματι,
645 964 834 1011 βλαβερὰ]
882 977 947 999 om.

286 1013 385 1047 Vind.
410 1013 453 1047 E.

332 1058 394 1105 agai
419 1057 479 1101 τὸ]
505 1057 568 1092 καὶ
593 1055 687 1101 πρὸς
711 1055 753 1092 τὸ
779 1057 902 1090 Athen.

335 1102 435 1149 ἀρά]
461 1101 535 1149 ἄρα
560 1105 659 1141 Vind.
678 1105 724 1138 F.
748 1100 822 1147 ἀρα
849 1102 949 1137 Vind.

333 1193 425 1241 οὐκ]
450 1194 513 1230 καὶ
531 1195 700 1229 Athenaei
724 1195 818 1228 codd.
837 1194 948 1228 Marc.

285 1243 390 1278 Laur.
416 1245 447 1277 1.
479 1242 551 1276 Pal.
585 1242 637 1275 ed.
665 1253 715 1287 pr.
741 1239 949 1286 Dind.'per-

285 1301 414 1335 peram.

334 1332 533 1378 ἀναγκαία]
551 1330 736 1377 ἀναγκαῖα
747 1332 832 1366 Lob.
847 1332 948 1366 Vind.

286 1380 390 1415 BEF.
413 1381 489 1414 Ald.
515 1381 597 1414 Bas.
620 1380 675 1413 ab.
700 1380 800 1413 Hanc
823 1380 949 1412 Socra-

286 1427 332 1461 tis
346 1427 525 1461 dictionem
537 1427 566 1459 F
568 1426 674 1459 icinus
687 1425 734 1459 ita
753 1424 948 1458 transtulit:

287 1473 350 1508 Sin
379 1476 512 1517 confert
544 1473 631 1506 nihil
669 1472 789 1506 horum
827 1483 949 1504 concu-

286 1520 457 1564 piscentia
492 1530 730 1563 supervacua,
766 1529 853 1561 quae
889 1528 953 1561 per

287 1566 552 1609 temperantiam
592 1576 615 1598 a
651 1565 827 1598 iuventute
858 1574 952 1596 coer-

288 1612 359 1645 ceri
380 1616 517 1655 potest,
543 1612 635 1644 obest
663 1616 781 1644 autem
808 1609 952 1653 corpori,

288 1659 382 1692 obest
402 1662 435 1691 et
461 1658 569 1691 menti
595 1657 643 1690 ad
670 1657 894 1700 prudentiam
919 1660 952 1689 ct

288 1705 579 1748 temperantiam,
619 1702 740 1735 merito
783 1713 850 1734 non
892 1713 952 1735 ne-

289 1751 442 1784 cessaria
463 1749 707 1782 nominabitur.

336 1791 576 1839 Ὀρθότατα]
612 1790 816 1838 ὀρθαίτατα
851 1790 954 1824 Vind.

338 1884 384 1929 δὴ
411 1884 495 1929 καὶ]
521 1883 584 1919 καὶ
610 1897 674 1920 om.
698 1884 783 1918 Lob.
808 1885 887 1917 Vat.
904 1883 953 1916 M.

341 1928 495 1976 Osirim]
557 1927 700 1971 Οὕτως.
754 1929 954 1971 Bekkerus‚

292 1979 408 2014 Astius
439 1978 474 2012 in
508 1980 588 2010 tert.
631 1981 667 2010 et
700 1975 953 2010 Stallbaumius.

294 2025 350 2059 Cf.
385 2024 527 2058 V01.11.
560 2035 593 2068 p.
621 2024 705 2065 105,
738 2023 773 2056 b.
805 2022 845 2055 In
879 2021 952 2056 Ald.

292 2072 373 2105 Bas.
399 2071 453 2104 ab.
480 2069 571 2103 nulla
593 2069 682 2102 inter
715 2069 779 2101 hoc
813 2071 848 2101 et
871 2079 954 2112 pro-

291 2117 415 2151 ximum
446 2113 611 2159 φήσομεν
634 2114 863 2159 interpunctio
887 2119 952 2147 est.

291 2163 470 2197 Bekkerus
490 2166 526 2195 et
548 2160 791 2195 Stallbaumius
819 2160 953 2204 signum

291 2207 526 2253 interrogandi
548 2209 713 2246 fecerunt,
737 2205 827 2251 quod
851 2206 952 2240 etiam

292 2255 378 2288 Lob.
403 2255 517 2288 habet.
557 2253 642 2287 Mihi
665 2252 846 2286 affirmatio
870 2263 955 2285 non-

293 2300 377 2334 nihil
407 2300 625 2333 dubitationis
659 2300 786 2333 habens
812 2303 846 2331 et
869 2300 956 2331 alte-

292 2346 366 2380 rius
416 2346 702 2379 confirmationem
754 2349 957 2388 exspectans

293 2391 391 2425 initio
422 2392 603 2425 verborum
635 2391 791 2425 Socratis
834 2402 957 2423 conve-

295 2437 442 2471 nientior
475 2441 510 2471 et
546 2437 699 2471 consulto
731 2437 823 2470 inter
845 2440 956 2470 certas

292 2483 580 2527 interrogationes
617 2483 819 2529 interposita
859 2482 956 2516 vide-

294 2533 363 2564 tur.

338 2568 437 2618 Ἆρ’]
461 2569 542 2617 ’Ἆρ’
567 2575 651 2608 editi
675 2579 754 2608 ante
776 2573 865 2608 Astii
887 2585 954 2608 sec.

297 2621 410 2666 (Flor.
421 2620 482 2662 R.)
507 2617 574 2664 ἄρ’
599 2621 700 2656 Vind.
724 2622 764 2654 F.

345 2662 410 2710 ὃν]
456 2663 500 2701 ὂν
534 2665 630 2700 Vind.
667 2667 708 2702 E.
743 2663 765 2702 ὃ
794 2669 881 2711 Ang.
914 2665 954 2701 Β.

298 2713 369 2747 Sed
411 2713 551 2746 eundem
584 2713 760 2747 Bekkerus
803 2725 867 2758 pro
911 2706 955 2746 ὃν

298 2759 370 2793 νῦν
405 2756 450 2801 δὴ
486 2759 613 2793 habere
647 2754 691 2793 ὃν
722 2760 793 2793 νῦν
816 2760 954 2792 demon—

1003 969 1103 999 strat.
1149 966 1273 1012 Itaque
1305 962 1325 1001 ὃ
1367 966 1401 999 in
1434 965 1499 999 alio
1532 976 1667 999 suorum

1003 1012 1181 1046 invenerit.

1050 1058 1120 1091 νῦν
1147 1056 1218 1101 δὴ]
1250 1057 1320 1090 νῦν
1353 1056 1455 1091 Vind‚
1480 1057 1524 1089 F.
1551 1057 1668 1101 (Ang.

1005 1103 1076 1147 Β.)
1109 1101 1154 1147 δὴ
1188 1103 1257 1136 νῦν
1292 1103 1370 1136 Par.
1398 1103 1474 1137 DK.
1510 1103 1604 1136 Mon.
1625 1104 1666 1135 B.

1007 1150 1127 1190 (Flor.
1163 1149 1299 1193 RTU.)
1347 1160 1423 1182 cum
1456 1148 1555 1182 editis
1588 1154 1668 1182 ante

1006 1196 1097 1228 Astii
1131 1207 1199 1228 sec.
1225 1196 1280 1228 Cf.
1309 1195 1382 1228 Vol.
1408 1195 1437 1228 Ι.
1458 1207 1492 1239 p.
1505 1197 1585 1235 318,
1609 1196 1643 1228 b.

1006 1241 1543 1331 B.’{<²{<Z}⁷?ZAE÷532?Z⁷⁷2⁰{.J.¹311‘3;1
1562 1241 1668 1331 ¹2:111}ss

1005 1333 1162 1366 omissum
1185 1333 1425 1366 Stallbaumius
1456 1333 1491 1366 in
1521 1340 1668 1376 utraque

1005 1383 1153 1412 testatur
1193 1379 1236 1412 ab
1272 1380 1423 1412 ornnIbus
1465 1378 1669 1412 Florentinis

1006 1425 1178 1458 codicibus
1204 1425 1336 1458 abesse.
1383 1424 1462 1458 Non
1486 1425 1598 1458 credo.

1055 1468 1306 1513 ὠνομάζομεν]
1329 1467 1559 1514 ὀνομάζομεν
1569 1470 1668 1504 Vind.

1008 1517 1048 1551 B.
1074 1518 1159 1551 Ven.
1183 1517 1223 1550 B.
1254 1517 1332 1550 vat.
1356 1517 1400 1550 H.

1054 1563 1213 1606 τοῦτον]
1245 1563 1360 1596 τοῦτο
1385 1562 1486 1598 Vind.
1510 1562 1554 1597 F.
1583 1563 1670 1607 Ang.

1054 1653 1123 1688 τὸν
1156 1653 1253 1697 τῶν]

1008 1701 1081 1735 BF.
1112 1701 1197 1744 Ang.
1222 1700 1260 1733 B.

1301 1654 1355 1688 Ita
1386 1655 1465 1689 Par.
1495 1654 1535 1688 A.
1567 1653 1675 1691 Vind-

1297 1701 1388 1733 Flor.
1416 1701 1454 1734 V.
1493 1700 1570 1734 τῶν
1603 1712 1670 1734 om.

1010 1748 1097 1780 Ven.
1134 1748 1174 1779 C.
1211 1746 1291 1778 Par.
1326 1745 1368 1778 D.
1403 1746 1497 1781 Mon.
1524 1747 1563 1779 Β.
1593 1746 1669 1780 Ald.

1010 1793 1090 1825 Bas.
1117 1792 1170 1825 ab.
1197 1791 1269 1824 Ast.
1303 1803 1371 1826 seC.
1397 1790 1464 1826 τόν
1490 1804 1557 1826 om.
1582 1792 1667 1826 Lob.

1012 1839 1122 1881 (Flor.
1148 1837 1343 1881 ACRTU.)
1367 1838 1487 1883 Steph.
1517 1841 1593 1872 Ast.
1616 1849 1671 1883 pr.

1008 1883 1199 1917 tacentibus
1218 1884 1260 1916 de
1280 1883 1358 1916 Par.
1375 1884 1418 1917 K.
1445 1884 1519 1929 Bip.
1539 1890 1671 1917 utrum-

1010 1941 1077 1974 que
1108 1941 1172 1963 om.
1213 1929 1312 1963 Vind.
1347 1929 1390 1962 Ε.
1439 1930 1491 1963 De
1530 1930 1670 1974 reliquis

1009 1987 1147 2009 suorum
1166 1975 1343 2008 Bekkerus
1369 1975 1452 2008 nihil
1474 1975 1646 2010 indicavit.

1054 2019 1121 2055 τὸν
1153 2018 1192 2054 δὲ
1224 2017 1300 2054 ὑπὸ
1335 2021 1410 2054 τῶν
1436 2018 1668 2065 ἀναγκαίων]

1009 2079 1075 2101 om.
1113 2068 1189 2101 Vat.
1214 2067 1253 2099 B.
1290 2068 1378 2111 Ang.
1410 2068 1450 2101 B.
1483 2072 1518 2100 et
1547 2079 1671 2112 opera-

1008 2124 1081 2146 rum
1107 2124 1223 2146 errore
1256 2112 1360 2146 editio
1391 2113 1552 2147 Bekkeri.
1602 2115 1670 2147 Pro

1009 2157 1076 2194 τὸν
1102 2158 1200 2193 Vind.
1226 2158 1265 2191 F.
1292 2157 1335 2192 τὸ
1362 2159 1474 2193 habet.

1055 2201 1311 2248 ὀλιγαρχικόν,·
1337 2205 1349 2249 ]

1008 2252 1128 2295 Steph.
1165 2255 1198 2283 et
1231 2251 1348 2284 Astius
1376 2251 1409 2284 in
1434 2263 1502 2285 sec.
1527 2257 1563 2286 et
1584 2256 1666 2286 tert.

1012 2297 1069 2341 qui
1093 2297 1188 2352 signo
1211 2296 1445 2341 interrogandi
1468 2309 1572 2342 supra
1591 2302 1671 2342 post

1013 2341 1249 2385 ω’νομαζομεν
1278 2344 1388 2387 posito
1422 2355 1555 2377 sensum
1592 2355 1671 2378 ver-

1012 2390 1129 2423 borum
1165 2388 1295 2422 minime
1319 2389 1508 2433 ambiguum
1533 2400 1672 2434 prorsus

1012 2435 1190 2480 pervertit.
1237 2435 1309 2468 Iani
1340 2436 1509 2480 explicata
1543 2437 1671 2470 Socra-

1011 2487 1065 2515 tes
1097 2481 1364 2515 necessariarum
1398 2485 1432 2514 et
1465 2492 1531 2515 non
1553 2493 1671 2515 neces·
1689 2508 1697 2513 ,

1012 2527 1176 2561 satiarum
1207 2527 1429 2570 cupiditatum
1460 2532 1583 2561 natura
1609 2527 1671 2560 de-

1011 2573 1196 2606 finitionem
1218 2578 1438 2619 utrarumque
1467 2573 1604 2608 adhibet
1627 2573 1670 2607 ad

1011 2620 1100 2660 fuci,
1152 2631 1250 2664 quem
1287 2620 1485 2654 insolentius
1525 2619 1671 2660 dixerat,

1011 2667 1179 2699 notionem
1200 2665 1452 2699 illustrandam:
1483 2678 1593 2699 nonne
1616 2667 1669 2699 bis

1012 2713 1114 2756 ipsis,
1147 2723 1233 2756 quas
1260 2724 1349 2745 nunc
1380 2713 1578 2747 declaratas
1603 2712 1668 2746 Ιια-

1012 2760 1146 2799 bemus,
1179 2770 1245 2791 non
1271 2760 1470 2793 necessariis
1497 2759 1669 2802 cupidita-

1423 2202 1666 2250 ὀλιγαρχικόν.
1696 2214 1735 2255 D
