1764 3176
490 149 814 226 cwms
863 171 985 213 LIB.

156 284 338 332 δοκοῦσι
366 287 467 335 τοῖς
498 287 679 335 πολλοῖς
718 278 768 328 εὖ
811 282 962 339 λέγειν.

511 353 567 396 ἵει
596 346 703 404 οὖν,
741 353 781 396 εἴ
811 368 877 403 τις
907 349 1137 407 ἀμφότερα
1166 349 1348 394 δύναιτο
1378 354 1534 401 ποιεῖν,

156 352 411 407 ἐξεταστέον.

1023 170 1081 213 Χ.
1119 174 1185 210 599
1452 173 1537 213 2⁰5

1026 282 1156 325 Πάνυ
1192 281 1271 337 μὲν
1302 275 1405 333 οὗν,
1437 280 1535 338 ἔφη,

155 421 204 466 τό
233 437 278 466 τε
306 421 667 477 μιμηθησόμενον
695 420 770 464 καὶ
798 419 848 463 τό
882 421 1086 470 εἴδωλον,
1117 417 1187 461 ἐπὶ
1216 422 1269 475 τῇ
1299 421 1388 465 τῶν
1417 417 1537 462 εἰδώ-

155 494 246 537 λων
275 489 539 546 δημιουργίᾳ
569 487 726 532 ἑαυτὸν
757 485 937 543 ἀφεῖναι
967 486 1023 530 ἂν
1054 485 1313 538 σπουδάζειν
1336 487 1534 530 καὶτοῦ-

153 575 203 603 το
232 555 567 612 προστήσασθαι
604 560 684 599 τοῦ
716 555 876 599 ἑαυτοῦ
917 556 1019 611 βίου
1058 553 1118 605 ὠς
1147 554 1370 610 βέλτιστον
1412 555 1535 611 ἔχον-
1559 555 1595 597 Β

152 642 229 676 τας
260 624 364 677 ,Οὐκ
394 624 538 680 ἔγωγε.

596 622 710 668 Ἀλλ’
744 626 861 677 εἴπερ
901 639 972 679 γε,
1006 619 1150 678 οἶμαι,
1191 620 1439 677 ἐπιστήμων
1470 624 1536 680 εἴη

153 697 207 751 τῇ
237 692 419 751 ἀληθείᾳ
448 691 619 735 τούτων
647 691 760 746 πέρι,
791 690 902 744 ἅπερ
935 691 1008 734 καὶ
1038 694 1249 747 μιμεῖται,
1281 689 1394 732 πολύ
1428 689 1536 745 πρό-

153 777 282 817 τερον
311 760 358 804 ἐν
385 764 479 811 τοῖς
499 759 658 816 ἔργοις
698 759 753 803 ἂν
783 758 1094 808 σπουδάσειεν,
1133 758 1162 813 ἢ
1191 758 1258 802 ἐπὶ
1288 763 1381 808 τοῖς
1410 757 1539 814 μιμή-

154 841 275 886 μασι,
307 829 380 873 καὶ
409 832 598 886 πειρῷτο
630 828 684 871 ἂν
713 828 852 872 πολλὰ
883 829 957 872 καὶ
986 827 1096 871 καλοὶ
1132 827 1237 882 ἔργα
1268 825 1430 869 ἑαυτοῦ
1461 843 1539 870 κα-

154 903 350 943 ταλιπεῖν
395 901 581 954 μνημεῖα
623 898 697 942 καὶ
745 895 856 941 εἶναι
895 893 1165 953 προθυμοῖτ’

155 1046 218 1081 καὶ
242 1043 336 1081 οὐκί.
373 1047 470 1082 Plato
493 1048 577 1093 Leg.
591 1049 630 1082 L.
643 1049 669 1082 Ι.
689 1060 721 1094 p.
734 1049 812 1103 633.

154 1094 208 1126 Ε.
232 1093 302 1127 νῦν
326 1093 395 1127 οὐν
418 1091 560 1148 πότερα
579 1093 727 1150 λέγομεν
747 1092 814 1129 τὸν

153 1139 230 1172 τῶν
254 1140 381 1173 λυπῶν
414 1136 512 1184 ἥττω
540 1140 677 1183 κακὸν,
703 1137 725 1184 η’
751 1140 814 1174 καὶ

155 1183 223 1219 τὸν
247 1185 322 1220 τῶν
346 1183 495 1230 ἡδονῶν
515 1187 678 1242 μᾶλλον,·
702 1187 753 1220 lb.
774 1187 812 1220 L.

154 1231 197 1265 V.
222 1243 254 1276 p.
267 1230 345 1266 744.
355 1236 406 1266 A:
430 1229 538 1266 τοῦτ’
564 1232 633 1266 οὐν
659 1231 705 1276 δὴ
726 1234 813 1266 πολ-

154 1274 257 1317 λάκις
290 1274 618 1335 ἐπισημαίνεσθαι
636 1277 702 1322 χρὴ
745 1277 813 1313 τόν

153 1320 385 1367 νομοθέτην·
405 1324 442 1358 τί
458 1335 498 1358 τε
516 1322 719 1379 βούλομαις
717 1323 811 1381 καὶ,

153 1368 194 1403 εἴ
218 1380 283 1412 μοι
315 1368 506 1424 ξυμβαίνει
535 1371 671 1412 τοῦτο,
701 1366 724 1415 ἢ
749 1370 813 1404 καὶ

154 1412 401 1459 α’ποτυγχοὶνω
434 1416 502 1450 τοῦ
537 1417 694 1451 σκοποῦ.
742 1417 814 1450 Eu-

154 1461 250 1517 thyd.
274 1473 316 1518 p.
330 1463 409 1497 280.
430 1462 483 1496 Ε.
508 1460 678 1507 πότερον,
704 1456 752 1506 ἦν
773 1459 811 1496 δ’

154 1503 244 1550 ἐγώ,
279 1505 347 1542 εὰν
381 1505 509 1562 ὀρθως
534 1509 666 1553 χρῆταί
688 1521 763 1551 τις,
788 1504 811 1552 ἢ

155 1552 219 1586 καὶ
243 1549 309 1586 ἐὰν
328 1552 411 1611 μή;
436 1554 471 1588 in
494 1555 615 1599 quibus
641 1555 814 1588 Stallbau-

157 1598 241 1633 mius
276 1598 339 1633 καὶ
380 1600 481 1644 vulgo
506 1568 556 1634 let:
597 1613 617 1634 a
652 1601 813 1634 Bekkeio

156 1644 313 1678 omissum
337 1646 457 1679 merito
481 1650 516 1679 et
546 1646 720 1680 codicibus
744 1647 815 1680 sus-

157 1691 366 1734 fragantibus
406 1692 546 1736 iecepit.
606 1692 725 1725 Eidem
760 1704 815 1725 ra-

156 1736 244 1770 tioni
277 1749 344 1781 quo
376 1738 485 1771 miuus
519 1738 561 1772 ad
586 1739 674 1771 hunc
706 1738 814 1772 locum

155 1782 355 1817 adhibeatur
387 1796 422 1817 τι
446 1784 535 1817 inter
567 1779 588 1828 ἢ
615 1789 651 1817 et
674 1782 736 1818 καὶ
763 1784 817 1818 in-

155 1828 336 1862 teriectum
359 1830 499 1863 obstare
522 1841 588 1863 non
612 1830 759 1864 videtur.

201 1875 252 1908 τῶ
277 1870 380 1918 ὄντι]
404 1873 539 1910 τωόντι
561 1876 655 1911 Mon.
682 1877 721 1910 C.

203 1909 253 1964 οἱ]
277 1933 342 1954 om.
371 1922 447 1955 Vat.
472 1922 516 1954 H.

155 1967 374 2046 Βπολλοῖς]
408 1962 533 2028 ἄλλοις
563 1968 642 2002 Par.
667 1967 711 2001 K.
744 1980 814 2003 sec.

185 2024 196 2045 1
223 2039 231 2047 .

198 2025 248 2093 Εὐ
283 2056 322 2093 λε’
323 2060 457 2104 γειν.]
488 2057 658 2103 συνάγειν
693 2052 737 2094 εὖ
780 2061 812 2093 λ.

154 2104 266 2139 Procl.
291 2105 577 2160 Interrogationis
599 2109 714 2140 notam
739 2106 813 2139 vul-

139 2162 199 2195 ‘go
224 2150 373 2185 additam
398 2163 471 2190 cum
497 2151 592 2185 Astio
622 2152 657 2185 in
681 2163 749 2185 sec.
777 2156 815 2186 et

155 2198 237 2231 tert.
246 2197 353 2230 omisi.
372 2196 533 2231 caussam
542 2198 814 2241 significaviloco

157 2241 257 2276 simili
279 2242 319 2277 L.
345 2243 440 2277 VIII.
465 2256 496 2289 p.
515 2245 595 2279 548.
613 2245 654 2277 C.

204 2287 345 2333 εἴτις]
379 2300 448 2328 ιτις
480 2301 555 2323 cum
594 2289 632 2323 εἴ
662 2301 765 2336 super
801 2303 814 2324 ι

158 2334 243 2369 Lob.

204 2371 280 2414 τῶν
276 2377 477 2434 uslddkow]
499 2394 532 2416 τ.
547 2378 702 2416 εἰδόλων
714 2382 814 2417 Vind

157 2426 203 2460 Ε.
224 2425 292 2460 τοῦ
315 2424 469 2461 εἰδώλου
487 2427 566 2461 Par.
586 2428 630 2463 K.

204 2469 378 2516 ἀφεῖναι]
416 2469 559 2517 ἐφεῖναι
588 2474 686 2509 Vind.
711 2475 752 2508 Ε.
780 2479 816 2508 et

157 2518 365 2552 Themistius
398 2530 447 2553 or.
482 2520 578 2556 XXI.
611 2532 645 2566 p.
671 2522 751 2556 251.
771 2522 813 2556 Β.

158 2564 211 2609 (p.
239 2565 320 2601 305.
345 2564 486 2618 Dind3)
500 2565 586 2600 haec
612 2578 676 2600 non
706 2567 813 2601 nomi-

156 2615 237 2644 nato
260 2610 403 2644 Platone
423 2611 473 2645 sic
506 2611 661 2646 imitans:
688 2612 814 2647 οἴεσθε

158 2654 242 2701 γὰρ,
278 2655 316 2690 εἰ
342 2668 398 2696 τις
429 2654 623 2712 ἀμφότερα
657 2656 812 2692 δυ’ναιτο

157 2704 300 2745 ποιεῖν,
333 2700 376 2736 τό
418 2714 458 2737 τε
491 2699 641 2747 ἄμεινον
674 2703 737 2739 καὶ
768 2703 812 2739 τὸ

158 2746 433 2805 φαυλότερον,
441 2746 502 2783 ἐπὶ
524 2751 575 2796 τῷ
595 2748 814 2805 φαυλοτέρῳ

159 2806 206 2828 αν
244 2806 379 2829 savz-ov
417 2785 561 2839 ἐφεῖναι
592 2785 815 2838 σπονδαζειν

159 2839 222 2875 καὶ
266 2840 378 2876 τοῦτο
421 2839 729 2887 προσκτήσασθαι
761 2842 814 2889 τῷ

1208 893 1264 938 ἂν
1304 898 1473 951 μᾶλλον
1511 893 1534 938 ὁ

872 1045 993 1083 αὑτοῦ
1027 1047 1117 1093 βίῳ,
1142 1044 1184 1081 τὰ
1216 1043 1363 1091 βέλτιον
1391 1047 1536 1079 καταλι-

871 1092 1017 1134 πάντας

917 1141 1051 1184 τοῦτο]
1088 1136 1225 1173 τούτου
1257 1137 1356 1173 Vind
1383 1137 1423 1170 F.
1450 1138 1535 1171 Ven.

873 1187 913 1220 C.
941 1185 1268 1242 eta111.p1.Vat.
1299 1185 1337 1217 B.

918 1230 1079 1275 εαυτοῦ]
1110 1230 1230 1276 savz-95
1253 1230 1326 1264 Ald.
1351 1229 1429 1263 Bas.
1455 1230 1508 1263 ab.

917 1277 1105 1323 βέλτιστον
1132 1265 1284 1320 εχοντα]

870 1324 911 1357 Β.
935 1324 1028 1359 Flor.
1050 1325 1094 1358 U.
1125 1328 1160 1356 et
1178 1322 1435 1364 Stalibaumius,
1457 1322 1530 1356 vul-

868 1374 984 1414 gatam
1015 1370 1210 1411 lectionem,
1246 1380 1346 1413 quam
1380 1380 1445 1401 non
1480 1369 1534 1402 in-

868 1417 1050 1460 telligeret,
1072 1416 1192 1449 misere
1209 1415 1429 1469 depravatam
1448 1426 1533 1448 nun-

870 1462 1249 1506 cupans.„F01tasse
1277 1457 1423 1505 βέλτιον
1448 1460 1536 1494 scri-

870 1509 1015 1542 bendum
1041 1515 1105 1541 est.
1132 1519 1207 1541 nam
1239 1507 1274 1541 in
1299 1507 1426 1550 superi.
1452 1519 1535 1551 gra-

871 1555 916 1587 du
942 1555 1054 1599 potius
1082 1546 1251 1599 βέλτιστα
1277 1553 1428 1587 dicturus
1450 1553 1538 1586 fuis-

871 1612 909 1638 se
933 1600 1076 1634 videtur.
1089 1602 1112 1619 “
1147 1600 1267 1644 steph.
1292 1599 1325 1631 in
1350 1610 1393 1633 m.
1417 1600 1537 1633 Astius

874 1645 1005 1689 ἔχοντα
1039 1646 1257 1701 masculi-num
1297 1656 1373 1678 esse
1408 1645 1537 1679 intelli-

872 1704 956 1736 gens
988 1699 1102 1726 tamen
1146 1689 1189 1726 τὸ
1227 1696 1306 1725 ante
1348 1689 1537 1735 βέλτιστον

873 1738 1042 1772 excidisse
1060 1738 1266 1782 suspicatur,
1287 1748 1353 1782 quo
1371 1749 1454 1781 opus
1471 1749 1537 1771 non

873 1789 937 1817 est.
973 1785 1029 1818 Cf.
1058 1784 1098 1818 L.
1125 1784 1148 1816 1.
1175 1796 1210 1828 p.
1229 1785 1308 1818 330.
1329 1782 1382 1816 D:
1410 1783 1446 1817 τί
1472 1781 1537 1826 με’-

871 1840 995 1874 γιστον
1017 1829 1090 1864 οἰει
1115 1826 1264 1873 ἀγαθόν
1281 1826 1536 1885 ἀπολελαυκέ-

872 1888 935 1910 ναι
967 1876 1037 1910 τοῦ
1066 1874 1208 1920 πολλὴν
1244 1873 1378 1909 οὐσίαν
1407 1876 1535 1920 κεκτῆ-

874 1923 985 1963 σθαι,-

918 1966 1016 2013 πέρι]
1039 1966 1124 2012 περὶ
1148 1967 1251 2003 Vind.
1272 1967 1346 2001 EF.
1364 1967 1440 2003 Ald.
1457 1968 1534 2002 Bas.

871 2016 928 2050 ab.

915 2057 1108 2104 μιμήμασι]
1138 2055 1342 2103 μιμήμασιν
1365 2059 1450 2094 Lob.
1476 2072 1536 2095 an-

869 2111 905 2141 te
929 2118 1016 2141 corr.

915 2152 1102 2197 πειρῷτο]
1134 2151 1284 2195 πρῶτον
1320 2151 1404 2185 Lob.
1439 2152 1535 2187 Mon.

870 2200 911 2233 B.
943 2200 1022 2234 Vat.
1050 2198 1129 2233 ΒΜ.
1166 2197 1254 2230 Ven.
1279 2197 1318 2231 C.
1351 2198 1431 2233 Par.
1457 2198 1535 2232 DK.

870 2246 963 2279 Flor.
987 2245 1032 2278 U.
1057 2245 1138 2277 Bas.
1163 2244 1196 2276 b.

917 2287 1034 2324 πολλα
1059 2289 1146 2333 καὶ]
1172 2285 1349 2328 πολλακις
1372 2289 1465 2324 Mon.
1493 2290 1533 2324 C.

920 2334 1072 2380 εαυτοῦ]
1102 2339 1180 2389 post
1205 2337 1419 2369 καταλιπεῖν
1433 2336 1536 2372 Vind.

872 2384 913 2418 Β.
937 2383 1031 2417 Mon.
1056 2384 1097 2416 C.
1123 2378 1242 2416 αὐτοῦ
1269 2382 1361 2415 F101.
1379 2383 1422 2416 T.
1450 2394 1534 2417 εαυ-

872 2462 924 2496 τῶ
949 2463 1030 2497 Vat.
1044 2462 1092 2495 M.
1119 2473 1186 2496 εαυ
1227 2462 1313 2496 Lob.
1330 2461 1420 2506 quod
1433 2473 1535 2507 quum

871 2509 1069 2562 plerumque
1094 2505 1231 2542 εαυτοῦ
1263 2507 1446 2552 significet,
1471 2509 1534 2551 (cf.

873 2555 1013 2588 Bastius
1058 2554 1091 2587 in
1127 2566 1244 2588 comm.
1269 2554 1346 2610 pal.
1387 2566 1420 2600 p.
1454 2555 1534 2590 767.

870 2601 935 2643 in.)
970 2600 1136 2634 interdum
1168 2612 1229 2654 pro
1266 2598 1386 2646 εαυτῷ
1426 2600 1535 2646 accipi

870 2657 972 2700 posse
999 2646 1160 2681 Reiskius
1184 2646 1232 2681 ib.
1256 2658 1290 2692 p.
1310 2648 1388 2682 782.
1415 2648 1535 2681 obser-

869 2692 973 2727 vavit.

917 2746 1157 2803 προθυμοῖτ’]
1180 2746 1411 2806 πρόθνμὸιτ’
1430 2748 1534 2783 Vind.

872 2796 914 2830 F.
940 2793 1214 2839 ,,προ’θυμος
1177 2809 1197 2830 τ
1242 2796 1339 2830 Vind.
1357 2796 1398 2831 B.
1402 2796 1425 2813 “
1441 2795 1534 2829 Bek-

871 2842 986 2876 kerus.
1034 2842 1121 2876 Eum
1145 2843 1230 2888 Ang.
1266 2843 1306 2876 B.
1337 2840 1534 2887 significare

1310 1276 1341 1321 β,
1364 1271 1410 1310 ὅν
1439 1276 1531 1309 Μοιι.
1562 1272 1599 1313 Β
