1764 3176
211 97 293 138 148

655 80 1133 129 PLATONIS

152 208 183 249 C
209 207 367 261 ψυχαῖς
398 203 488 245 τῶν
518 216 596 257 μεν
626 200 780 250 τοῦτο,
808 198 897 239 τῶν
927 193 973 237 δὲ
1002 191 1051 236 τὸ
1072 191 1230 246 ἕτερον
1262 191 1459 243 ἐκείνων,
1492 189 1594 234 ὁπό-

212 289 340 328 τερον
377 270 432 314 ἂν
460 268 593 326 τύχῃς
641 264 816 315 Οὕτως,
850 264 945 319 ἒᾞφη
1004 259 1093 303 Διά
1126 264 1263 303 ταῦτα
1301 258 1353 315 δὴ
1394 259 1469 302 καὶ
1520 257 1594 302 ἆν-

212 339 410 394 θρώπων
452 337 633 391 λέγομεν
669 333 721 376 τοὶ
754 335 905 386 πρῶτοι
934 327 1081 384 τριττὰ
1117 327 1221 384 γένη
1253 325 1385 379 εἶναι,
1416 325 1595 383 φιλόσο-

159 771 191 813 C

215 424 327 464 φον,
359 404 635 460 φιλόνεικον,
667 398 944 457 φιλοκερδές,·
976 398 1150 452 Κομιδῃ
1180 412 1240 452 γε.

1299 396 1387 438 Καὶ
1420 395 1596 451 ἡδονῶν

216 475 269 532 δὴ
301 476 398 528 τρία
435 469 848 529 ει’δη,ὑποκείμενον
876 468 925 510 ἐν
955 463 1121 521 ἑκάστῳ
1152 463 1342 515 τούτων,·
1376 464 1506 508 Ποὶνυ
1535 481 1594 520 γε.

218 540 350 587 Οἶσθ’
386 543 491 592 οὐν,
531 535 587 595 ἦν
629 536 669 581 δ’
701 535 807 592 ἐγώ,
853 533 920 576 ὅτι
963 533 1000 575 εἰ
1039 533 1187 582 θέλοις
1223 537 1335 586 τρεῖς
1363 531 1598 584 τοιούτους

218 608 484 666 ἀνθρώπους
515 608 560 651 ἐν
586 605 705 662 μέρει
739 603 922 646 ἕκαστον
955 599 1190 657 ἀνερωτᾶν,
1221 602 1285 651 τίς
1318 600 1489 646 τούτων
1510 618 1599 645 των

265 771 342 804 τῶν
374 768 439 813 μὶν
467 787 513 794 -·
539 766 616 800 τῶν
644 762 697 809 δὲ]
724 762 792 798 τὸν
815 760 881 807 μὲν

223 837 265 843 —-
289 814 355 851 τὸν
378 813 417 850 δὲ
444 816 521 851 Vat.
547 814 592 847 H.

265 893 379 976 τύχΙτΞ]
402 891 551 972 Vuixolt}
566 891 656 980 [ἑὼ.
700 889 801 922 Vind.
838 888 882 921 Ε.

220 942 299 1033 {gt
315 998 370 1028 οι,
404 951 504 1018 Vexa-
528 984 569 1018 Β.
579 950 633 1015 eet⁷
657 947 745 1014 Ιξὲὶρ.
760 946 805 1014 ΙΞΊ.
827 946 884 1012 SSui-

221 1044 330 1113 ἒὲἒὲἳ
346 1030 581 1075 interrogandi
607 1029 641 1062 in
665 1027 740 1062 Ald.
763 1025 885 1070 steph.

269 1155 344 1191 Διά
370 1156 512 1199 ταῦτα]
549 1154 645 1188 &aa
670 1152 757 1186 Lob.
786 1150 886 1187 Vind.

224 1206 263 1239 B.
290 1204 384 1238 Mon.
410 1204 450 1236 B.
476 1201 655 1235 Ald.13as.
682 1200 736 1233 ab.

271 1269 436 1315 λέγομεν]
464 1266 621 1312 λέγωμεν
645 1268 724 1301 Par.
743 1266 781 1299 A.
803 1266 889 1299 Ven.

228 1319 268 1352 C.
300 1324 335 1351 et
370 1327 457 1350 am.
493 1326 544 1359 pr.
581 1308 890 1354 Μοι1.Β.(λέγο-

226 1376 292 1408 μεν
318 1376 337 1397 a
361 1374 404 1396 111.
432 1362 478 1405 s.)
512 1360 691 1393 Bekkerus
725 1362 760 1390 et
784 1357 891 1389 Stall-

227 1409 381 1445 baumius
405 1407 438 1440 in
459 1418 526 1440 sec
565 1406 690 1438 Verum
715 1415 779 1436 non
805 1413 892 1435 nunc

226 1457 370 1502 primum
408 1454 470 1486 hoc
505 1451 693 1491 asseritur,
726 1449 785 1483 sed
827 1448 892 1481 iam

229 1502 353 1536 dudum
378 1500 417 1533 L.
437 1498 522 1532 1111.
547 1509 579 1542 p.
590 1498 671 1532 435.
683 1476 728 1529 ⁹132.
756 1496 893 1527 demon-

228 1554 373 1583 stratum
407 1550 477 1578 est.
514 1555 603 1576 nunc
637 1543 671 1576 iu
702 1540 894 1574 memoriam

230 1597 411 1628 revocatur
435 1595 470 1624 et
488 1589 531 1623 ad
550 1599 670 1622 novam
693 1586 895 1621 sententiam

232 1641 275 1675 de
291 1639 398 1672 tribus
416 1635 601 1680 voluptatis
622 1633 804 1678 generibus
823 1637 896 1664 sta-

230 1684 410 1719 biliendam
438 1682 628 1716 adhibetm.
679 1680 839 1712 Ceterum
863 1678 897 1710 in

234 1732 298 1766 iuis
317 1728 438 1764 litteris
449 1727 599 1761 codicem
617 1726 776 1770 optimum
797 1724 897 1757 etiam

235 1776 314 1811 alibi
344 1779 515 1808 eirantem
547 1771 701 1806 vidimus.
765 1770 819 1803 Cf.
856 1769 897 1802 ad

235 1835 268 1868 p.
301 1823 377 1856 572.
407 1820 449 1854 D.
490 1819 694 1859 observata,
730 1822 765 1850 et
809 1815 900 1848 infia

285 1932 509 1979 φιλόνεικον]
538 1928 730 1976 φιλόνικον
751 1930 836 1964 Ven.
859 1929 900 1964 Β.

238 1983 332 2016 Μοι1.
357 1982 395 2014 Β.
422 1980 512 2013 Flor.
538 1978 582 2012 U.

286 2044 518 2093 φιλοκερδές-ς
529 2048 542 2091 ]
568 2041 792 2090 φιλοκερδές.
825 2042 901 2076 Α1(1.

242 2101 278 2130 et.
320 2095 415 2138 signo
467 2092 700 2135 interrogandi
748 2089 902 2134 reliquae

242 2152 376 2194 quoque
410 2143 546 2184 praeter
568 2139 678 2172 Bekk.
710 2143 746 2170 et
777 2135 902 2169 Stallb.

243 2187 405 2221 editiones
431 2189 559 2218 carent.
616 2184 685 2216 Sed
707 2194 825 2216 sensus
850 2181 904 2214 hic

243 2234 398 2267 videtur:
444 2232 512 2265 Λοι
505 2242 567 2264 rme
597 2230 708 2273 igitur
743 2230 831 2261 hanc
866 2228 906 2260 ob

244 2291 317 2313 rem
335 2279 404 2311 tria
427 2279 561 2311 omnino
585 2277 757 2310 hominum
775 2284 908 2319 genera

246 2337 317 2360 esse
340 2323 551 2357 statuimus?

294 2402 454 2446 Κομιδῇ]
482 2397 615 2444 κομιδή
641 2399 741 2433 Vind.
766 2400 809 2434 F.
836 2399 909 2432 Ko-

248 2450 335 2495 μιδῆ
362 2450 435 2482 Α1(1.
461 2448 541 2481 Bis.
567 2449 622 2481 ab.
648 2446 767 2490 Steph.
791 2445 909 2490 (Lob.)

297 2515 394 2561 δὴ]
387 2527 422 2559 χε
446 2515 532 2548 Lob.
557 2514 658 2549 Vind.
672 2514 712 2549 F.
739 2514 816 2548 V.at
830 2513 910 2546 ΒΜ.

251 2566 337 2608 Ang.
362 2564 403 2597 Β.
426 2561 521 2595 Flor.
548 2561 588 2595 R.

297 2628 556 2672 ὑποκείμενον]
583 2624 808 2669 ὑποκείμενα
828 2628 914 2661 Ven.

254 2679 293 2712 B.
320 2677 419 2710 Vind.
442 2675 517 2709 ΒΕ.
542 2675 620 2707 Vat.
636 2675 678 2706 H·
704 2673 913 2708 Flor.ACV.

299 2744 362 2789 ἓν]
391 2742 446 2779 ἑνὶ
475 2742 573 2776 Vind.
603 2742 644 2776 B.
691 2742 730 2775 Iu
757 2742 848 2776 Mon.
874 2742 916 2776 B.

1451 717 1456 734 Ι

939 760 1094 796 ἕκαστον
1121 762 1156 796 in
1193 774 1234 795 m.
1269 773 1289 796 a
1319 775 1362 796 m.
1396 775 1424 797 s.
1449 763 1601 798 additum

939 812 1002 842 est.

985 851 1130 887 τούτων
1141 855 1165 897 3]
1190 850 1348 888 τούτων.
1367 855 1441 888 Α1(1.
1453 855 1534 890 Bas.
1547 856 1601 890 ab.

939 900 1060 944 steph.
1090 901 1164 934 Ast.

989 962 1036 1012 ἦν
1062 966 1101 1002 δ’
1125 965 1219 1013 ἐγώ]
1262 969 1300 1002 In
1335 969 1433 1004 Vind.
1465 970 1505 1004 B.
1540 969 1605 1004 καὶ

943 1009 1046 1057 ἄρχει
1076 1012 1115 1048 ἐν
1144 1017 1226 1053 ταῖς
1254 1018 1394 1058 ψυχαῖς
1424 1016 1501 1049 τῶν
1538 1015 1605 1060 μὲν

942 1061 1056 1094 τοῦτο
1088 1061 1204 1093 addita
1229 1062 1432 1107 punctisque
1464 1062 1606 1096 circum-

943 1107 1070 1151 scripta
1090 1110 1178 1140 sunt.

991 1173 1132 1219 θέλοις]
1158 1174 1280 1216 θέλεις
1305 1177 1390 1211 Lob.
1415 1177 1514 1211 Vind.
1532 1178 1607 1212 ΒΕ.

948 1222 1026 1256 Vat.
1062 1223 1141 1256 ΒΜ.
1181 1223 1256 1257 Par.
1290 1224 1332 1256 K.
1374 1225 1468 1257 Flor.
1502 1225 1608 1259 ACV.

948 1264 1087 1307 ἐθέλεις
1115 1269 1196 1301 Ven.
1217 1270 1257 1303 B.
1283 1266 1427 1309 ἐθέλοις
1450 1270 1545 1304 Flor.
1563 1271 1607 1304 T.

947 1315 1022 1346 Ast.
1051 1326 1119 1347 sec.
1145 1318 1224 1347 tert.
1252 1315 1359 1350 Bekk.
1385 1316 1507 1351 Stallb.
1554 1316 1608 1349 Cf.

948 1360 1024 1394 Vol.
1045 1360 1072 1393 Ι.
1099 1372 1131 1404 p.
1153 1361 1233 1402 230,
1255 1373 1286 1394 a.

995 1425 1209 1474 α’νερωτᾴν]
1246 1427 1390 1472 ἐρωτᾶν
1429 1429 1529 1465 Vind.
1564 1431 1607 1464 Ε.

949 1475 1223 1510 Vat..F·.101
1252 1476 1355 1510 ACT.

994 1550 1165 1598 ἥδιστος,
1191 1553 1259 1589 τὸν
1284 1553 1420 1590 ἑαυτοῦ
1445 1554 1609 1610 ἕκαστος]

953 1597 1104 1640 ἕκαστος
1153 1602 1228 1634 τῶν
1271 1600 1410 1636 ἑαυτοῦ
1462 1600 1615 1660 ἥδιστος

954 1648 1055 1680 Vind.
1091 1647 1130 1681 F.
1176 1645 1328 1687 ἕκαστος
1367 1646 1436 1682 τὸν
1473 1647 1611 1683 ἑαυτοῦ

953 1689 1108 1736 ἥδιστον
1129 1695 1211 1737 Aug.
1230 1695 1270 1728 B.
1296 1695 1334 1727 In
1354 1695 1455 1730 Vind.
1470 1696 1512 1730 E.
1533 1693 1615 1729 ἕκα

955 1749 1040 1778 στος
1065 1739 1239 1781 omissum,
1264 1741 1296 1774 in
1321 1741 1407 1774 Lob.
1432 1743 1511 1776 Vat.
1537 1741 1615 1775 ΒΜ.

955 1789 1032 1829 post
1054 1782 1212 1828 μάλιστα
1235 1787 1383 1830 positum
1408 1793 1471 1821 est.

1002 1849 1261 1909 ἐγκωμιάσεται
1274 1856 1300 1898 ,·]
1343 1853 1616 1899 ἐγκωμιάσεται.

956 1900 1031 1932 Ald.
1044 1896 1331 1955 ἐγκωμιάσεται,
1359 1903 1436 1936 Bas.
1467 1903 1520 1936 ab.
1544 1903 1617 1935 Ast.

957 1956 1008 1989 pr.
1036 1941 1315 1988 ἐγκωμιασεται·
1341 1949 1460 1993 Steph.

1006 2008 1030 2047 δ’
1053 2014 1104 2056 τε]
1132 2009 1189 2047 ὅτι
1214 2015 1315 2049 Vind.
1340 2015 1379 2049 F.
1406 2016 1489 2060 Ang.
1516 2017 1557 2049 B.

1002 2081 1305 2127 χρηματιστικὸς]

959 2129 1058 2165 Vind.
1080 2129 1123 2163 F
1400 2083 1621 2129 χρηματικὸς

1008 2207 1050 2243 τὸ
1081 2210 1307 2264 κερδαίνειν]
1332 2211 1371 2244 In
1396 2212 1473 2245 Par.
1497 2212 1540 2246 K.
1566 2212 1617 2245 τῶ
1648 2200 1687 2240 D

963 2268 1063 2311 super
1097 2253 1139 2289 τό
1172 2256 1353 2301 scriptum,
1388 2258 1422 2291 in
1455 2258 1553 2292 Vind.
1578 2259 1621 2291 Ε.

965 2298 985 2345 ἢ
1013 2307 1090 2346 post
1122 2303 1327 2345 κερδαίνειν
1360 2304 1421 2338 int.
1447 2316 1535 2338 vers.
1562 2304 1623 2338 ad-

962 2348 1085 2381 iectum
1111 2352 1173 2381 est.

1011 2428 1194 2479 τιμᾷσθαι
1222 2427 1366 2474 ἡδονὴν
1389 2426 1413 2474 ἢ
1448 2428 1517 2474 τὴν
1541 2430 1624 2473 τοῦ]

967 2487 1032 2511 om.
1059 2475 1156 2509 Vind.
1181 2475 1223 2510 Ε.

1016 2555 1054 2589 εἴ
1073 2556 1121 2599 τι]
1150 2556 1202 2589 lta
1224 2557 1371 2601 codices,
1391 2560 1534 2602 excepto
1545 2557 1626 2591 Par.

969 2602 1009 2636 A.
1043 2614 1140 2647 quem
1165 2602 1343 2637 Bekkerus
1375 2616 1394 2637 a
1427 2616 1464 2638 se
1490 2607 1524 2637 et
1547 2604 1627 2637 Ste-

971 2649 1081 2694 phano
1115 2648 1153 2682 εἴ
1179 2661 1234 2688 τις
1266 2661 1341 2682 cum
1366 2650 1441 2684 Ald.
1466 2650 1545 2683 Bas.
1571 2650 1625 2683 ab.

970 2694 1203 2728 exhibentibus
1221 2695 1415 2741 discrepare
1432 2707 1496 2729 non
1514 2700 1626 2728 osten-

972 2742 1034 2776 dit.
1082 2742 1120 2774 In
1152 2741 1251 2776 Vind.
1285 2743 1325 2776 B.
1359 2741 1398 2776 εἴ
1429 2742 1489 2775 int.
1525 2752 1626 2782 vers„
