<?xml version="1.0" encoding="UTF-8"?>
<!DOCTYPE html PUBLIC "-//W3C//DTD XHTML 1.0 Transitional//EN"
    "http://www.w3.org/TR/xhtml1/DTD/xhtml1-transitional.dtd">
<html xmlns="http://www.w3.org/1999/xhtml" xml:lang="en" lang="en">
 <head>
  <title>
</title>
<meta http-equiv="Content-Type" content="text/html;charset=utf-8" />
  <meta name='ocr-system' content='tesseract 3.04.00' />
  <meta name='ocr-capabilities' content='ocr_page ocr_carea ocr_par ocr_line ocrx_word'/>
</head>
<body>
  <div class='ocr_page' id='page_1' title='image "./operagraecerecen01platuoft_0108.png"; bbox 0 0 1764 3176; ppageno 0'>
   <div class='ocr_carea' id='block_1_1' title="bbox 239 121 1197 169">
    <p class='ocr_par' dir='ltr' id='par_1_1' title="bbox 239 121 1197 169">
     <span class='ocr_line' id='line_1_1' title="bbox 239 121 1197 169; baseline -0.006 0"><span class='ocrx_word' id='word_1_1' title='bbox 239 144 258 169; x_wconf 91' lang='lat' dir='ltr'><strong>c</strong></span> <span class='ocrx_word' id='word_1_2' title='bbox 653 121 1197 166; x_wconf 85' lang='lat' dir='ltr'><strong>PRAEFATIO</strong></span> 
     </span>
    </p>
   </div>
   <div class='ocr_carea' id='block_1_2' title="bbox 235 230 1633 1662">
    <p class='ocr_par' dir='ltr' id='par_1_2' title="bbox 235 230 1631 1030">
     <span class='ocr_line' id='line_1_2' title="bbox 235 230 1623 292; baseline -0.006 -4"><span class='ocrx_word' id='word_1_3' title='bbox 235 252 317 288; x_wconf 85' lang='lat' dir='ltr'><strong>tam</strong></span> <span class='ocrx_word' id='word_1_4' title='bbox 339 246 497 286; x_wconf 87' lang='lat' dir='ltr'><strong>habeat.</strong></span> <span class='ocrx_word' id='word_1_5' title='bbox 567 241 667 282; x_wconf 89' lang='lat' dir='ltr'><strong>Nam</strong></span> <span class='ocrx_word' id='word_1_6' title='bbox 686 236 1133 292; x_wconf 75' lang='grc' dir='ltr'><strong><em>πολλαπλασιασθεὶς</em></strong></span> <span class='ocrx_word' id='word_1_7' title='bbox 1160 231 1214 281; x_wconf 79' lang='grc' dir='ltr'><strong>τὸ</strong></span> <span class='ocrx_word' id='word_1_8' title='bbox 1247 231 1420 291; x_wconf 80' lang='grc' dir='ltr'><strong><em>πλάτος</em></strong></span> <span class='ocrx_word' id='word_1_9' title='bbox 1437 230 1551 280; x_wconf 80' lang='grc' dir='ltr'><strong><em>κατὰ</em></strong></span> <span class='ocrx_word' id='word_1_10' title='bbox 1571 230 1623 279; x_wconf 76' lang='grc' dir='ltr'><strong>τὰ</strong></span> 
     </span>
     <span class='ocr_line' id='line_1_3' title="bbox 235 323 1627 395; baseline -0.006 -16"><span class='ocrx_word' id='word_1_11' title='bbox 235 337 384 395; x_wconf 79' lang='grc' dir='ltr'><strong><em>μῆκος</em></strong></span> <span class='ocrx_word' id='word_1_12' title='bbox 413 337 520 376; x_wconf 82' lang='lat' dir='ltr'><strong>idem</strong></span> <span class='ocrx_word' id='word_1_13' title='bbox 551 338 638 383; x_wconf 80' lang='lat' dir='ltr'><strong>est,</strong></span> <span class='ocrx_word' id='word_1_14' title='bbox 674 333 781 386; x_wconf 86' lang='lat' dir='ltr'><strong>quod</strong></span> <span class='ocrx_word' id='word_1_15' title='bbox 801 323 854 374; x_wconf 80' lang='grc' dir='ltr'><strong>τὰ</strong></span> <span class='ocrx_word' id='word_1_16' title='bbox 876 323 1048 383; x_wconf 80' lang='grc' dir='ltr'><strong><em>πλάτος</em></strong></span> <span class='ocrx_word' id='word_1_17' title='bbox 1069 328 1182 389; x_wconf 77' lang='grc' dir='ltr'>ἔχων</span> <span class='ocrx_word' id='word_1_18' title='bbox 1199 324 1627 372; x_wconf 68' lang='grc' dir='ltr'><strong><em>πολλαπλασιασθὲν</em></strong></span> 
     </span>
     <span class='ocr_line' id='line_1_4' title="bbox 235 398 1626 483; baseline -0.006 -13"><span class='ocrx_word' id='word_1_19' title='bbox 235 418 348 470; x_wconf 73' lang='grc' dir='ltr'><strong><em>κατὰ</em></strong></span> <span class='ocrx_word' id='word_1_20' title='bbox 378 416 435 468; x_wconf 58' lang='lat' dir='ltr'><strong>w*</strong></span> <span class='ocrx_word' id='word_1_21' title='bbox 466 416 626 483; x_wconf 76' lang='grc' dir='ltr'><strong><em>μῆκος.</em></strong></span> <span class='ocrx_word' id='word_1_22' title='bbox 711 398 901 464; x_wconf 84' lang='lat' dir='ltr'><strong>Ceterum</strong></span> <span class='ocrx_word' id='word_1_23' title='bbox 925 437 1000 477; x_wconf 89' lang='lat' dir='ltr'><strong>pro</strong></span> <span class='ocrx_word' id='word_1_24' title='bbox 1030 419 1419 465; x_wconf 84' lang='grc' dir='ltr'><strong><em>πολλαπλασίασιν</em></strong></span> <span class='ocrx_word' id='word_1_25' title='bbox 1454 425 1497 462; x_wconf 84' lang='lat' dir='ltr'><strong>et</strong></span> <span class='ocrx_word' id='word_1_26' title='bbox 1515 419 1626 462; x_wconf 88' lang='grc' dir='ltr'><strong><em>πολ-</em></strong></span> 
     </span>
     <span class='ocr_line' id='line_1_5' title="bbox 236 506 1626 572; baseline -0.007 -11"><span class='ocrx_word' id='word_1_27' title='bbox 236 513 535 568; x_wconf 81' lang='grc' dir='ltr'><strong><em>λαπλασίασις</em></strong></span> <span class='ocrx_word' id='word_1_28' title='bbox 557 519 598 556; x_wconf 87' lang='lat' dir='ltr'><strong>et</strong></span> <span class='ocrx_word' id='word_1_29' title='bbox 615 506 764 572; x_wconf 79' lang='grc' dir='ltr'><strong><em>ἤγουν</em></strong></span> <span class='ocrx_word' id='word_1_30' title='bbox 774 515 1034 555; x_wconf 85' lang='lat' dir='ltr'><strong>Ruhnkenius</strong></span> <span class='ocrx_word' id='word_1_31' title='bbox 1047 509 1445 556; x_wconf 79' lang='grc' dir='ltr'><strong><em>πολλαπλασίωσιν</em></strong></span> <span class='ocrx_word' id='word_1_32' title='bbox 1457 515 1498 553; x_wconf 89' lang='lat' dir='ltr'><strong>et</strong></span> <span class='ocrx_word' id='word_1_33' title='bbox 1515 509 1626 552; x_wconf 89' lang='grc' dir='ltr'><strong><em>πολ-</em></strong></span> 
     </span>
     <span class='ocr_line' id='line_1_6' title="bbox 237 597 1626 663; baseline -0.007 -11"><span class='ocrx_word' id='word_1_34' title='bbox 237 604 548 657; x_wconf 80' lang='grc' dir='ltr'><strong><em>λαπλασίωσις</em></strong></span> <span class='ocrx_word' id='word_1_35' title='bbox 582 612 623 646; x_wconf 87' lang='lat' dir='ltr'><strong>et</strong></span> <span class='ocrx_word' id='word_1_36' title='bbox 664 597 770 663; x_wconf 78' lang='grc' dir='ltr'><strong><em>ἤτοι</em></strong></span> <span class='ocrx_word' id='word_1_37' title='bbox 806 621 934 658; x_wconf 86' lang='lat' dir='ltr'><strong>aeque</strong></span> <span class='ocrx_word' id='word_1_38' title='bbox 976 607 1236 659; x_wconf 78' lang='lat' dir='ltr'><strong>probabiliter</strong></span> <span class='ocrx_word' id='word_1_39' title='bbox 1265 606 1450 657; x_wconf 73' lang='lat' dir='ltr'><strong>scripsit,</strong></span> <span class='ocrx_word' id='word_1_40' title='bbox 1497 604 1626 642; x_wconf 88' lang='lat' dir='ltr'><strong>minus</strong></span> 
     </span>
     <span class='ocr_line' id='line_1_7' title="bbox 236 684 1631 757; baseline -0.006 -16"><span class='ocrx_word' id='word_1_41' title='bbox 236 703 342 742; x_wconf 89' lang='lat' dir='ltr'><strong>bene</strong></span> <span class='ocrx_word' id='word_1_42' title='bbox 377 684 435 757; x_wconf 75' lang='grc' dir='ltr'><strong>ἦν</strong></span> <span class='ocrx_word' id='word_1_43' title='bbox 464 701 560 754; x_wconf 87' lang='lat' dir='ltr'><strong>post</strong></span> <span class='ocrx_word' id='word_1_44' title='bbox 597 692 788 752; x_wconf 75' lang='grc' dir='ltr'><strong><em>δευτέρα</em></strong></span> <span class='ocrx_word' id='word_1_45' title='bbox 816 688 901 754; x_wconf 70' lang='grc' dir='ltr'><strong>γὰρ</strong></span> <span class='ocrx_word' id='word_1_46' title='bbox 943 699 1097 746; x_wconf 77' lang='lat' dir='ltr'><strong>omisit,</strong></span> <span class='ocrx_word' id='word_1_47' title='bbox 1133 711 1346 750; x_wconf 85' lang='lat' dir='ltr'><strong>perperam</strong></span> <span class='ocrx_word' id='word_1_48' title='bbox 1367 696 1538 747; x_wconf 86' lang='lat' dir='ltr'><strong>denique</strong></span> <span class='ocrx_word' id='word_1_49' title='bbox 1554 689 1631 734; x_wconf 78' lang='grc' dir='ltr'><strong>καὶ</strong></span> 
     </span>
     <span class='ocr_line' id='line_1_8' title="bbox 237 777 1629 848; baseline -0.006 -14"><span class='ocrx_word' id='word_1_50' title='bbox 237 782 518 848; x_wconf 69' lang='grc' dir='ltr'><strong><em>ποιήσαντος</em></strong></span> <span class='ocrx_word' id='word_1_51' title='bbox 536 779 618 829; x_wconf 80' lang='grc' dir='ltr'><strong>τὸν</strong></span> <span class='ocrx_word' id='word_1_52' title='bbox 641 778 687 829; x_wconf 72' lang='grc' dir='ltr'><strong>θ’</strong></span> <span class='ocrx_word' id='word_1_53' title='bbox 711 801 785 841; x_wconf 90' lang='lat' dir='ltr'><strong>pro</strong></span> <span class='ocrx_word' id='word_1_54' title='bbox 806 785 881 830; x_wconf 76' lang='grc' dir='ltr'><strong>καὶ</strong></span> <span class='ocrx_word' id='word_1_55' title='bbox 899 780 1181 846; x_wconf 79' lang='grc' dir='ltr'><strong><em>ποιήσαντος</em></strong></span> <span class='ocrx_word' id='word_1_56' title='bbox 1199 779 1281 829; x_wconf 78' lang='grc' dir='ltr'><strong>τὸν</strong></span> <span class='ocrx_word' id='word_1_57' title='bbox 1309 777 1355 828; x_wconf 74' lang='grc' dir='ltr'><strong>θ’</strong></span> <span class='ocrx_word' id='word_1_58' title='bbox 1389 791 1429 826; x_wconf 84' lang='lat' dir='ltr'><strong>et</strong></span> <span class='ocrx_word' id='word_1_59' title='bbox 1450 782 1521 827; x_wconf 79' lang='grc' dir='ltr'><strong>ἐπὶ</strong></span> <span class='ocrx_word' id='word_1_60' title='bbox 1541 783 1629 826; x_wconf 81' lang='grc' dir='ltr'><strong>τοῦ</strong></span> 
     </span>
     <span class='ocr_line' id='line_1_9' title="bbox 236 869 1631 941; baseline -0.004 -19"><span class='ocrx_word' id='word_1_61' title='bbox 236 874 273 940; x_wconf 77' lang='grc' dir='ltr'><strong>γ’</strong></span> <span class='ocrx_word' id='word_1_62' title='bbox 296 896 371 936; x_wconf 87' lang='lat' dir='ltr'><strong>pro</strong></span> <span class='ocrx_word' id='word_1_63' title='bbox 396 876 467 922; x_wconf 77' lang='grc' dir='ltr'><strong>ἐπὶ</strong></span> <span class='ocrx_word' id='word_1_64' title='bbox 488 870 571 920; x_wconf 81' lang='grc' dir='ltr'><strong>τὸν</strong></span> <span class='ocrx_word' id='word_1_65' title='bbox 598 869 634 935; x_wconf 77' lang='grc' dir='ltr'><strong>γ’</strong></span> <span class='ocrx_word' id='word_1_66' title='bbox 669 880 735 919; x_wconf 83' lang='lat' dir='ltr'><strong>edi</strong></span> <span class='ocrx_word' id='word_1_67' title='bbox 756 885 818 920; x_wconf 89' lang='lat' dir='ltr'><strong>est</strong></span> <span class='ocrx_word' id='word_1_68' title='bbox 837 894 995 933; x_wconf 88' lang='lat' dir='ltr'><strong>passus.</strong></span> <span class='ocrx_word' id='word_1_69' title='bbox 1065 881 1386 941; x_wconf 85' lang='lat' dir='ltr'><strong>Explicationem</strong></span> <span class='ocrx_word' id='word_1_70' title='bbox 1404 879 1531 930; x_wconf 82' lang='lat' dir='ltr'><strong>ipsam</strong></span> <span class='ocrx_word' id='word_1_71' title='bbox 1549 890 1631 917; x_wconf 89' lang='lat' dir='ltr'><strong>uon</strong></span> 
     </span>
     <span class='ocr_line' id='line_1_10' title="bbox 240 971 757 1030; baseline -0.01 -15"><span class='ocrx_word' id='word_1_72' title='bbox 240 987 342 1030; x_wconf 90' lang='lat' dir='ltr'><strong>opus</strong></span> <span class='ocrx_word' id='word_1_73' title='bbox 375 977 438 1012; x_wconf 86' lang='lat' dir='ltr'><strong>est</strong></span> <span class='ocrx_word' id='word_1_74' title='bbox 463 975 507 1011; x_wconf 89' lang='lat' dir='ltr'><strong>ut</strong></span> <span class='ocrx_word' id='word_1_75' title='bbox 522 971 757 1011; x_wconf 87' lang='lat' dir='ltr'><strong>refutemus.</strong></span> 
     </span>
    </p>

    <p class='ocr_par' dir='ltr' id='par_1_3' title="bbox 239 1059 1633 1662">
     <span class='ocr_line' id='line_1_11' title="bbox 385 1059 1630 1106; baseline -0.004 -4"><span class='ocrx_word' id='word_1_76' title='bbox 385 1063 569 1102; x_wconf 88' lang='lat' dir='ltr'><strong>Pluribus</strong></span> <span class='ocrx_word' id='word_1_77' title='bbox 625 1063 815 1102; x_wconf 88' lang='lat' dir='ltr'><strong>Barocius</strong></span> <span class='ocrx_word' id='word_1_78' title='bbox 856 1063 991 1102; x_wconf 91' lang='lat' dir='ltr'><strong>locum</strong></span> <span class='ocrx_word' id='word_1_79' title='bbox 1019 1065 1200 1101; x_wconf 90' lang='lat' dir='ltr'><strong>nostrum</strong></span> <span class='ocrx_word' id='word_1_80' title='bbox 1226 1060 1423 1099; x_wconf 86' lang='lat' dir='ltr'><strong>illustrare</strong></span> <span class='ocrx_word' id='word_1_81' title='bbox 1468 1059 1630 1106; x_wconf 69' lang='lat' dir='ltr'><strong>studuit,</strong></span> 
     </span>
     <span class='ocr_line' id='line_1_12' title="bbox 241 1151 1633 1208; baseline -0.005 -13"><span class='ocrx_word' id='word_1_82' title='bbox 241 1168 343 1208; x_wconf 88' lang='lat' dir='ltr'><strong>quae</strong></span> <span class='ocrx_word' id='word_1_83' title='bbox 385 1154 682 1194; x_wconf 83' lang='lat' dir='ltr'><strong>Commentario</strong></span> <span class='ocrx_word' id='word_1_84' title='bbox 733 1154 784 1193; x_wconf 88' lang='lat' dir='ltr'><strong>de</strong></span> <span class='ocrx_word' id='word_1_85' title='bbox 810 1167 976 1193; x_wconf 91' lang='lat' dir='ltr'><strong>numero</strong></span> <span class='ocrx_word' id='word_1_86' title='bbox 1014 1153 1191 1191; x_wconf 82' lang='lat' dir='ltr'><strong>Platonis</strong></span> <span class='ocrx_word' id='word_1_87' title='bbox 1223 1151 1456 1203; x_wconf 87' lang='lat' dir='ltr'><strong>appendicis</strong></span> <span class='ocrx_word' id='word_1_88' title='bbox 1508 1152 1633 1189; x_wconf 86' lang='lat' dir='ltr'><strong>instar</strong></span> 
     </span>
     <span class='ocr_line' id='line_1_13' title="bbox 239 1238 1629 1305; baseline -0.005 -18"><span class='ocrx_word' id='word_1_89' title='bbox 239 1247 395 1287; x_wconf 86' lang='lat' dir='ltr'><strong>adiecta</strong></span> <span class='ocrx_word' id='word_1_90' title='bbox 420 1275 432 1294; x_wconf 77' lang='grc'><em>,</em></span> <span class='ocrx_word' id='word_1_91' title='bbox 498 1246 589 1298; x_wconf 89' lang='lat' dir='ltr'><strong>quia</strong></span> <span class='ocrx_word' id='word_1_92' title='bbox 629 1245 730 1284; x_wconf 85' lang='lat' dir='ltr'><strong>liber</strong></span> <span class='ocrx_word' id='word_1_93' title='bbox 760 1247 985 1284; x_wconf 89' lang='lat' dir='ltr'><strong>rarissimus</strong></span> <span class='ocrx_word' id='word_1_94' title='bbox 1016 1248 1100 1305; x_wconf 72' lang='lat' dir='ltr'><strong>est,</strong></span> <span class='ocrx_word' id='word_1_95' title='bbox 1161 1243 1380 1282; x_wconf 87' lang='lat' dir='ltr'><strong>desiderari</strong></span> <span class='ocrx_word' id='word_1_96' title='bbox 1417 1238 1629 1282; x_wconf 80' lang='lat' dir='ltr'><strong>noluimus.</strong></span> 
     </span>
     <span class='ocr_line' id='line_1_14' title="bbox 240 1333 1632 1388; baseline -0.004 -11"><span class='ocrx_word' id='word_1_97' title='bbox 240 1338 486 1387; x_wconf 81' lang='lat' dir='ltr'><strong>„Hactenus</strong></span> <span class='ocrx_word' id='word_1_98' title='bbox 515 1337 649 1388; x_wconf 86' lang='lat' dir='ltr'><strong>itaque</strong></span> <span class='ocrx_word' id='word_1_99' title='bbox 661 1339 686 1357; x_wconf 69' lang='lat'><strong>‘⁴</strong></span> <span class='ocrx_word' id='word_1_100' title='bbox 713 1337 840 1388; x_wconf 86' lang='lat' dir='ltr'><strong>inquit</strong></span> <span class='ocrx_word' id='word_1_101' title='bbox 875 1338 1171 1388; x_wconf 76' lang='lat' dir='ltr'><strong>„praesentem</strong></span> <span class='ocrx_word' id='word_1_102' title='bbox 1207 1333 1385 1373; x_wconf 86' lang='lat' dir='ltr'><strong>Platonis</strong></span> <span class='ocrx_word' id='word_1_103' title='bbox 1403 1334 1539 1373; x_wconf 90' lang='lat' dir='ltr'><strong>locum</strong></span> <span class='ocrx_word' id='word_1_104' title='bbox 1555 1333 1632 1372; x_wconf 90' lang='lat' dir='ltr'><strong>ob-</strong></span> 
     </span>
     <span class='ocr_line' id='line_1_15' title="bbox 241 1425 1633 1477; baseline -0.004 -9"><span class='ocrx_word' id='word_1_105' title='bbox 241 1430 513 1468; x_wconf 87' lang='lat' dir='ltr'><strong>scurissimum</strong></span> <span class='ocrx_word' id='word_1_106' title='bbox 545 1428 878 1467; x_wconf 66' lang='lat' dir='ltr'><strong>dillucidavimus:</strong></span> <span class='ocrx_word' id='word_1_107' title='bbox 931 1427 1054 1466; x_wconf 67' lang='lat' dir='ltr'><strong>modi)</strong></span> <span class='ocrx_word' id='word_1_108' title='bbox 1094 1426 1291 1477; x_wconf 81' lang='lat' dir='ltr'><strong>reliquum</strong></span> <span class='ocrx_word' id='word_1_109' title='bbox 1313 1429 1396 1473; x_wconf 68' lang='lat' dir='ltr'><strong>est,</strong></span> <span class='ocrx_word' id='word_1_110' title='bbox 1442 1429 1487 1464; x_wconf 89' lang='lat' dir='ltr'><strong>ut</strong></span> <span class='ocrx_word' id='word_1_111' title='bbox 1520 1425 1633 1464; x_wconf 89' lang='lat' dir='ltr'><strong>illum</strong></span> 
     </span>
     <span class='ocr_line' id='line_1_16' title="bbox 241 1517 1630 1570; baseline -0.003 -10"><span class='ocrx_word' id='word_1_112' title='bbox 241 1521 361 1560; x_wconf 86' lang='lat' dir='ltr'><strong>etiam</strong></span> <span class='ocrx_word' id='word_1_113' title='bbox 402 1519 520 1558; x_wconf 86' lang='lat' dir='ltr'><strong>alium</strong></span> <span class='ocrx_word' id='word_1_114' title='bbox 553 1519 733 1559; x_wconf 89' lang='lat' dir='ltr'><strong>eiusdem</strong></span> <span class='ocrx_word' id='word_1_115' title='bbox 774 1521 815 1559; x_wconf 88' lang='lat' dir='ltr'><strong>in</strong></span> <span class='ocrx_word' id='word_1_116' title='bbox 844 1518 961 1559; x_wconf 90' lang='lat' dir='ltr'><strong>Nono</strong></span> <span class='ocrx_word' id='word_1_117' title='bbox 985 1519 1035 1558; x_wconf 90' lang='lat' dir='ltr'><strong>de</strong></span> <span class='ocrx_word' id='word_1_118' title='bbox 1054 1517 1211 1570; x_wconf 89' lang='lat' dir='ltr'><strong>Repub.</strong></span> <span class='ocrx_word' id='word_1_119' title='bbox 1235 1517 1369 1557; x_wconf 89' lang='lat' dir='ltr'><strong>locum</strong></span> <span class='ocrx_word' id='word_1_120' title='bbox 1393 1529 1442 1556; x_wconf 79' lang='lat' dir='ltr'><strong>ex</strong></span> <span class='ocrx_word' id='word_1_121' title='bbox 1462 1518 1539 1556; x_wconf 89' lang='lat' dir='ltr'><strong>iam</strong></span> <span class='ocrx_word' id='word_1_122' title='bbox 1559 1517 1630 1556; x_wconf 82' lang='lat' dir='ltr'><strong>‹le-</strong></span> 
     </span>
     <span class='ocr_line' id='line_1_17' title="bbox 241 1609 1633 1662; baseline -0.003 -11"><span class='ocrx_word' id='word_1_123' title='bbox 241 1611 397 1651; x_wconf 87' lang='lat' dir='ltr'><strong>claratis</strong></span> <span class='ocrx_word' id='word_1_124' title='bbox 440 1611 600 1650; x_wconf 87' lang='lat' dir='ltr'><strong>omnino</strong></span> <span class='ocrx_word' id='word_1_125' title='bbox 645 1610 941 1662; x_wconf 83' lang='lat' dir='ltr'><strong>dependentem</strong></span> <span class='ocrx_word' id='word_1_126' title='bbox 978 1610 1233 1649; x_wconf 86' lang='lat' dir='ltr'><strong>illustremus.</strong></span> <span class='ocrx_word' id='word_1_127' title='bbox 1305 1609 1391 1659; x_wconf 75' lang='lat' dir='ltr'><strong>Qua</strong></span> <span class='ocrx_word' id='word_1_128' title='bbox 1433 1610 1475 1653; x_wconf 85' lang='lat' dir='ltr'><strong>in</strong></span> <span class='ocrx_word' id='word_1_129' title='bbox 1502 1622 1547 1648; x_wconf 88' lang='lat' dir='ltr'><strong>re</strong></span> <span class='ocrx_word' id='word_1_130' title='bbox 1574 1609 1633 1647; x_wconf 89' lang='lat' dir='ltr'><strong>sic</strong></span> 
     </span>
    </p>
   </div>
   <div class='ocr_carea' id='block_1_3' title="bbox 242 1700 1631 1754">
    <p class='ocr_par' dir='ltr' id='par_1_4' title="bbox 242 1700 1631 1754">
     <span class='ocr_line' id='line_1_18' title="bbox 242 1700 1631 1754; baseline -0.001 -13"><span class='ocrx_word' id='word_1_131' title='bbox 242 1705 306 1742; x_wconf 86' lang='lat' dir='ltr'><strong>est</strong></span> <span class='ocrx_word' id='word_1_132' title='bbox 341 1702 439 1741; x_wconf 84' lang='lat' dir='ltr'><strong>mihi</strong></span> <span class='ocrx_word' id='word_1_133' title='bbox 459 1701 773 1754; x_wconf 85' lang='lat' dir='ltr'><strong>procedendum.</strong></span> <span class='ocrx_word' id='word_1_134' title='bbox 843 1701 977 1740; x_wconf 74' lang='lat' dir='ltr'><strong>Primi)</strong></span> <span class='ocrx_word' id='word_1_135' title='bbox 1017 1714 1164 1754; x_wconf 91' lang='lat' dir='ltr'><strong>ponam</strong></span> <span class='ocrx_word' id='word_1_136' title='bbox 1191 1701 1311 1740; x_wconf 85' lang='lat' dir='ltr'><strong>verba</strong></span> <span class='ocrx_word' id='word_1_137' title='bbox 1333 1714 1475 1752; x_wconf 80' lang='lat' dir='ltr'><strong>graeca</strong></span> <span class='ocrx_word' id='word_1_138' title='bbox 1494 1700 1631 1740; x_wconf 90' lang='lat' dir='ltr'><strong>Plato—</strong></span> 
     </span>
    </p>
   </div>
   <div class='ocr_carea' id='block_1_4' title="bbox 243 1784 1720 1845">
    <p class='ocr_par' dir='ltr' id='par_1_5' title="bbox 243 1784 1720 1845">
     <span class='ocr_line' id='line_1_19' title="bbox 243 1784 1720 1845; baseline 0 -13"><span class='ocrx_word' id='word_1_139' title='bbox 243 1793 329 1840; x_wconf 83' lang='lat' dir='ltr'><strong>nis,</strong></span> <span class='ocrx_word' id='word_1_140' title='bbox 384 1784 606 1845; x_wconf 78' lang='lat' dir='ltr'><strong>eorunique</strong></span> <span class='ocrx_word' id='word_1_141' title='bbox 643 1793 804 1832; x_wconf 91' lang='lat' dir='ltr'><strong>fidelem</strong></span> <span class='ocrx_word' id='word_1_142' title='bbox 836 1796 1012 1832; x_wconf 88' lang='lat' dir='ltr'><strong>nostram</strong></span> <span class='ocrx_word' id='word_1_143' title='bbox 1039 1794 1342 1832; x_wconf 75' lang='lat' dir='ltr'><strong>conversionem</strong></span> <span class='ocrx_word' id='word_1_144' title='bbox 1374 1793 1633 1840; x_wconf 73' lang='lat' dir='ltr'><strong>subscribam,</strong></span> <span class='ocrx_word' id='word_1_145' title='bbox 1706 1786 1720 1800; x_wconf 74' lang='lat'>⁸</span> 
     </span>
    </p>
   </div>
   <div class='ocr_carea' id='block_1_5' title="bbox 244 1884 1637 2578">
    <p class='ocr_par' dir='ltr' id='par_1_6' title="bbox 244 1884 1637 2578">
     <span class='ocr_line' id='line_1_20' title="bbox 245 1884 1634 1935; baseline 0 -13"><span class='ocrx_word' id='word_1_146' title='bbox 245 1884 432 1935; x_wconf 88' lang='lat' dir='ltr'><strong>quoniam</strong></span> <span class='ocrx_word' id='word_1_147' title='bbox 478 1885 501 1923; x_wconf 75' lang='lat' dir='ltr'><strong>a</strong></span> <span class='ocrx_word' id='word_1_148' title='bbox 542 1884 718 1923; x_wconf 90' lang='lat' dir='ltr'><strong>Marsilio</strong></span> <span class='ocrx_word' id='word_1_149' title='bbox 751 1884 916 1932; x_wconf 72' lang='lat' dir='ltr'><strong>Ficino,</strong></span> <span class='ocrx_word' id='word_1_150' title='bbox 973 1888 1013 1923; x_wconf 86' lang='lat' dir='ltr'><strong>et</strong></span> <span class='ocrx_word' id='word_1_151' title='bbox 1041 1884 1088 1923; x_wconf 87' lang='lat' dir='ltr'><strong>ab</strong></span> <span class='ocrx_word' id='word_1_152' title='bbox 1128 1885 1214 1923; x_wconf 86' lang='lat' dir='ltr'><strong>aliis</strong></span> <span class='ocrx_word' id='word_1_153' title='bbox 1244 1884 1348 1923; x_wconf 76' lang='lat' dir='ltr'><strong>male</strong></span> <span class='ocrx_word' id='word_1_154' title='bbox 1377 1884 1515 1924; x_wconf 84' lang='lat' dir='ltr'><strong>tralata</strong></span> <span class='ocrx_word' id='word_1_155' title='bbox 1536 1884 1634 1924; x_wconf 82' lang='lat' dir='ltr'><strong>mihi</strong></span> 
     </span>
     <span class='ocr_line' id='line_1_21' title="bbox 244 1975 1635 2015; baseline 0 -1"><span class='ocrx_word' id='word_1_156' title='bbox 244 1976 438 2015; x_wconf 78' lang='lat' dir='ltr'><strong>videntur.</strong></span> <span class='ocrx_word' id='word_1_157' title='bbox 510 1975 696 2015; x_wconf 76' lang='lat' dir='ltr'><strong>Secundo</strong></span> <span class='ocrx_word' id='word_1_158' title='bbox 732 1980 857 2015; x_wconf 89' lang='lat' dir='ltr'><strong>totam</strong></span> <span class='ocrx_word' id='word_1_159' title='bbox 891 1975 1066 2014; x_wconf 89' lang='lat' dir='ltr'><strong>Platonis</strong></span> <span class='ocrx_word' id='word_1_160' title='bbox 1101 1976 1142 2014; x_wconf 90' lang='lat' dir='ltr'><strong>in</strong></span> <span class='ocrx_word' id='word_1_161' title='bbox 1170 1975 1368 2015; x_wconf 89' lang='lat' dir='ltr'><strong>hocloco</strong></span> <span class='ocrx_word' id='word_1_162' title='bbox 1398 1976 1635 2015; x_wconf 89' lang='lat' dir='ltr'><strong>sententiam</strong></span> 
     </span>
     <span class='ocr_line' id='line_1_22' title="bbox 247 2057 1632 2129; baseline 0 -23"><span class='ocrx_word' id='word_1_163' title='bbox 247 2067 486 2120; x_wconf 79' lang='lat' dir='ltr'><strong>explicabo,</strong></span> <span class='ocrx_word' id='word_1_164' title='bbox 533 2057 704 2118; x_wconf 75' lang='lat' dir='ltr'><strong>ean&#39;lque</strong></span> <span class='ocrx_word' id='word_1_165' title='bbox 724 2068 854 2106; x_wconf 74' lang='lat' dir='ltr'><strong>verbis</strong></span> <span class='ocrx_word' id='word_1_166' title='bbox 878 2067 978 2118; x_wconf 88' lang='lat' dir='ltr'><strong>ipsis</strong></span> <span class='ocrx_word' id='word_1_167' title='bbox 1007 2066 1228 2129; x_wconf 77' lang='lat' dir='ltr'><strong>applicabo.</strong></span> <span class='ocrx_word' id='word_1_168' title='bbox 1299 2066 1453 2115; x_wconf 72' lang='lat' dir='ltr'><strong>Tertio,</strong></span> <span class='ocrx_word' id='word_1_169' title='bbox 1483 2071 1524 2106; x_wconf 87' lang='lat' dir='ltr'><strong>et</strong></span> <span class='ocrx_word' id='word_1_170' title='bbox 1540 2067 1632 2106; x_wconf 89' lang='lat' dir='ltr'><strong>ulti-</strong></span> 
     </span>
     <span class='ocr_line' id='line_1_23' title="bbox 249 2158 1633 2211; baseline 0.001 -13"><span class='ocrx_word' id='word_1_171' title='bbox 249 2158 318 2198; x_wconf 68' lang='lat' dir='ltr'><strong>mi)</strong></span> <span class='ocrx_word' id='word_1_172' title='bbox 355 2158 581 2198; x_wconf 83' lang='lat' dir='ltr'><strong>Sebastiani</strong></span> <span class='ocrx_word' id='word_1_173' title='bbox 619 2159 737 2198; x_wconf 79' lang='lat' dir='ltr'><strong>Foxii</strong></span> <span class='ocrx_word' id='word_1_174' title='bbox 767 2159 900 2198; x_wconf 89' lang='lat' dir='ltr'><strong>locum</strong></span> <span class='ocrx_word' id='word_1_175' title='bbox 918 2158 1026 2197; x_wconf 91' lang='lat' dir='ltr'><strong>huuc</strong></span> <span class='ocrx_word' id='word_1_176' title='bbox 1050 2160 1286 2211; x_wconf 80' lang='lat' dir='ltr'><strong>exponentis</strong></span> <span class='ocrx_word' id='word_1_177' title='bbox 1311 2171 1469 2198; x_wconf 83' lang='lat' dir='ltr'><strong>errores</strong></span> <span class='ocrx_word' id='word_1_178' title='bbox 1495 2162 1633 2200; x_wconf 86' lang='lat' dir='ltr'><strong>osten-</strong></span> 
     </span>
     <span class='ocr_line' id='line_1_24' title="bbox 246 2249 1634 2303; baseline 0.001 -14"><span class='ocrx_word' id='word_1_179' title='bbox 246 2249 350 2289; x_wconf 84' lang='lat' dir='ltr'><strong>dam.</strong></span> <span class='ocrx_word' id='word_1_180' title='bbox 450 2250 593 2301; x_wconf 78' lang='lat' dir='ltr'><strong>Quoad</strong></span> <span class='ocrx_word' id='word_1_181' title='bbox 631 2251 801 2303; x_wconf 87' lang='lat' dir='ltr'><strong>primum</strong></span> <span class='ocrx_word' id='word_1_182' title='bbox 829 2250 948 2301; x_wconf 80' lang='lat' dir='ltr'><strong>igitur</strong></span> <span class='ocrx_word' id='word_1_183' title='bbox 979 2250 1099 2289; x_wconf 74' lang='lat' dir='ltr'><strong>verba</strong></span> <span class='ocrx_word' id='word_1_184' title='bbox 1136 2263 1279 2302; x_wconf 78' lang='lat' dir='ltr'><strong>graeca</strong></span> <span class='ocrx_word' id='word_1_185' title='bbox 1319 2250 1496 2290; x_wconf 89' lang='lat' dir='ltr'><strong>Platonis</strong></span> <span class='ocrx_word' id='word_1_186' title='bbox 1532 2251 1634 2291; x_wconf 88' lang='lat' dir='ltr'><strong>haec</strong></span> 
     </span>
     <span class='ocr_line' id='line_1_25' title="bbox 247 2341 1634 2395; baseline 0.001 -15"><span class='ocrx_word' id='word_1_187' title='bbox 247 2342 390 2381; x_wconf 81' lang='lat' dir='ltr'><strong>sunt.“</strong></span> <span class='ocrx_word' id='word_1_188' title='bbox 473 2341 552 2393; x_wconf 83' lang='lat' dir='ltr'><strong>(Ea</strong></span> <span class='ocrx_word' id='word_1_189' title='bbox 579 2355 679 2390; x_wconf 71' lang='lat' dir='ltr'><strong>nos,</strong></span> <span class='ocrx_word' id='word_1_190' title='bbox 735 2343 824 2393; x_wconf 87' lang='lat' dir='ltr'><strong>quia</strong></span> <span class='ocrx_word' id='word_1_191' title='bbox 845 2342 1019 2381; x_wconf 88' lang='lat' dir='ltr'><strong>fideliter</strong></span> <span class='ocrx_word' id='word_1_192' title='bbox 1041 2342 1091 2380; x_wconf 88' lang='lat' dir='ltr'><strong>ad</strong></span> <span class='ocrx_word' id='word_1_193' title='bbox 1113 2342 1297 2381; x_wconf 83' lang='lat' dir='ltr'><strong>Aldinum</strong></span> <span class='ocrx_word' id='word_1_194' title='bbox 1328 2343 1531 2395; x_wconf 79' lang='lat' dir='ltr'><strong>exemplar</strong></span> <span class='ocrx_word' id='word_1_195' title='bbox 1563 2355 1634 2383; x_wconf 80' lang='lat' dir='ltr'><strong>ex-</strong></span> 
     </span>
     <span class='ocr_line' id='line_1_26' title="bbox 248 2433 1637 2487; baseline 0.001 -15"><span class='ocrx_word' id='word_1_196' title='bbox 248 2445 391 2486; x_wconf 84' lang='lat' dir='ltr'><strong>pressa</strong></span> <span class='ocrx_word' id='word_1_197' title='bbox 418 2437 533 2482; x_wconf 81' lang='lat' dir='ltr'><strong>sunt,</strong></span> <span class='ocrx_word' id='word_1_198' title='bbox 576 2435 780 2473; x_wconf 87' lang='lat' dir='ltr'><strong>omisimus</strong></span> <span class='ocrx_word' id='word_1_199' title='bbox 813 2436 854 2472; x_wconf 89' lang='lat' dir='ltr'><strong>et</strong></span> <span class='ocrx_word' id='word_1_200' title='bbox 896 2446 972 2486; x_wconf 92' lang='lat' dir='ltr'><strong>pro</strong></span> <span class='ocrx_word' id='word_1_201' title='bbox 1006 2434 1055 2472; x_wconf 88' lang='lat' dir='ltr'><strong>iis</strong></span> <span class='ocrx_word' id='word_1_202' title='bbox 1095 2433 1225 2474; x_wconf 89' lang='lat' dir='ltr'><strong>Ficini</strong></span> <span class='ocrx_word' id='word_1_203' title='bbox 1268 2435 1637 2487; x_wconf 77' lang='lat' dir='ltr'><strong>interpretationem</strong></span> 
     </span>
     <span class='ocr_line' id='line_1_27' title="bbox 249 2514 1637 2578; baseline 0.001 -14"><span class='ocrx_word' id='word_1_204' title='bbox 249 2524 440 2564; x_wconf 87' lang='lat' dir='ltr'><strong>subiectis</strong></span> <span class='ocrx_word' id='word_1_205' title='bbox 475 2523 649 2577; x_wconf 87' lang='lat' dir='ltr'><strong>Grynaei</strong></span> <span class='ocrx_word' id='word_1_206' title='bbox 680 2514 962 2564; x_wconf 80' lang='lat' dir='ltr'><strong>mutationibus</strong></span> <span class='ocrx_word' id='word_1_207' title='bbox 993 2526 1225 2577; x_wconf 84' lang='lat' dir='ltr'><strong>posuimus,</strong></span> <span class='ocrx_word' id='word_1_208' title='bbox 1262 2539 1341 2576; x_wconf 85' lang='lat' dir='ltr'><strong>quo</strong></span> <span class='ocrx_word' id='word_1_209' title='bbox 1364 2526 1521 2566; x_wconf 86' lang='lat' dir='ltr'><strong>facilius</strong></span> <span class='ocrx_word' id='word_1_210' title='bbox 1543 2526 1637 2578; x_wconf 88' lang='lat' dir='ltr'><strong>quid</strong></span> 
     </span>
    </p>
   </div>
   <div class='ocr_carea' id='block_1_6' title="bbox 249 2610 1636 2671">
    <p class='ocr_par' dir='ltr' id='par_1_7' title="bbox 249 2610 1636 2671">
     <span class='ocr_line' id='line_1_28' title="bbox 249 2610 1636 2671; baseline 0.002 -17"><span class='ocrx_word' id='word_1_211' title='bbox 249 2615 418 2655; x_wconf 87' lang='lat' dir='ltr'><strong>Barocio</strong></span> <span class='ocrx_word' id='word_1_212' title='bbox 436 2615 630 2668; x_wconf 87' lang='lat' dir='ltr'><strong>placuerit</strong></span> <span class='ocrx_word' id='word_1_213' title='bbox 649 2620 849 2669; x_wconf 83' lang='lat' dir='ltr'><strong>appareat.</strong></span> <span class='ocrx_word' id='word_1_214' title='bbox 884 2616 951 2656; x_wconf 90' lang='lat' dir='ltr'><strong>Sic</strong></span> <span class='ocrx_word' id='word_1_215' title='bbox 971 2617 1091 2671; x_wconf 85' lang='lat' dir='ltr'><strong>igitur</strong></span> <span class='ocrx_word' id='word_1_216' title='bbox 1106 2616 1140 2656; x_wconf 89' lang='lat' dir='ltr'><strong>F</strong></span> <span class='ocrx_word' id='word_1_217' title='bbox 1143 2618 1291 2657; x_wconf 89' lang='lat' dir='ltr'><strong>icinus:</strong></span> <span class='ocrx_word' id='word_1_218' title='bbox 1328 2610 1441 2668; x_wconf 67' lang='lat' dir='ltr'><strong>Sal)</strong></span> <span class='ocrx_word' id='word_1_219' title='bbox 1478 2617 1636 2665; x_wconf 80' lang='lat' dir='ltr'><strong>Scisne,</strong></span> 
     </span>
    </p>
   </div>
   <div class='ocr_carea' id='block_1_7' title="bbox 259 2728 529 2734">
    <p class='ocr_par' dir='ltr' id='par_1_8' title="bbox 259 2728 529 2734">
     <span class='ocr_line' id='line_1_29' title="bbox 259 2728 529 2734; baseline 0 0"><span class='ocrx_word' id='word_1_220' title='bbox 259 2728 529 2734; x_wconf 95' lang='lat' dir='ltr'><strong> </strong></span> 
     </span>
    </p>
   </div>
   <div class='ocr_carea' id='block_1_8' title="bbox 339 2806 1142 2853">
    <p class='ocr_par' dir='ltr' id='par_1_9' title="bbox 339 2806 1142 2853">
     <span class='ocr_line' id='line_1_30' title="bbox 339 2806 1142 2853; baseline 0.002 -14"><span class='ocrx_word' id='word_1_221' title='bbox 339 2806 376 2850; x_wconf 89' lang='lat'><strong>1)</strong></span> <span class='ocrx_word' id='word_1_222' title='bbox 405 2806 637 2841; x_wconf 83' lang='lat' dir='ltr'><strong>Personarum</strong></span> <span class='ocrx_word' id='word_1_223' title='bbox 656 2809 794 2841; x_wconf 84' lang='lat' dir='ltr'><strong>nomina</strong></span> <span class='ocrx_word' id='word_1_224' title='bbox 813 2807 928 2841; x_wconf 60' lang='lat' dir='ltr'><strong>omi-sit</strong></span> <span class='ocrx_word' id='word_1_225' title='bbox 946 2808 1142 2853; x_wconf 82' lang='lat' dir='ltr'><strong>Grynaeus.</strong></span> 
     </span>
    </p>
   </div>
  </div>
 </body>
</html>
