1764 3176
708 139 798 189 l‘ag.
831 138 885 179 74
895 162 946 167 —
957 143 1020 181 97.
1594 142 1621 181 9

388 247 442 291 ὧν
481 248 533 290 ἂν
570 249 625 302 μή
662 251 876 290 ἐπίστασθε
913 252 1046 288 mutari
1074 264 1188 302 posse
1217 264 1291 289 non
1317 253 1476 292 videtur.
1526 254 1620 292 Pro-

388 309 466 345 clus
495 309 530 344 in
560 307 661 345 Tim.
686 321 724 357 p.
753 308 846 353 121,
876 310 941 346 17.
972 308 1059 343 Bas.
1091 310 1178 354 πῶς
1209 304 1260 347 ἂν
1289 329 1344 334 -
1379 308 1512 360 φαμέν
1541 325 1620 354 —3

295 365 333 413 b,
367 367 401 404 8-
433 365 479 400 ad
510 364 603 404 382.
639 363 686 400 D.
718 364 858 399 addas:
905 369 940 399 et
967 363 1053 400 VII.
1087 365 1180 404 516.
1213 364 1258 403 Ε.
1298 369 1336 401 et
1365 364 1485 402 Critia
1526 366 1617 406 114.

329 420 372 460 Β.
416 423 453 456 et
482 418 577 468 Leg.
609 419 695 456 V1L
731 419 811 458 init,
852 423 891 454 ut
927 419 1000 456 iam
1033 432 1186 468 verear,
1226 432 1271 456 ne
1309 420 1476 458 Stobaeo
1521 423 1618 459 iusto

328 476 413 526 plus
439 475 645 512 tribuerim.
820 484 822 486 ’

354 533 379 571 9
411 531 548 568 addas:
579 544 616 579 p.
650 531 772 569 1166.
802 542 858 578 sq.
887 531 947 567 ed.
978 531 1016 568 3.

356 588 454 622 inter
484 599 518 622 V.
538 588 562 625 9
585 590 621 622 et
646 587 698 625 10
715 591 871 634 praeter
890 598 946 633 ea,
978 597 1074 649 quae
1100 598 1138 634 p.
1158 584 1368 624 LXXVIII.
1398 600 1442 624 ex
1467 588 1617 626 Polluce

384 642 502 679 relata
531 645 641 689 sunt,
671 643 834 677 inseras:
874 641 1033 678 Proclus
1061 642 1096 676 in
1119 641 1224 682 Crat.
1255 655 1292 691 p.
1322 643 1394 682 30:
1428 659 1470 683 το
1503 643 1618 695 λεγό-

384 712 518 748 μενον,
551 713 613 737 οτι
634 696 673 736 τέ
696 712 763 747 μοι
790 695 841 735 ἄν
870 712 928 744 τις
956 694 1031 745 τήν
1058 693 1234 746 ἄμπελον
1263 698 1331 737 καὶ
1362 701 1494 753 σμίλῃ,
1529 696 1618 740 ἄλλ’

382 752 410 802 ἦ
435 749 542 804 ὀρθὴ
576 765 715 804 χοησις
744 748 930 806 δοεπανῳ
966 755 1080 791 τοῦτο
1111 757 1231 792 ποιεῖ.
1288 755 1392 791 Idem
1430 757 1466 793 in
1499 758 1617 798 Alcib

384 809 468 847 Vol.
495 810 542 849 Il
574 808 1080 871 1).210.Οῐρυῑ.σμίλη
1107 807 1179 858 μέν
1207 809 1311 849 ἔστιν
1338 809 1367 861 ἡ
1394 809 1468 862 τήν
1498 810 1619 863 βάσιν

386 862 552 904 εὐθεῖαν
584 864 745 915 ε’χουσα,
789 879 931 914 τομευς
960 862 1025 909 δὲ,
1056 858 1152 903 ὅταν
1194 881 1219 915 η
1254 862 1371 916 βάσις
1397 883 1618 920 περιφεοης

384 934 432 975 η·
473 923 655 966 τοιοῦτος
687 935 762 972 γαρ
801 936 868 958 και
895 919 916 959 ὁ
947 920 989 959 ἐν
1019 922 1236 975 γεωμετοιά
1264 918 1421 987 τομεύς.
1460 938 1504 961 ex
1533 927 1617 989 flui-

386 979 454 1014 bus
473 978 550 1013 veri
568 977 686 1013 simile
706 977 747 1013 fit
766 972 885 1026 βάσιν
903 978 1056 1026 proprie
1077 978 1173 1013 dicta
1178 990 1212 1013 m
1230 990 1314 1015 esse
1335 992 1458 1025 amem,
1480 982 1620 1031 quippe

384 1045 457 1082 qua
490 1033 703 1082 scalprum
741 1033 826 1068 dum
868 1038 996 1078 secat,
1039 1034 1144 1082 quasi
1171 1034 1324 1073 incedit.
1383 1035 1503 1078 Quam
1535 1050 1618 1074 cum

384 1089 471 1125 alibi
502 1088 599 1125 idem
632 1084 870 1136 ἰσόπλευρον
900 1094 1009 1125 vocat
1039 1091 1096 1138 (p.
1125 1088 1257 1137 206),
1292 1103 1313 1127 a
1343 1097 1451 1139 parte
1479 1093 1527 1129 ad
1558 1099 1616 1131 to-

385 1148 464 1180 tum
493 1143 596 1191 illud,
628 1145 729 1193 quod
761 1144 922 1180 ferreum
945 1149 1002 1180 est
1032 1144 1068 1180 in
1095 1145 1150 1180 his
1176 1145 1456 1196 instrumentis,
1487 1149 1619 1198 appel-

384 1200 561 1236 lationem
589 1199 827 1236 transtulisse
856 1200 1015 1245 videtur,
1045 1201 1253 1248 eademque
1281 1203 1426 1239 ratione
1456 1204 1620 1241 scholia-

387 1261 465 1292 stes
492 1255 662 1292 Platonis
697 1254 731 1291 h.
766 1255 789 1292 l.
823 1251 1014 1294 ἰσόπεδον
1043 1253 1116 1306 τήν
1143 1256 1262 1307 βάσιν
1291 1261 1363 1309 τῆς
1392 1260 1532 1311 σμίλης
1561 1262 1619 1298 di-

387 1324 471 1348 cere
499 1311 635 1360 potuit.

359 1369 411 1406 16
443 1370 532 1416 post
558 1368 676 1405 τοῦτο
706 1367 873 1402 inseras:
905 1366 988 1402 Par.
1022 1366 1065 1406 A,
1096 1365 1171 1404 Dii.

113 1420 334 1471 Pag.92‚b,
368 1424 420 1462 18
450 1435 472 1459 a
503 1422 530 1458 f.
561 1422 700 1458 addas:
734 1421 882 1472 φαμέν)
915 1421 1018 1461 ἐστιν
1047 1421 1133 1459 Par.
1162 1423 1207 1459 A.
1239 1423 1311 1463 Dii.

356 1479 381 1518 8
412 1491 433 1514 a
464 1478 489 1514 f.
519 1478 566 1513 ad
595 1476 693 1521 ἔστης
726 1478 845 1514 addas
876 1478 959 1515 Par.
991 1477 1034 1517 A.
1064 1477 1138 1515 Dii.

111 1533 334 1583 Pag.93‚v.
362 1534 387 1573 4
417 1533 575 1570 scribas:
607 1527 732 1576 οὕτω;
764 1530 891 1573 Οὕτω.
922 1534 1238 1583 quemadmodum
1267 1537 1379 1573 etiam
1408 1537 1444 1574 in
1471 1537 1554 1579 Par.
1578 1541 1622 1577 A.

328 1591 398 1628 Dii.
430 1590 610 1639 scriptum
638 1592 710 1627 est.

298 1647 336 1694 b,
371 1647 419 1685 11
456 1646 503 1682 ad
533 1640 783 1695 ἄποφηνειεν
813 1644 948 1680 addas:
988 1643 1163 1693 Sympos.
1195 1646 1287 1684 187.
1317 1646 1366 1683 B:
1409 1645 1622 1700 ὁμολογίαν

334 1699 376 1740 δὲ
411 1700 453 1740 ἐκ
493 1699 794 1751 διαφερομένων
835 1699 908 1746 ἕως
936 1696 986 1738 ὃῖν
1029 1699 1295 1751 διαφέοωνται
1331 1697 1534 1744 ἀδύνατον
1565 1710 1622 1745 εἰ·

331 1772 412 1796 ναι.
447 1757 483 1793 111
524 1757 658 1819 quibus
691 1757 791 1792 nulla
827 1758 1037 1805 scripturae
1068 1757 1228 1792 varietas
1265 1761 1323 1793 est
1350 1771 1473 1808 neque
1503 1762 1622 1799 inter-

331 1818 478 1863 pretum
508 1813 704 1861 qnisquam
735 1812 878 1859 haesit,
917 1813 1030 1848 credo
1059 1812 1158 1860 quod
1189 1813 1375 1874 participii
1407 1829 1525 1864 genus
1555 1830 1622 1854 eos

333 1869 454 1906 minus
486 1870 714 1905 adverteret.
775 1867 832 1903 De
870 1868 1006 1903 virtute
1032 1867 1128 1906 377.
1162 1867 1215 1904 E:
1256 1882 1334 1907 οσα
1363 1870 1476 1922 τέχνῃ
1507 1870 1622 1912 διδά-

334 1937 510 1963 σκονται.
560 1924 614 1960 lbi
644 1922 844 1971 Fischerus
866 1924 1019 1972 scripsit
1049 1919 1288 1963 διδάσκεται.

360 1980 384 2019 5
415 1992 437 2015 a
466 1979 490 2015 f.
515 1985 605 2029 post
634 1975 700 2017 αὖ.
731 1979 894 2015 inseras:
923 1979 1009 2016 Par
1037 1980 1082 2015 A.
1113 1977 1183 2017 Dii.
1215 1980 1364 2030 itemp.
1395 1980 1462 2029 94,
1492 1995 1526 2031 a,
1556 1985 1622 2023 11.

113 2034 206 2084 Pag.
219 2035 336 2085 93‚b‚
359 2036 425 2072 ult.
438 2035 575 2071 addas:
602 2031 779 2086 πραξαισ
798 2048 880 2071 cum
900 2049 919 2072 ο
940 2035 986 2070 ab
1004 2035 1132 2070 eadem
1155 2047 1203 2070 m.
1217 2048 1328 2085 super
1350 2049 1371 2074 6
1387 2036 1472 2074 Par.
1487 2039 1530 2076 A.
1545 2038 1619 2077 Dii.

113 2090 206 2141 Pag
221 2092 287 2139 95,
318 2105 352 2132 v
384 2093 406 2132 2
435 2103 506 2140 pro
537 2089 689 2129 ἐκείνου
721 2091 832 2126 etiam
871 2090 907 2126 in
943 2090 1026 2130 Par.
1068 2091 1110 2125 A.
1150 2089 1225 2129 Dii.
1253 2092 1430 2141 scriptum
1467 2093 1623 2145 ἐκείνης

332 2146 481 2184 Platoni
504 2147 775 2183 restituendum
800 2150 838 2183 et
864 2142 892 2196 η’
921 2149 1010 2196 post
1040 2142 1144 2199 α’λλῳ
1172 2159 1207 2183 v.
1232 2147 1269 2185 1.
1294 2160 1371 2184 non
1402 2162 1522 2199 quam,
1553 2151 1622 2188 sed

333 2215 383 2239 an
412 2202 748 2251 interpretandum.

114 2257 338 2308 Pag.96,a,
369 2259 420 2298 21
451 2262 541 2307 post
572 2253 771 2296 ἷστιάσθω
800 2256 968 2292 inseras:
995 2255 1083 2294 Par.
1114 2256 1159 2295 A.
1189 2257 1265 2294 Dii.
1298 2270 1321 2295 a
1343 2271 1391 2296 m.
1423 2272 1481 2309 pr.

365 2315 420 2353 27
452 2318 539 2350 ante
566 2312 658 2349 Lob.
690 2313 853 2350 inseras:
884 2311 970 2350 Par.
994 2311 1037 2348 A.
1066 2311 1146 2351 Dii,

302 2368 341 2416 b,
369 2371 394 2409 9
424 2369 564 2405 addas:
594 2373 632 2405 et
661 2381 682 2405 a
715 2382 765 2405 m.
794 2381 853 2417 pr.
883 2367 969 2404 Par.
1000 2366 1045 2407 A.
1075 2366 1150 2403 Dii.

365 2426 416 2464 12
444 2437 466 2460 a
493 2424 518 2460 f.
545 2425 685 2460 addas:
716 2428 753 2460 et
785 2439 798 2462 ι
828 2436 849 2459 a
877 2436 926 2459 m.
956 2435 1032 2461 sec.
1064 2423 1322 2473 superscripta
1352 2423 1440 2463 Par.
1471 2424 1517 2462 A.
1548 2425 1620 2465 Dii.

119 2479 335 2530 Pag.97‚a,
366 2480 417 2518 13
443 2483 532 2529 post
553 2480 693 2529 legitur
719 2479 859 2515 addas:
901 2478 1049 2529 ε’γῶμαι
1089 2491 1171 2514 cum
1202 2480 1382 2517 coronide
1412 2493 1434 2518 a
1464 2494 1511 2522 m.
1543 2495 1620 2522 sec,

336 2547 452 2584 super
482 2537 513 2573 ὦ
539 2535 665 2584 posita
694 2534 781 2572 Par.
814 2534 857 2572 A.
886 2534 962 2571 Dii.

368 2591 437 2638 12,
467 2602 489 2626 a
516 2590 544 2629 f.
575 2590 718 2627 addas:
766 2590 808 2626 In
833 2589 917 2626 Par.
950 2589 995 2626 A.
1026 2588 1098 2626 Dii.
1130 2588 1177 2641 ἐμ
1206 2602 1320 2640 super
1341 2591 1447 2628 unius
1477 2590 1625 2629 litterae

391 2645 524 2682 liturae
555 2646 745 2695 scriptum.

305 2702 343 2750 b,
378 2701 441 2741 15.
469 2713 491 2737 a
520 2701 546 2739 f.
579 2706 667 2750 post
696 2702 835 2737 citaute
865 2700 1003 2736 addas:
1035 2699 1089 2750 (in
1120 2701 1230 2736 tertia
1257 2703 1315 2744 ed,
1346 2715 1385 2751 p.
1416 2699 1538 2742 1244.
1569 2706 1628 2739 ta-

343 2757 417 2793 cite
447 2769 532 2793 eum
561 2755 715 2806 omisit.)

372 2812 423 2851 13
453 2825 474 2849 a
496 2812 523 2848 f.
555 2812 694 2850 addas:
723 2812 810 2848 item
838 2809 922 2848 Par.
955 2808 1002 2846 A.
1027 2808 1101 2848 Dfi.
