1764 3176
270 130 326 170 22

715 125 1191 168 PLATONIS

177 243 244 280 548
272 235 545 292 πεφυκότας,
590 233 620 291 ἢ
647 235 760 291 πρὸς
791 235 989 294 εἰρήνην,
1027 236 1100 280 καὶ
1140 235 1243 286 τούς
1275 235 1376 289 περὶ
1411 237 1551 278 ταῦτα
1578 233 1653 278 ‹56-

271 307 378 354 λους
406 318 450 346 τε
480 301 554 346 καὶ
583 302 781 358 μηχανὰς
817 303 998 359 ἐντίμως
1040 303 1151 358 ἔχειν
1179 303 1253 347 καὶ
1291 305 1547 357 πολεμοῦσα
1575 299 1654 345 τὸν

270 369 339 414 ἀεὶ
369 370 533 427 χρόνον
563 371 752 426 διάγειν,
791 370 900 427 αὐτή
932 370 1067 428 ἑαυτῇ
1096 368 1154 414 αὖ
1191 370 1245 414 τοὶ
1273 368 1414 414 πολλοὶ
1442 372 1531 412 τῶν
1559 385 1654 412 τοι·

273 437 417 482 ούτων
449 439 541 481 ἰ’δια
579 438 682 492 ἕξεις
723 441 824 483 Ναί.

878 439 1166 496 Ἐπιθυμηταὶ
1205 437 1252 482 δέ
1281 453 1351 493 γε,
1391 431 1448 494 ἦν
1478 434 1522 480 δ’
1555 436 1654 491 ἐγώ,

267 504 502 562 χρημάτων
533 508 577 550 οἱ
614 511 811 551 τοιοῦτοι
847 507 1046 561 ἔσονται,
1084 506 1229 562 ὥσπερ
1273 507 1316 550 οἱ
1354 503 1403 548 έν
1439 508 1535 556 ταῖς
1572 503 1667 548 620--

268 575 490 631 γαρχίαις,
530 574 607 617 καὶ
644 579 849 630 τιμῶντες
892 574 1053 658 οἷ’γρίως
1089 575 1178 619 ὑπὸ
1216 572 1379 618 σκότου
1411 571 1575 629 χρυσόν
1611 587 1658 617 τε

270 642 345 685 καὶ
376 639 597 697 ἄργυρον,
641 641 714 686 ἅτε
742 643 997 700 κεκτημένοι
1033 648 1202 699 ταμιεῖα
1239 642 1314 687 καὶ
1353 642 1542 692 οἰκείους
1578 645 1658 696 θη·

273 708 493 763 σαυρούς,

538 707 582 753 οἷ
617 711 798 766 θέμενοι
840 711 895 754 ἂν
933 710 1045 755 αὐτὰ
1073 710 1307 766 κρύψειαν,
1339 709 1421 754 καὶ
1451 703 1510 752 αὖ
1538 723 1659 764 περι-

212 776 246 816 Β
272 776 434 834 βόλους
464 776 702 834 οἰκήσεων,
745 777 929 834 ἀτεχνῶς
966 778 1161 830 νεοττιὰς
1200 779 1334 831 ἰδίας,
1370 776 1418 820 ἐν
1449 774 1517 828 αἶς
1545 774 1658 820 ἀνα-

271 846 494 896 λίσκοντες
522 845 695 901 γυναιξί
724 861 768 889 τε
797 847 872 889 καὶ
904 844 969 898 οἷς
1000 846 1194 891 ἐθέλοιεν
1232 846 1382 896 ἄλλοις
1417 843 1556 888 πολλοὶ
1600 843 1659 888 ἄν

188 1309 254 1347 548

272 914 545 971 δαπανῷντο.

273 1093 352 1115 cere
375 1081 511 1115 dicitur.
557 1079 708 1123 Ἁπλοῦς
736 1083 823 1117 enim
858 1085 890 1118 h.
915 1084 936 1118 l.

272 1128 302 1161 is
326 1132 401 1170 est,
427 1129 484 1173 qui
508 1133 636 1163 certam
660 1130 782 1174 agendi
806 1133 841 1163 et
861 1142 939 1164 sen-

273 1173 382 1207 ciendi
404 1185 552 1208 normam
583 1180 749 1229 perpetuo
774 1176 940 1220 sequit-ur,

274 1231 365 1264 quae
388 1221 579 1255 constantia
611 1222 744 1256 minime
765 1221 941 1256 contraria

278 1271 330 1299 est
361 1266 521 1301 astutiae.

323 1311 468 1355 ταῦτα]
500 1312 641 1346 ταντοῦ
665 1311 760 1347 Mon.
783 1313 826 1346 B.

322 1356 479 1402 δόλους]
523 1356 679 1398 δόλλονς
730 1358 820 1392 idem
864 1361 944 1393 ante

277 1415 368 1438 corr.
390 1402 551 1444 δούλους
576 1405 675 1440 Vind.
698 1405 741 1439 F.
775 1416 797 1439 a
819 1416 864 1439 m.
887 1416 940 1450 pr.

276 1450 355 1483 Bas.
381 1451 416 1484 b.
449 1448 583 1494 λόγους
608 1451 709 1485 Vind.
736 1450 779 1486 E.

322 1507 560 1552 πολεμοῦσα]
586 1508 625 1542 Ιη
649 1509 743 1542 Mon.
768 1511 806 1543 B.
834 1520 856 1542 ν
879 1507 941 1543 int.

277 1564 368 1587 vers.
393 1565 414 1588 a
436 1565 482 1588 m.
503 1566 531 1589 s.
556 1554 706 1589 additum
731 1558 795 1589 est.

326 1619 447 1666 αὐτὴ]
493 1622 584 1656 Huic
617 1634 752 1668 quoque
782 1623 877 1658 Mon.
902 1624 943 1657 B.

279 1679 300 1701 ν
325 1679 346 1702 a
369 1680 413 1701 in.
441 1679 469 1703 s.
504 1668 654 1702 additum
687 1670 802 1704 habet.
831 1666 945 1713 αντῆι

281 1714 367 1749 Lob.
403 1710 500 1759 αὕτη
525 1715 604 1749 Par.
627 1715 671 1749 K.
696 1727 764 1750 sec.
787 1716 898 1750 Bekk.

328 1779 466 1828 ἑαυτῇ]
498 1782 553 1816 Ita
576 1783 656 1817 Par.
679 1784 720 1817 A.
752 1783 838 1818 Lob.
864 1785 944 1820 Vat.

282 1828 330 1873 M.
365 1829 560 1871 Bekkerus,
591 1829 707 1863 Astius
739 1829 773 1863 in
804 1834 885 1864 tert.
911 1834 946 1864 et

281 1874 527 1908 Stallbaumius
561 1874 596 1908 in
629 1886 679 1919 pr.
707 1872 841 1919 ἑαυτῆς
864 1876 947 1909 reli-

283 1921 342 1965 qui
380 1921 513 1954 codices
547 1921 658 1964 (Mon.
684 1921 724 1955 Β.
761 1933 836 1955 cum
863 1922 948 1955 duo-

281 1968 345 2000 bus
378 1967 511 2012 punctis
544 1968 606 2000 sub
632 1968 678 2011 ς)
709 1971 745 2000 et
782 1967 947 2001 editiones

283 2017 336 2054 et,
360 2019 399 2046 ut
425 2012 577 2053 videtur,
602 2012 763 2055 Ficfflus,
798 2014 857 2058 qui
878 2013 946 2047 ini-

283 2058 331 2092 tio
355 2058 487 2103 periodi
511 2059 572 2093 Sui
597 2064 712 2093 autem
739 2061 846 2103 ipsius
867 2071 947 2104 pro-

281 2105 363 2149 pria
389 2106 481 2139 talia
514 2106 686 2150 quaedam
720 2106 859 2139 habebit
885 2117 947 2150 po-

283 2151 364 2184 suit.
410 2150 487 2184 Nec
519 2151 676 2193 dubium,
710 2151 789 2196 quin
814 2152 843 2185 is
869 2152 948 2184 Pla-

284 2197 374 2231 tonis
409 2209 528 2231 sensus
561 2198 608 2231 sit
630 2198 878 2254 superioriwbus
884 2197 949 2231 illis

285 2255 319 2299 p.
344 2242 423 2278 547.
449 2243 492 2276 D.
532 2241 575 2278 τὸ
606 2241 649 2277 δέ
684 2256 720 2277 τι
742 2243 806 2277 καὶ
830 2241 950 2288 αντῆς

287 2287 359 2330 ἕξει
384 2288 481 2322 ἰδιον
506 2293 543 2323 et
574 2289 625 2323 rei
651 2289 720 2335 ipsi
747 2290 844 2323 unice
868 2301 947 2323 con

287 2335 425 2369 veniens
443 2360 453 2377 ,
514 2339 677 2390 recteque
723 2347 744 2369 a
789 2336 948 2369 Bekkero

287 2392 416 2414 comma
448 2385 528 2425 post
560 2380 608 2416 αὐ
633 2384 780 2426 ponente
803 2386 837 2415 et
860 2381 949 2415 dati-

287 2438 364 2460 viun
391 2424 505 2472 ἑαυτῇ
539 2428 583 2461 ad
615 2427 827 2471 πολεμοῦσα
858 2429 948 2461 refe-

287 2476 384 2506 rente
418 2473 622 2507 dissentiant
659 2473 949 2508 Schleiermache-

289 2530 347 2552 rus
365 2522 400 2551 et
425 2520 689 2562 Stallbaumius,
714 2520 774 2553 sed
798 2520 947 2553 dativum

288 2564 397 2609 ipsum
422 2565 464 2597 ab
490 2565 614 2610 optimo
647 2565 765 2600 codice
798 2567 948 2599 oblatum

290 2614 471 2655 propterea
493 2622 656 2655 spernere
680 2624 745 2645 non
777 2612 949 2652 debemus,

289 2667 392 2701 quum
438 2656 533 2696 ἴδιος
572 2669 637 2690 non
682 2659 810 2699 minus,
850 2668 950 2702 quam

291 2702 427 2742 οἰκεῖος
460 2706 495 2736 et
526 2702 593 2737 alia
626 2703 699 2738 Vol.
733 2703 951 2749 11.p.1o4‚

290 2759 323 2782 a.
371 2749 566 2793 significata
612 2752 790 2796 utrumque
836 2760 951 2784 casum

290 2798 420 2840 pariter
452 2795 620 2830 admittat.

600 911 910 970 Ἀληθέστατα,
958 914 1054 971 ἔφη.
1117 911 1294 959 Οὐκοῦν
1338 912 1413 957 καὶ
1452 912 1661 970 φειδωλοὶ

1042 1075 1092 1116 αὖ
1117 1080 1191 1125 τὰ]
1222 1081 1277 1116 Ita
1311 1080 1391 1117 Par.
1414 1083 1455 1115 A.
1491 1079 1592 1116 Vind.
1617 1081 1659 1114 B.

994 1127 1068 1172 (hic
1091 1140 1166 1162 cum
1190 1132 1354 1161 commate
1378 1132 1456 1173 post
1480 1121 1549 1172 αὖ)
1583 1127 1658 1161 EF.

994 1173 1082 1210 ven.
1119 1175 1160 1208 B.
1194 1176 1282 1230 Ang.
1318 1174 1357 1207 B.
1393 1175 1470 1209 Vat.
1492 1173 1538 1207 H.
1561 1174 1659 1207 Flor.

997 1220 1204 1256 ACRTUV.
1240 1218 1289 1254 τὰ
1329 1219 1416 1253 Lob.
1457 1221 1538 1255 Vat.
1580 1218 1661 1253 BM.

999 1262 1100 1300 αὐτὰ
1134 1266 1258 1319 reliqui
1291 1265 1426 1299 codices
1469 1264 1588 1308 (Mon.
1620 1264 1661 1298 B.

998 1323 1073 1390 cuitu
1097 1311 1235 1390 pgntctis
1258 1313 1320 1345 sub
1346 1308 1414 1366 av’)
1438 1316 1474 1344 et
1498 1310 1662 1390 editignes

999 1369 1080 1392 ane
1143 1369 1198 1391 su
1231 1369 1300 1391 sec.
1339 1369 1387 1391 αν
1426 1354 1473 1390 τοὶ
1509 1369 1577 1391 scr]
1603 1368 1664 1390 en—

999 1404 1079 1437 dum
1103 1414 1180 1437 esse
1205 1404 1308 1438 etiam
1339 1403 1534 1449 Stephanus
1557 1403 1594 1437 in
1617 1414 1664 1438 m

999 1449 1160 1484 ostendit.

1048 1494 1147 1539 ἴδια]
1176 1493 1253 1528 ἰδία
1278 1493 1364 1528 Lob.
1389 1492 1488 1528 Vind.
1513 1492 1555 1529 F.
1585 1494 1664 1529 Vat.

1047 1584 1090 1620 δέ
1113 1586 1164 1643 γε]
1193 1598 1258 1619 om.
1282 1585 1370 1619 Lob.
1393 1585 1470 1619 Vat.
1492 1584 1572 1619 ΒΜ.

1048 1629 1089 1667 δ’
1114 1629 1208 1676 ἐγώ]
1236 1628 1340 1675 „syna
1370 1644 1435 1665 om.
1464 1632 1551 1667 Ven.
1575 1631 1643 1665 C.“

1048 1677 1086 1712 οἱ
1132 1677 1329 1721 τοιουτοι]
1383 1682 1463 1722 post
1517 1675 1666 1711 ε’σονται

1000 1725 1080 1759 Par.
1116 1724 1161 1757 K.

1049 1767 1209 1813 σκότου]
1236 1766 1395 1808 σκότους
1425 1769 1506 1802 Par.
1528 1768 1572 1803 K.
1595 1780 1664 1803 sec.

1001 1817 1113 1850 Bekk.
1138 1827 1227 1861 quae
1250 1817 1360 1849 forma
1383 1814 1424 1848 L.
1438 1815 1517 1849 VII.
1542 1816 1663 1860 p.518.

1002 1864 1042 1896 A.
1069 1862 1220 1895 codicum
1243 1861 1400 1902 omnium,
1427 1865 1570 1907 excepto
1594 1863 1667 1896 for-

1003 1913 1096 1941 tasse
1120 1907 1238 1941 eodem
1261 1907 1340 1941 Par.
1365 1887 1433 1950 K’.‚
1458 1907 1667 1941 auctoritate

1001 1952 1447 2053 {53300532212‘05133532‘
1467 1953 1667 2043 Pssssssss‘fflg

1002 2057 1064 2099 prp
1111 2046 1252 2089 vulgata
1300 2042 1437 2078 σκότου
1471 2044 1667 2090 reponenda

1002 2091 1079 2127 fuit.
1127 2092 1197 2124 Sed
1229 2090 1271 2123 L.
1303 2092 1345 2125 V.
1378 2102 1412 2135 p.
1444 2090 1524 2126 461.
1557 2092 1598 2124 Β.
1633 2096 1668 2124 et

1003 2138 1062 2172 VI.
1096 2138 1174 2171 508.
1200 2138 1242 2170 D.
1279 2147 1393 2169 omnes
1424 2136 1458 2169 in
1483 2137 1667 2170 masculino

1004 2183 1229 2217 consentiunt.
1266 2182 1319 2216 Cf.
1346 2182 1492 2217 V01.11.
1525 2194 1560 2228 p.
1587 2184 1668 2225 258,

1003 2229 1038 2264 b.
1064 2233 1100 2263 et
1124 2241 1157 2274 p.
1181 2229 1270 2271 345,
1293 2227 1327 2263 b.
1353 2232 1439 2262 extr.

1050 2296 1208 2343 χρυσόν]
1236 2297 1396 2342 χρυσοῦν
1420 2298 1506 2332 Lob.
1526 2297 1605 2332 Vat.
1618 2297 1667 2334 M.

1053 2365 1112 2412 οἵ]
1156 2365 1194 2401 οἳ
1226 2367 1325 2401 Vind.
1358 2366 1398 2400 Β.
1434 2367 1514 2400 Vat.
1550 2366 1594 2401 H.
1631 2364 1668 2400 οἳ

1006 2414 1091 2448 Lob.
1134 2413 1234 2448 Vind.
1268 2413 1307 2447 F.
1350 2407 1376 2457 ἦ
1407 2413 1502 2447 Flor.
1543 2414 1587 2448 T.
1621 2406 1670 2447 οὖ

1005 2461 1090 2504 Ang.
1127 2460 1167 2493 B.

1053 2514 1246 2560 νεοττιὰς]
1272 2516 1328 2550 Ita
1352 2517 1430 2550 Par.
1448 2517 1488 2549 A.
1510 2516 1603 2550 Mon.
1627 2516 1667 2551 B.

1006 2564 1191 2602 νεοττείῡις
1216 2564 1300 2596 ven.
1325 2564 1366 2596 B.
1392 2564 1472 2598 vat.
1492 2563 1541 2596 M.
1567 2573 1668 2597 νεοτ-

1007 2608 1108 2649 τιέας
1151 2609 1237 2643 Lob.
1275 2609 1392 2643 addita
1432 2620 1494 2655 per
1528 2610 1669 2642 alteram

1007 2656 1222 2701 sciiptionem
1286 2655 1417 2700 syllaba
1473 2653 1668 2708 penultima.

1007 2702 1174 2741 νεοττίας
1211 2701 1301 2735 idem
1341 2701 1453 2746 prima
1487 2700 1670 2746 scriptione

1009 2754 1044 2782 et
1068 2747 1191 2793 reliqui
1215 2748 1350 2781 codices
1369 2759 1444 2781 cum
1468 2747 1567 2780 editis
1591 2750 1670 2779 ante

1010 2795 1095 2829 Astii
1119 2805 1187 2829 sec.
1207 2794 1264 2840 qui
1287 2799 1463 2828 accentum
1486 2793 1669 2827 secundum
