1764 3176
720 90 811 139 Pag.
839 87 1090 130 312—334.
1612 89 1665 130 59

435 214 508 250 que
534 201 602 239 hac
626 201 831 246 mutatione
861 202 960 238 facta
986 200 1202 237 Platonicae
1232 204 1269 237 et
1298 201 1516 250 doctrinae,
1545 204 1665 252 qualis

437 257 582 294 T.beae
613 271 652 307 p.
686 259 777 297 189.
804 262 895 295 extr
936 261 973 292 et
1010 256 1127 305 Soph.
1156 271 1192 306 p.
1229 257 1322 296 263.
1355 257 1399 298 Ε,
1440 259 1579 295 tradita
1603 261 1666 308 sit,

433 318 472 351 et
502 315 681 350 orationis
709 313 871 350 colorem
902 312 1010 348 facile
1037 313 1318 361 deprehendere
1348 312 1459 368 licere
1487 320 1664 356 autumat.

434 370 580 407 Timaei
608 369 733 406 verbis
769 368 831 419 (in
849 368 982 417 quibus
1008 369 1157 405 codices
1185 370 1257 406 τοῦ
1286 369 1382 406 inter
1405 372 1474 420 τῆς
1506 375 1542 407 et
1558 387 1666 410 κατα)

433 427 545 462 inseri
577 424 722 475 iubent)
748 424 837 473 quid
866 437 980 474 grave
1007 429 1043 460 et
1071 425 1150 460 leve
1177 426 1238 469 sit,
1265 423 1465 463 clarissime
1490 427 1665 476 explicari

435 494 549 530 posse
586 482 887 528 demonstratur,
925 481 954 516 si
994 492 1064 515 una
1097 492 1178 516 cum
1217 480 1317 528 eius,
1354 483 1456 530 quod
1494 484 1589 519 infra
1628 489 1666 520 et

432 550 547 585 supra
577 549 661 573 esse
691 536 869 581 dicamus,
899 540 1031 572 natura
1055 535 1289 585 expl‹›retiir;
1318 550 1429 586 quam
1452 538 1570 588 ipsam
1601 553 1666 577 ex-

430 591 681 641 plorationem
698 592 832 628 deinde
851 593 1010 628 instituit
1029 592 1220 629 Timaeus.
1244 593 1290 629 At
1308 592 1450 630 Glauco
1481 595 1664 631 eiusmodi

431 647 520 683 nihil
553 653 744 697 exspectat
774 652 838 684 aut
865 647 1057 684 desiderat
1086 661 1208 697 neque
1238 650 1285 685 de
1317 662 1439 685 rerum
1471 652 1666 688 aSocrate

429 704 683 754 expositarum
720 705 877 740 veritate
912 704 1059 739 dubitat
1088 704 1163 750 ita,
1201 709 1238 740 ut
1273 717 1430 753 nomen,
1470 707 1583 743 modo
1615 707 1665 744 ad

430 760 714 809 explorationem
742 760 835 796 satis
871 760 1107 809 perspicuum
1145 762 1213 805 sit,
1253 761 1498 798 suffecturum
1540 764 1666 800 dicere

429 817 563 865 possit.
605 815 807 852 Praeterea
846 816 893 852 ad
930 814 1104 862 ἐξέτασιν
1132 816 1246 852 multo
1286 817 1426 865 minus,
1466 830 1576 866 quam
1617 819 1666 854 ad

430 870 535 918 λέξιν
560 876 649 920 apta
678 875 764 907 sunt
793 872 907 908 verba
936 868 957 911 ὃ
985 871 1085 923 λέγει
1110 871 1151 910 ἐν
1180 872 1308 925 ψυχῇ,
1337 884 1431 920 quae
1459 875 1488 909 si
1519 880 1556 910 et
1584 875 1665 924 ipsa

432 933 609 977 corrupta
636 932 745 971 sunt,
767 928 912 974 nescio,
944 928 1032 975 quid
1066 927 1283 965 Platonicae
1319 929 1513 966 doctrinae
1544 931 1664 966 simile

431 987 635 1019 remaneat.
701 983 799 1020 Nam
844 985 880 1019 in
928 984 1140 1022 Theaeteto
1186 989 1224 1020 et
1270 985 1448 1034 Sophista
1496 987 1664 1023 internus

428 1039 538 1076 animi
559 1051 680 1074 sermo
705 1040 907 1088 opponitur
933 1045 1084 1077 externo
1115 1040 1162 1076 ad
1192 1053 1300 1077 aures
1321 1042 1517 1080 accidenti.
1549 1043 1666 1079 Cete-

428 1107 508 1131 rum
539 1095 764 1145 primitivam
796 1095 950 1131 formam
992 1100 1028 1132 et
1067 1096 1248 1144 originem
1288 1096 1524 1144 glossematis
1561 1099 1664 1134 inve-

429 1151 636 1198 stigaturos
667 1151 870 1188 contulisse
901 1152 1043 1188 iuvabit
1077 1151 1246 1187 Platonis
1282 1152 1396 1189 verba
1433 1151 1531 1203 Leg
1562 1153 1609 1191 L.
1638 1154 1664 1189 Ι.

431 1220 470 1256 p.
503 1207 601 1246 633.
638 1207 689 1243 A:
730 1221 819 1257 περι
855 1223 936 1246 των
976 1223 1047 1257 της
1086 1203 1205 1257 α’λλης
1236 1204 1382 1258 ἀρετῆς
1423 1208 1497 1248 εἴτε
1536 1225 1664 1260 μερως

430 1262 506 1300 εἴτε
536 1256 623 1301 ἅττ’
654 1259 756 1301 αὕτα
786 1266 921 1302 καλεῖν
960 1259 1086 1314 χρεών
1119 1263 1220 1311 ἐστι,
1252 1265 1449 1313 δηλοῦντα
1479 1261 1606 1316 μόνον
1638 1282 1662 1303 α

431 1316 545 1369 λέγει.
570 1323 606 1355 et
623 1318 715 1355 haec
736 1319 870 1355 Galeni
893 1319 1133 1387 Εἰσαγωγῆς
1150 1320 1410 1369 διαλεκτικῆς,
1439 1334 1533 1370 quae
1548 1334 1666 1371 nuper

429 1379 578 1424 reperta
607 1379 677 1421 est,
708 1389 745 1424 p.
781 1377 849 1415 12:
891 1371 1009 1414 οὐδὲν
1038 1391 1112 1427 γαρ
1133 1373 1234 1425 πρὸς
1257 1392 1299 1415 το
1328 1391 1458 1426 παρον
1486 1376 1665 1427 διαφέοει

428 1429 783 1482 συμπεπλεγμένην
811 1429 936 1482 λέγειν
966 1427 1225 1480 οἷποφατικήν
1250 1428 1277 1481 ἢ
1303 1431 1537 1482 συμπλοκην
1568 1429 1664 1472 οἷπο-

432 1484 632 1537 φατικὴν,
682 1484 835 1537 ἔχοντός
871 1503 925 1550 γε
953 1500 1025 1526 σου
1063 1485 1215 1526 σκοπὸν
1246 1487 1289 1526 ἐν
1320 1501 1455 1541 απασῃ
1495 1488 1594 1537 λέξει
1619 1505 1662 1529 το

430 1542 605 1592 δηλῶσαι
634 1547 718 1589 τοῖς
745 1542 878 1590 πέλας,
909 1559 1045 1595 οτιπερ
1077 1540 1126 1582 ἂν
1158 1538 1281 1590 αυτός
1309 1544 1464 1607 ε’ννοῇς.

154 1596 246 1646 Pag.
258 1597 400 1646 327‚a‚
425 1599 522 1634 inter
552 1611 587 1635 v,
619 1600 639 1638 1
675 1604 712 1636 et
738 1600 760 1638 2
790 1600 959 1636 inseras:
990 1598 1142 1649 πίστιν)
1175 1615 1189 1638 ι
1219 1605 1306 1637 ante
1337 1615 1359 1638 ν
1388 1601 1424 1637 in
1454 1600 1562 1638 litura
1599 1600 1665 1638 ha-

432 1654 498 1690 bet
527 1654 613 1693 Par.
625 1654 667 1694 A.
700 1655 769 1693 Dii.

372 1709 410 1758 b,
428 1711 482 1750 20
511 1715 598 1760 post
626 1709 717 1749 Par.
737 1715 783 1750 A.
813 1711 977 1749 inseras:
1017 1711 1101 1759 (sed
1134 1727 1156 1749 ν
1188 1724 1297 1747 eraso
1331 1710 1418 1759 Dii.)

153 1763 245 1813 Pag
258 1765 387 1812 329‚b
390 1779 508 1816 ‚pem
549 1771 639 1814 post
689 1766 936 1818 ἐξέγρεσθαι)
987 1768 1149 1804 inseras:
1201 1766 1328 1818 ἐξὲγρε
1364 1772 1408 1811 -ἐ-
1443 1770 1541 1805 σθαι
1578 1767 1663 1805 Par.

433 1822 571 1859 A.D1'i.
621 1829 625 1833 “

153 1874 402 1927 Pag.330,b‚
422 1878 482 1916 ult
511 1882 602 1927 post
631 1876 776 1915 Alcinoi
807 1878 920 1914 verba
955 1879 1121 1915 inseras:
1168 1878 1377 1914 Alexander
1416 1877 1582 1927 Aphrod.
1616 1880 1662 1915 ad

427 1933 585 1972 Aristot.
607 1933 709 1983 Top.
743 1948 779 1983 p.
811 1935 907 1979 251,
934 1947 969 1982 a,
1000 1936 1072 1973 27:
1108 1931 1279 1973 Πλάτων
1309 1932 1351 1972 δὲ
1378 1930 1451 1984 τὴν
1481 1935 1663 1984 διαιρετι-

429 1986 505 2038 κήν
534 1988 711 2039 μέθοδον
742 1989 921 2040 ἐξυμνῶν
961 1993 1028 2028 καὶ
1061 1987 1232 2041 θριγκὸν
1260 1985 1388 2040 αὐτὴν
1420 1991 1664 2040 φιλοσοφίας

431 2044 554 2093 λέγων
584 2044 660 2083 κτὲ·

154 2099 400 2149 Pag.331,b‚
422 2101 518 2138 inter
547 2114 581 2141 v.
612 2102 664 2140 17
694 2104 732 2138 et
763 2102 812 2140 16
843 2113 864 2137 a
890 2101 914 2139 f.
944 2101 1107 2137 inseras:
1153 2095 1356 2152 ἀνωτέρω)
1388 2122 1443 2127 —
1475 2117 1547 2154 ρωι
1578 2103 1660 2140 Par.

430 2155 688 2261 {Aienpua-ddas:
719 2233 774 2238 ——
815 2207 980 2262 ἐκλογήν
1017 2211 1061 2253 -Ῐ-
1096 2211 1179 2249 Par.
1210 2209 1255 2247 A.
1286 2209 1355 2251 Dii,

431 2267 494 2303 ult.
524 2272 612 2316 post
637 2267 724 2306 οἴου
758 2268 924 2303 inseras:
962 2266 1046 2301 Par.
1078 2267 1122 2304 A.
1152 2265 1227 2302 Dii.

158 2319 403 2368 Pag.332,a‚
432 2322 482 2360 13
513 2324 648 2359 addas:
679 2320 765 2372 ἤθη
802 2327 844 2367 -ζ-
882 2326 926 2364 -ξ-
961 2321 1045 2357 Par.
1077 2321 1121 2356 A.
1153 2320 1224 2357 Du.

433 2378 485 2416 19
515 2382 603 2426 post
645 2377 736 2417 Par.
780 2382 828 2416 A.
872 2379 1038 2414 inseras:
1087 2377 1301 2426 (correctus
1343 2391 1364 2415 a
1403 2391 1514 2416 manu
1556 2380 1662 2416 valde

462 2437 537 2468 vet.
573 2432 660 2481 Du.)

433 2488 483 2527 21
517 2492 603 2537 post
627 2487 846 2536 διαστέλληι
873 2488 1035 2523 inseras:
1066 2486 1154 2525 Par.
1186 2486 1231 2527 Α
1268 2488 1336 2528 Dii.
1370 2502 1391 2526 a
1418 2503 1465 2527 m.
1493 2504 1549 2540 pr.

158 2539 250 2586 Pag
261 2539 356 2587 333,
367 2540 404 2588 b,
427 2555 513 2592 pen,
517 2501 632 2591 ppost
659 2540 705 2582 τοὶ
738 2539 777 2582 δ’
808 2545 970 2579 inseras:
1002 2541 1088 2581 Par.
1120 2542 1163 2582 A.
1194 2541 1267 2580 Du.

158 2594 250 2643 Pag.
262 2594 354 2641 334,
365 2609 400 2643 a,
428 2599 478 2638 12
510 2610 531 2634 a
559 2598 586 2638 f.
611 2603 700 2648 post
727 2594 957 2649 α’ναπηρον)
987 2598 1150 2634 inseras:
1166 2620 1222 2625 —
1243 2615 1268 2649 η
1288 2620 1341 2626 —
1372 2601 1409 2637 in
1439 2600 1547 2637 litura
1577 2600 1662 2637 Par.

377 2707 415 2754 b,
435 2652 584 2757 ἒιρῗεῖ.
601 2710 717 2763 μισῇ)
746 2709 909 2745 inseras:
940 2708 996 2745 lta
1030 2707 1115 2746 Par.
1155 2709 1199 2746 A.
1228 2709 1298 2747 Du.
1328 2724 1350 2748 a
1378 2724 1426 2751 m.
1457 2723 1530 2747 sec.
1562 2723 1583 2747 a
1614 2724 1662 2747 m.

435 2776 492 2811 pr.
523 2764 684 2801 fortasse
715 2766 836 2815 μισῆι-
