1764 3176
563 200 1048 243 EDITORIS.
1418 216 1508 244 axv

120 328 249 362 eosque
276 317 425 352 voluisse
450 317 632 353 Platonem
663 319 698 353 in
725 318 1003 362 generationibus
1034 316 1189 352 humanis
1214 316 1387 351 observari
1414 316 1509 351 iuxta

119 371 269 410 mentem
290 375 489 409 Priscorum
528 375 788 419 Astrologorum
818 380 885 410 etc.
942 375 1030 408 Dico
1059 374 1150 417 quod
1179 374 1294 407 Faber
1309 374 1344 408 in
1362 372 1429 407 hoc
1447 374 1509 407 tri-

120 432 256 476 pliciter
272 433 421 474 erravit3
451 433 560 476 primo
589 433 748 476 quoniam
772 432 842 466 duo
867 430 955 466 haec
982 431 1085 464 verba
1117 431 1264 465 ambitus
1286 434 1322 464 et
1349 431 1513 465 circuitus

120 493 282 532 tanquam
303 499 407 523 unum
427 490 583 533 accepit,
612 490 689 523 cum
707 494 822 523 tamen
841 488 932 532 apud
948 487 1130 520 Platonem
1160 488 1294 520 diversa
1312 487 1382 520 sint
1398 487 1512 521 diver-

119 546 236 588 sisque
264 546 298 578 in
324 546 410 579 locis
434 547 613 590 legantur,
644 550 682 579 ut
715 546 749 580 in
776 544 1008 589 superioribus
1037 555 1102 578 nos
1132 543 1390 578 declaravimus.
1430 553 1510 578 nam

119 603 267 636 alterum
285 602 421 645 quidem
440 604 565 645 legitur
584 602 652 635 ibi:
682 603 823 648 quaudo
851 601 1081 636 revolutiones
1094 618 1098 623 v
1110 601 1262 645 singulis
1280 601 1379 634 rebus
1400 602 1511 635 circu-

120 659 231 693 lorum
255 659 492 693 coniunxerint
529 659 695 700 ambitus,
726 661 870 693 alterum
901 658 981 691 vero
1005 658 1251 700 aliquantulum
1278 657 1418 691 inferius
1444 658 1509 691 ibi:

120 721 172 751 est
190 720 305 749 autem
326 717 370 757 ei,
399 716 491 761 quod
510 716 679 750 divinitus
703 717 861 761 genitum
887 720 936 748 est
961 714 1123 748 circuitus
1143 718 1205 750 etc.
1236 712 1387 747 secundo
1414 724 1510 747 erra-

120 773 168 806 vit
187 773 349 815 quoniam
366 772 455 806 haec
475 772 542 806 duo
565 774 666 806 verba
684 773 831 806 ambitus
851 773 1077 811 circulorum,
1112 774 1148 804 et
1166 771 1329 804 circuitus
1349 775 1512 813 tanquam

120 839 224 863 uuum
249 829 293 862 ab
320 840 361 862 eo
381 834 543 873 suscepta
560 831 649 863 male
675 833 903 873 exponuntur,
962 828 1118 861 Ambitus
1145 827 1233 860 enim
1251 827 1454 860 circulorum
1477 827 1511 860 in

120 884 187 919 hoc
211 886 287 919 loco
312 896 380 920 non
407 886 601 929 significant
625 891 738 920 motus
766 887 898 920 orbium
933 885 1154 925 coelestium,
1183 883 1244 917 sed
1271 884 1512 917 conversiones

120 942 305 976 circulares
333 943 588 985 generationis,
615 943 910 987 corruptionisque
941 951 1055 975 rerum
1078 940 1250 982 omnium,
1280 951 1369 983 quae
1390 941 1510 973 oriun-

120 1002 197 1041 tur,
227 1003 263 1032 et
288 999 480 1042 intereunt,
509 1006 546 1032 ut
569 1011 632 1033 nos
658 1000 691 1034 in
725 999 956 1043 superioribus
982 998 1219 1041 exposuimus:
1250 996 1413 1031 circuitus
1432 997 1512 1030 vero

119 1055 157 1089 in
175 1066 217 1089 eo
240 1056 329 1101 loco,
359 1056 418 1090 ubi
449 1057 540 1099 apud
564 1057 746 1090 Platonem
768 1056 904 1099 legitur,
933 1055 1104 1097 significat
1123 1057 1252 1087 motum
1272 1054 1364 1087 illum
1386 1053 1512 1087 tardis-

120 1112 242 1146 simum
266 1112 408 1146 secundi
436 1113 590 1154 mobilis,
618 1117 655 1146 ut
682 1114 727 1146 ibi
750 1105 913 1147 diximus.
973 1111 1096 1145 Tertio
1119 1110 1244 1144 erravit
1273 1111 1406 1151 Faber,
1436 1120 1512 1143 cum

121 1168 206 1202 dicit
223 1168 403 1203 Platonem
432 1170 524 1212 loqui
547 1170 644 1203 iuxta
665 1175 813 1203 mentem
840 1169 1027 1212 priscorum
1048 1168 1309 1209 Astrologorum
1329 1167 1512 1200 volentium

120 1224 224 1260 horas
243 1225 406 1268 giguendi
439 1237 621 1269 prosperas
644 1227 721 1269 eligi
747 1227 922 1260 stellarum
943 1224 1256 1264 observationibus,
1287 1228 1354 1256 etc.
1415 1223 1514 1256 Haec

122 1283 212 1316 enim
232 1293 300 1315 non
335 1287 387 1316 est
405 1283 510 1326 ipsius
542 1283 699 1316 Platonis
725 1283 916 1324 sententia,
945 1282 1012 1316 imo
1041 1280 1098 1323 (ut
1128 1291 1189 1314 nos
1221 1280 1254 1313 in
1279 1280 1512 1323 superioribus

121 1339 387 1381 declaravimus,
415 1343 520 1382 utque
540 1350 582 1372 ex
601 1340 712 1373 verbis
738 1339 894 1373 Platonis
923 1337 1138 1382 apertissime
1166 1337 1337 1371 constavit
1357 1336 1427 1382 sic)
1451 1335 1514 1369 ho-

121 1407 180 1429 ras
200 1396 292 1439 ipsas
314 1396 476 1438 gignendi
494 1397 611 1436 bonas,
644 1401 677 1430 et
698 1398 825 1430 malas:
854 1396 889 1428 in
913 1396 1033 1438 quibus
1058 1395 1183 1438 bonae,
1214 1398 1250 1428 et
1273 1394 1384 1426 malae
1405 1403 1515 1436 gene-

120 1453 273 1486 rationes
288 1453 394 1494 fiunt,
424 1453 528 1486 Plato
556 1453 642 1486 dixit
669 1454 774 1487 etiam
797 1453 1010 1495 sapientibus
1031 1452 1168 1494 ignotas
1200 1461 1295 1491 esse;
1327 1449 1418 1493 quod
1438 1450 1514 1492 qui-

121 1508 199 1543 dem
217 1510 269 1543 bis
289 1520 426 1552 quoque
442 1510 632 1553 replicavit,
663 1515 700 1543 ut
721 1511 764 1543 ab
791 1510 914 1543 eodem
935 1509 1082 1543 Platone
1099 1509 1132 1541 in
1156 1507 1388 1550 superioribus
1418 1505 1517 1539 audi-

120 1567 241 1600 vimus.
297 1566 373 1600 Hos
390 1566 508 1609 itaque
539 1571 609 1600 tres
644 1567 915 1600 evidentissimos
939 1576 1095 1605 errores,
1128 1565 1219 1597 circa
1239 1563 1305 1597 hoc
1326 1563 1516 1596 secundum

122 1628 227 1667 caput
249 1622 364 1669 Faber
393 1623 575 1657 commisit.
635 1624 759 1659 Quoad
788 1623 949 1664 tertium,
981 1623 1037 1656 ubi
1068 1622 1151 1654 dicit
1179 1621 1274 1654 iuxta
1302 1619 1516 1662 quorundam

121 1680 394 1724 expositionem,
421 1680 512 1722 quod
546 1691 723 1713 numerum
750 1680 938 1723 perfectum
967 1679 1126 1720 intelligit
1143 1678 1246 1710 Plato
1265 1686 1441 1710 numerum
1462 1687 1517 1709 se-

122 1738 297 1778 culorum,
327 1747 513 1778 annorum,
543 1737 727 1778 mensium,
756 1737 887 1770 dierum
919 1740 1022 1777 atque
1042 1734 1222 1775 horarum,
1253 1734 1309 1775 qui
1337 1734 1400 1766 soli
1418 1733 1515 1766 Ι)Εο

123 1794 284 1836 cognitus
313 1797 388 1834 est,
421 1797 488 1826 etc.
545 1793 632 1826 Dico
666 1793 758 1836 quod
779 1804 847 1826 non
867 1792 1034 1826 intellexit
1052 1791 1108 1824 hic
1126 1791 1241 1824 Faber
1259 1794 1408 1823 mentem
1431 1789 1515 1822 Pla-

123 1851 235 1891 tonis,
265 1850 426 1892 quoniam
451 1859 521 1882 non
555 1850 703 1892 loquitur
722 1850 824 1882 Plato
855 1849 898 1882 de
919 1859 1061 1882 numero
1092 1848 1306 1887 seculorum,
1335 1856 1515 1888 annorum,

123 1907 310 1947 mensium,
340 1905 472 1939 dierum
501 1910 604 1943 atoue
634 1905 817 1948 horarum,
847 1906 983 1948 quando
1015 1905 1146 1938 scilicet
1180 1904 1229 1937 ait
1259 1907 1308 1938 est
1329 1907 1443 1936 autem
1470 1902 1515 1947 ei,

123 1964 219 2009 quod
240 1963 407 1997 divinitus
425 1962 584 2007 genitum
612 1967 660 1997 est
688 1963 870 2004 circuitus,
900 1974 1002 2008 quem
1030 1972 1192 1994 numerus
1219 1960 1368 1994 continet
1394 1961 1515 2003 perse·-

122 2026 196 2056 ctus
214 2019 276 2054 sed
302 2030 365 2063 pro
385 2029 527 2053 numero
545 2019 699 2062 perfecto
719 2020 877 2062 intelligit
894 2019 997 2053 Plato
1023 2028 1199 2052 numerum
1228 2013 1272 2049 49
1291 2017 1415 2050 multas
1435 2027 1516 2060 per-

122 2077 292 2112 fectiones
309 2074 516 2118 habentem,
540 2076 636 2110 iuxta
660 2087 760 2119 quem
789 2076 976 2110 secundum
996 2075 1276 2114 Platonicorum,
1307 2077 1342 2106 et
1363 2071 1516 2116 Alphen-

123 2135 275 2170 sinorum
293 2133 487 2176 opinionem
509 2129 568 2178 (ut
586 2134 620 2167 in
643 2134 874 2176 superioribus
900 2129 1065 2176 diximus)
1086 2135 1199 2165 motus
1223 2129 1365 2163 secundi
1383 2129 1517 2163 mobilis

125 2191 314 2235 perficitur.
370 2190 499 2224 Verum
529 2189 686 2233 deceptio
708 2200 847 2233 eorum,
877 2191 936 2232 qui
970 2189 1088 2222 dicunt
1104 2188 1284 2221 Platonem
1315 2185 1372 2219 hic
1390 2185 1517 2219 intelli-

125 2258 210 2291 gere
228 2252 405 2280 numerum
428 2246 618 2290 perfectum
644 2257 720 2280 esse
751 2257 928 2280 numerum
954 2247 1170 2288 seculorum,
1202 2253 1389 2284 annornm,
1419 2252 1516 2276 men-

125 2305 233 2345 sium,
262 2303 417 2345 dierum,
445 2308 547 2346 atque
578 2301 760 2345 horarum,
791 2308 867 2337 orta
889 2307 940 2336 est
968 2303 1095 2343 exiis,
1125 2311 1214 2344 quae
1236 2300 1318 2333 dicit
1345 2299 1446 2333 Plato
1481 2299 1516 2332 in

125 2371 217 2396 nono
247 2359 291 2393 de
321 2360 410 2402 Rep.
441 2360 498 2392 ubi
530 2369 707 2394 numerum
738 2371 835 2394 suum
862 2360 1120 2394 Geometricum
1149 2356 1388 2390 accommodat
1407 2355 1518 2397 annis,

125 2417 311 2458 mensibus,
340 2416 458 2450 diebus
478 2420 514 2450 et
532 2417 708 2458 noctibus,
740 2422 778 2450 ut
799 2418 832 2450 in
852 2418 940 2450 illius
958 2416 1023 2449 loci
1043 2414 1276 2448 declaratione
1300 2413 1516 2455 perspicuum

126 2474 224 2509 nobis
240 2474 316 2506 erit.
375 2473 500 2510 Quoad
513 2479 683 2516 quartum,
713 2478 748 2508 et
768 2475 942 2516 quintum,
973 2477 1008 2505 et
1027 2476 1160 2505 sextum
1185 2471 1311 2513 capita,
1339 2469 1374 2502 in
1396 2470 1517 2511 quibus

127 2531 282 2565 declarat
303 2530 416 2563 Faber
439 2540 606 2572 quaenam
640 2531 708 2564 sint
738 2530 829 2574 apud
861 2531 1039 2563 Platonem
1062 2526 1385 2569 augumentationes
1412 2536 1516 2568 supe-

127 2591 258 2629 rantes,
289 2591 323 2620 et
339 2590 543 2629 superatae3
574 2586 755 2621 distantiae
772 2591 855 2628 tres,
886 2592 921 2620 et
941 2585 1076 2620 termini
1093 2589 1261 2626 quatuor;
1291 2593 1355 2616 nec
1378 2593 1444 2615 non
1468 2583 1515 2615 si-

127 2645 296 2684 milantes,
326 2647 362 2676 et
386 2643 637 2684 dissimilantes‚
671 2648 878 2685 crescentes,
904 2648 938 2677 et
973 2642 1215 2675 decrescentes
1240 2640 1388 2672 numeri:
1420 2638 1516 2671 recte

128 2701 243 2734 omnia
278 2699 364 2733 haec
392 2700 568 2743 exposuit,
598 2700 647 2733 sic
681 2705 719 2733 ut
744 2702 846 2734 etiam
878 2711 941 2733 nos
968 2699 1002 2732 in
1033 2697 1266 2741 superioribus
1287 2695 1516 2738 exposuimus.

129 2757 253 2794 Quoad
271 2757 451 2799 septimum
471 2761 584 2789 autem
599 2780 607 2795 ‚
639 2757 696 2789 ubi
727 2758 840 2791 Faber
858 2757 944 2790 duas
965 2754 1181 2794 harmonias,
1211 2753 1254 2786 de
1275 2752 1396 2794 quibus
1415 2752 1516 2784 Plato

128 2814 290 2857 loquitur,
316 2814 365 2846 ait
382 2823 457 2846 esse
482 2804 716 2854 Diatessnron,
745 2818 779 2847 et
799 2815 970 2856 Diapente
994 2812 1029 2845 in
1048 2811 1254 2845 Rationibus
1275 2808 1517 2851 Sesquitertia,

129 2870 429 2918 Syesquialteraque
451 2870 694 2911 consistentes,
720 2874 786 2904 etc.
844 2870 930 2904 Dico
949 2868 1040 2911 quod
1070 2867 1126 2901 hic
1145 2867 1247 2901 etiam
1277 2865 1366 2899 mal'e
1398 2865 1515 2905 verba,

181 2932 389 2974 PnA'roms
420 2932 494 2972 ΟΡ.
527 2931 599 2972 ΠΙ.
1202 2929 1236 2969 Ε
