1764 3176
265 135 350 174 166
722 130 1197 173 PLATONIS

264 242 357 293 ξίας
386 243 655 294 λακτίζοντες
685 242 759 284 καὶ
793 243 1065 298 κυρίττοντες
1103 240 1318 297 ἀλλήλους
1346 243 1545 298 σιδηροῖς
1574 242 1646 285 κέ-

265 310 368 364 ρασί
405 325 449 352 τε
489 309 563 353 καὶ
600 308 756 360 ὁπλαῖς
799 309 1117 353 ἀποκτιννύασι
1159 307 1219 352 δι’
1261 307 1529 365 ἀπληστίαν,
1568 308 1644 353 ἅτε

269 375 365 432 οὐχὶ
396 381 488 429 τοῖς
518 371 648 420 οὖσιν
679 376 783 421 οὐδὲ
802 378 851 421 τὸ
876 378 929 421 ὂν
959 377 1060 422 οὐδὲ
1090 375 1138 420 τὸ
1172 375 1324 432 στέγον
1354 376 1521 420 ἑαυτῶν
1546 393 1648 434 πιμ-

266 444 467 495 πλάντες.
526 449 780 497 Παντελῶς,
819 445 902 502 ἔφη
950 444 973 489 ὁ
1015 443 1249 496 Γλαύκων,
1299 442 1378 487 τὸν
1415 448 1503 488 τῶν
1543 449 1648 488 πολ-

267 516 380 565 λῶν,
425 507 460 556 ὦ
506 513 761 568 Σώκρατες,
802 516 1071 569 χρησμῳδεῖς
1116 514 1225 567 βίον.
1290 506 1386 567 Ἆρ’
1435 507 1517 555 οὖν
1566 511 1650 556 οὐκ

269 577 439 636 ἀνάγκη
469 581 542 624 καὶ
571 580 754 636 ἡδοναῖς
791 582 983 632 ξυνεῖναι
1012 578 1291 636 μεμιγμέναις
1321 579 1501 632 λύπαις,
1528 581 1650 624 είδώὼ

269 652 363 700 λοις
398 653 474 704 τῆς
518 649 713 704 ἀληθοῦς
745 647 906 706 ἡδονῆς
957 649 1030 693 καὶ
1067 648 1511 704 ἐσκιαγραφημέναις,
1559 647 1648 692 ὑπὸ

207 727 237 766 (j
268 720 343 772 τῆς
381 716 486 771 παρ’
519 715 706 772 ἀλλήλας
743 715 905 768 θέσεως
935 715 1354 772 ἀποχραινομέναις,
1395 716 1502 761 ὥστε
1535 728 1649 772 σφο-

270 783 405 838 δρούς
435 783 642 839 ἑκατέρας
686 786 924 840 φαίνεσθαι
957 785 1029 828 καὶ
1068 785 1231 838 ἔρωτας
1261 784 1431 828 ἑαυτῶν
1461 788 1650 828 λυττῶν-

267 868 345 902 τας
390 856 482 902 τοῖς
523 851 720 908 ἄφροσιν
768 852 974 896 ἐντίκτειν
1025 852 1098 895 καὶ
1150 851 1473 909 περιμαχήτους
1523 851 1650 904 εἶναι,

987 1020 1043 1053 Ita
1075 1023 1187 1054 ta111en
1220 1020 1363 1054 Ficinus
1402 1024 1438 1054 et
1478 1020 1653 1053 Schleier-

987 1066 1164 1100 macherus
1190 1067 1273 1100 haee
1305 1066 1527 1111 interpretati
1551 1070 1652 1100 sunt:

987 1118 1106 1156 utpote
1124 1114 1182 1157 qni
1200 1125 1308 1157 neque
1326 1125 1445 1146 veram
1464 1118 1497 1146 et
1509 1115 1655 1157 firmam

205 1027 241 1068 B
269 1017 565 1099 Μλακέίζοντες]
615 1018 846 1062 λακτίζοντές
891 1031 930 1053 τε

308 1076 351 1098 on

312 1110 558 1155 κυρίττοντες]
583 1111 815 1155 κηρίττοντες
836 1111 931 1145 Μοιι.

267 1155 309 1190 Β.
339 1156 430 1189 Flos.
457 1157 501 1191 U.
549 1158 588 1191 In
621 1158 712 1192 Flor.
737 1158 779 1192 R.
804 1154 932 1201 κέρατι

267 1199 470 1242 τύπτοντες
493 1204 760 1249 superscriptum
784 1208 848 1238 est.

313 1258 368 1313 τε]
393 1271 459 1293 οιη.
486 1260 595 1314 Long.

303 1301 608 1385 ἀέτοκτιννύασι]
646 1302 933 1340 ἀποκτειννύασι

269 1349 739 1443 Χιὶτῃοκτὶνύοέῗέίπῗζιῖἔσι
763 1353 932 1435 (ξὲῗτνὲί.

268 1442 314 1476 II.
337 1454 374 1498 p.
395 1444 475 1485 250,
499 1455 533 1478 a.

317 1485 374 1522 δι’
404 1469 639 1544 ἀπληστίαν]
676 1489 800 1525 διαπλ.
831 1488 932 1525 vind.

269 1535 312 1570 F.
336 1531 392 1568 δι’
417 1532 590 1569 ἀπιστίαν
615 1537 695 1571 Vat.
719 1536 760 1570 Β.

317 1576 414 1625 ου’χὶ]
443 1578 531 1616 ου’δὲ
558 1582 637 1615 Vat.
662 1582 711 1615 M.

319 1634 408 1671 ου’δε
433 1636 477 1672 τὸ
504 1637 658 1682 στέγον]
692 1633 780 1672 ου’τε
807 1637 851 1672 τὸ
878 1647 932 1672 στ.

271 1683 357 1718 Lob.
383 1683 474 1718 Mon.
498 1685 540 1720 Β
574 1686 653 1721 vat.
678 1685 758 1719 ΒΜ.
784 1686 869 1720 Ven.
893 1683 934 1717 C.

270 1729 351 1764 Par.
374 1729 451 1763 DK.
484 1731 580 1764 Flor.
605 1731 650 1785 U.
685 1734 721 1764 et
746 1730 831 1764 editi
855 1735 936 1764 ante

271 1776 477 1811 Bekkerum.
502 1774 545 1810 τὸ
578 1774 725 1820 στέγον,
753 1776 806 1809 cui
829 1776 936 1810 Stall-

271 1821 427 1855 baumius
461 1822 574 1856 nescio
610 1822 776 1876 quomodo
810 1819 853 1856 τὸ
888 1833 934 1855 ου

272 1864 400 1911 στέγον
425 1868 585 1910 subiicit,
609 1865 791 1911 (,,στε’γειν
817 1868 937 1901 dicun-

273 1917 331 1947 tur
354 1925 437 1947 vasa
466 1914 560 1947 rimis
588 1915 759 1955 carentia,
784 1925 873 1958 quae
897 1914 936 1947 li-

275 1970 400 2004 quores
427 1959 475 1993 ita
500 1960 692 1999 continent,
715 1964 754 1992 ut
777 1960 858 1993 nihil
884 1961 937 1993 ef-

272 2005 372 2040 fluat.
431 2005 507 2039 Hoc
539 2006 612 2039 loco
646 2003 689 2039 τὸ
725 2001 770 2038 οὐ
809 2003 936 2059 στέγον

272 2051 476 2095 intelligitur
520 2049 563 2085 τὸ
610 2048 937 2095 ἐπιθυμητικόν.“)

274 2098 328 2131 hic
353 2109 494 2141 corpus,
518 2097 616 2143 quasi
649 2109 711 2131 vas
743 2097 863 2139 animi,
888 2097 937 2131 si—

274 2144 441 2188 gnificare
478 2147 514 2176 et
548 2144 713 2177 Socrates
748 2155 861 2177 rerum
897 2143 940 2176 ad

276 2200 399 2234 corpus
451 2189 652 2235 explendum
696 2189 940 2234 pertinentium

275 2235 474 2269 inanitatem
542 2235 724 2269 ostendere
792 2236 938 2269 videtur.

277 2281 380 2322 Quod
415 2281 446 2315 si
478 2281 581 2315 aliter
613 2280 840 2322 intellexeris,
875 2292 940 2314 non

277 2327 384 2360 solum
418 2327 599 2361 discrimen
631 2328 720 2361 inter
753 2324 797 2362 τὸ
834 2323 878 2362 ὂν
906 2330 941 2360 et

277 2369 322 2406 τό
357 2370 505 2417 στέγον,
548 2374 639 2419 quod
672 2374 818 2419 repetito
852 2369 941 2407 ου’δὲ

278 2418 473 2461 indicatur,
505 2420 702 2461 sustuleris,
739 2420 799 2453 sed
841 2419 942 2452 etiam

279 2465 425 2499 animum
458 2466 597 2508 horum
622 2477 708 2511 quos
752 2465 942 2511 sapientiae

280 2516 316 2544 et
345 2511 482 2544 viltutis
505 2517 664 2556 expertes
695 2512 787 2546 inter
815 2522 943 2557 pecora

280 2556 407 2591 relatos
428 2557 533 2599 vides,
552 2558 654 2592 talem
672 2558 842 2598 effeceris,
858 2569 943 2603 qua—

280 2603 346 2636 lem
371 2613 446 2636 esse
471 2603 568 2637 Plato
592 2604 730 2638 disertis
749 2602 863 2638 verbis
883 2615 944 2638 ne-

281 2652 343 2694 gat
371 2650 480 2693 Gorg.
505 2661 537 2694 p.
562 2647 642 2686 493.
666 2650 706 2683 C.
733 2650 845 2684 cribro
869 2661 943 2683 eum

282 2706 506 2749 comparans,
539 2691 604 2730 ὅὶτε
646 2693 692 2730 ου’
736 2693 946 2739 δυναμένην

282 2738 444 2796 στέγειν,
469 2745 505 2774 et
529 2742 614 2787 Leg.
640 2742 682 2776 L
703 2743 784 2777 lIII.
813 2754 846 2788 p.
866 2742 946 2777 714.

283 2787 322 2820 Α.
367 2784 568 2832 στέγουσαν
612 2784 725 2822 οὐδὲν
761 2787 946 2834 appellans.

988 1159 1041 1191 sui
1067 1166 1225 1201 partem,
1259 1171 1368 1202 ‘neque
1399 1160 1488 1192 veris
1515 1159 1655 1202 pabulis

987 1205 1140 1248 implent.
1176 1206 1254 1238 weil
1273 1204 1322 1238 'sie
1344 1206 1438 1238 nicht
1456 1205 1520 1238 mit
1543 1205 1656 1238 seien—

988 1252 1065 1283 dem
1086 1252 1199 1284 weder
1217 1252 1272 1285 ihr
1291 1252 1445 1285 seiemles
1462 1251 1548 1283 ¹noch
1575 1251 1656 1283 das-

979 1298 1105 1341 jenige
1132 1309 1204 1330 was
1226 1301 1474 1341 empfangenes
1493 1297 1656 1338 festhiilt,

990 1345 1168 1387 angefiillt
1188 1345 1311 1377 haben.
1337 1343 1413 1377 Nec
1425 1343 1526 1376 aliter
1540 1343 1656 1376 Grou-

988 1388 1042 1422 ius
1070 1395 1130 1423 aut
1153 1389 1280 1423 Astius.

1034 1446 1280 1492 χρησμῳδεῖς]
1312 1446 1532 1491 χρησμοδεῖς
1555 1445 1657 1479 Vind.

989 1492 1033 1525 F.
1059 1493 1154 1526 cuius
1179 1493 1213 1525 in
1237 1493 1389 1537 margine
1407 1493 1559 1526 adhunc
1578 1503 1658 1525 ver—

990 1550 1064 1572 sum
1087 1557 1135 1563 —-
1157 1539 1270 1578 τελῶς
1294 1544 1361 1574 etc.
1384 1550 1492 1584 usque
1511 1539 1553 1572 ad
1573 1537 1658 1584 βίον

991 1619 1270 1663 complectentem
1310 1617 1354 1653 τὸ
1399 1598 1498 1661 μόνξυ
1530 1618 1659 1652 adscri-

989 1667 1085 1709 ptum
1110 1668 1183 1707 est,
1218 1665 1308 1710 quod
1341 1664 1456 1699 nescio
1487 1665 1567 1710 quid
1592 1664 1659 1698 sibi

994 1710 1140 1811 vegim&
1166 1749 1277 1812 Ἆρ’]
1325 1755 1431 1800 βίον,
1478 1749 1549 1801 ἀρ’
1581 1757 1657 1791 Ald.

993 1801 1089 1881 glou.
1117 1798 1176 1846 ἄρ’
1194 1802 1297 1838 Vind.
1306 1803 1348 1837 F.
1368 1803 1517 1838 Necesse
1539 1808 1658 1837 est—.

1025 1860 1055 1881 lc

1038 1901 1204 1948 ἡδονῆς]
1238 1905 1279 1938 In
1302 1904 1397 1940 Mon.
1418 1906 1459 1939 Β.
1488 1925 1534 1931 -
1565 1905 1614 1950 ῆς
1639 1917 1660 1939 a

993 1962 1036 1985 m.
1063 1962 1090 1985 5.
1116 1951 1279 1984 additum.

1038 1993 1134 2040 παρ’
1161 1993 1343 2041 ἀλλήλας]
1375 1997 1530 2041 παραλλ.
1558 1995 1660 2030 vind.

1034 2095 1397 2154 ἀποχραινομέναις]
1430 2095 1660 2142 ἀπόχραινο-

995 2142 1123 2189 μέναις
1149 2144 1222 2178 Ald.
1247 2144 1410 2177 Timaeus
1433 2144 1497 2177 lex.
1524 2157 1556 2189 p.
1571 2146 1658 2179 276:

995 2190 1158 2245 χραίνειν
1181 2187 1298 2244 ἤγουν
1317 2187 1569 2246 ἀποχραίνειν.
1589 2202 1660 2224 πα-

997 2234 1045 2292 ροὶ
1067 2239 1146 2275 τοῖς
1172 2234 1381 2280 ζωγράφοις
1402 2234 1440 2270 δὲ
1457 2234 1599 2280 λέγεται
1614 2234 1658 2270 τὸ

995 2295 1061 2327 μεν
1089 2282 1252 2337 χραίνειν
1272 2281 1315 2316 τὸ
1344 2282 1398 2326 (in
1423 2283 1540 2316 codice
1565 2282 1660 2316 addi-

996 2333 1068 2363 tum
1086 2326 1125 2362 δέ
1147 2328 1324 2362 delendum
1341 2340 1416 2362 esse
1435 2328 1522 2362 vidit
1542 2329 1661 2362 Ruhn—

996 2375 1131 2418 kenius)
1148 2372 1299 2429 χρώζειν
1318 2371 1381 2407 διά
1398 2375 1466 2408 τοῦ
1486 2372 1662 2430 ραβδίον,

999 2419 1042 2455 τὸ
1075 2419 1114 2454 δὲ
1145 2418 1386 2476 ἀποχραίνειν
1418 2417 1461 2455 τὸ
1493 2419 1539 2454 τὰ
1571 2433 1662 2464 χρω-

1000 2464 1141 2501 σθέντα
1170 2463 1367 2500 ενοποιεῖν.
1435 2467 1490 2500 Cf.
1520 2467 1661 2500 Schnei-

999 2513 1072 2547 deri
1095 2513 1225 2546 lexicon
1257 2512 1291 2546 in
1321 2509 1581 2557 ἀποχραίνειν,
1605 2512 1663 2546 ubi

1000 2559 1127 2592 rectius
1164 2562 1282 2592 noster
1320 2559 1438 2599 locus,
1483 2570 1583 2603 quam
1620 2559 1663 2591 ab

1000 2605 1098 2639 Astio
1125 2604 1167 2638 ad
1185 2604 1297 2648 Leges
1321 2617 1354 2649 p.
1371 2606 1451 2640 309.
1477 2604 1664 2649 explicatus

1000 2657 1064 2685 est.
1114 2651 1230 2695 Longe
1264 2662 1285 2683 a
1308 2662 1389 2684 vem
1414 2650 1572 2684 Ficinus.
1607 2662 1665 2683 us-

1002 2707 1066 2742 que
1095 2697 1182 2730 adeo
1207 2697 1353 2730 invicem
1375 2697 1503 2731 doloris
1526 2707 1664 2736 compa—

1002 2744 1138 2777 ratione
1172 2748 1292 2776 mutua
1324 2744 1527 2787 inquinatae
1563 2739 1660 2786 (υπὸ

1004 2789 1069 2833 τῆς
1088 2809 1133 2814 -
1150 2785 1302 2832 ἀποχρ.)
