1764 3176
270 137 356 180 246

273 243 354 300 οὐχ
392 242 519 288 ὅσιον
556 241 833 298 προδιδόναι.

209 318 248 360 D
276 311 411 368 αὐτῆς
449 311 524 354 καὶ
553 311 630 364 σύ,
668 312 741 356 καὶ
776 312 961 368 μάλιστα
1002 312 1112 355 ὅταν
1151 311 1213 354 δι’

768 379 950 424 Οὐκοῦν
980 381 1127 423 δικαία
1157 378 1273 422 ἐστὶν
1302 375 1417 421 οὕτω
1445 377 1655 429 κατιέναι,

273 378 436 436 αὐτήνς
488 379 616 424 Πολύ
645 394 707 437 γε.

716 131 1077 176 PLATON
1111 128 1194 174 IS

890 237 920 300 ἧ
956 243 1062 300 γὰρ,
1094 237 1132 286 03
1160 242 1278 298 φίλε,
1321 238 1377 284 οὐ
1420 242 1533 297 κηλῇ
1570 237 1654 283 ὑπ’

1246 304 1441 365 Ὁμήρου
1481 312 1656 366 θεωρῇς

272 447 631 504 ἀπολογησαμένη
668 446 696 504 ἢ
731 448 777 492 ἐν
816 447 933 504 μέλει
972 447 1000 503 ἤ
1041 464 1127 491 τινι
1163 446 1280 501 ἄλλῳ
1315 445 1479 501 μέτρῳς
1525 442 1655 488 Πάνυ

271 517 352 571 μὲν
393 511 490 559 οὖν,

561 521 726 571 Δοῖμεν
764 515 812 560 δέ
850 517 898 573 γε’
939 533 1028 560 που
1070 516 1125 559 ἂν
1163 516 1235 560 καὶ
1271 520 1363 565 τοῖς
1393 512 1656 567 προστάταις

272 583 431 640 αὐτῆς,
462 582 560 628 ὅσοι
590 585 648 640 μὴ
679 584 918 641 ποιητικοὶ,
947 585 1230 642 φιλοποιηταὶ
1261 584 1324 636 δὲ,
1355 582 1462 626 ἄνευ
1493 581 1655 636 μέτρου

269 652 404 708 λόγον
432 651 543 706 ὑπὲρ
577 651 712 709 αὐτῆς
743 655 900 704 εἰπεῖν,
933 651 992 704 ὠς
1022 653 1076 696 οὐ
1106 652 1247 708 μόνον
1276 651 1413 707 ἡδεῖα,
1444 649 1553 694 ἄλλοι
1582 651 1656 693 καὶ

271 719 467 777 ὠφελίμη
504 721 614 776 πρὸς
650 721 729 772 τὰς
762 723 979 771 πολιτείας
1016 722 1090 763 καὶ
1129 720 1208 764 τόν
1238 722 1338 776 βίον
1369 717 1448 763 τόν
1479 717 1656 773 ἀνθρώ-

271 788 403 834 πινόν
432 788 540 832 ἐστι·
579 790 654 833 καὶ
685 787 878 846 εὐμενῶς
908 787 1205 846 ἀκουσόμεθα,
1245 789 1546 842 κερδανοῦμεν
1567 785 1654 842 γάρ

317 909 558 957 προδιδόναι]
582 911 812 957 προδιδόμαι
841 913 936 947 Μοιι.

269 957 310 991 B.
338 971 358 991 a
382 971 424 992 ιιι.
450 970 514 1015 pr

317 1004 339 1048 ή
366 1002 459 1059 γόξρ]
478 1000 514 1059 ἢ
548 1001 618 1048 γὰρ
642 1004 744 1039 Vind
769 1005 813 1039 F·
848 1004 937 1048 „ad-

269 1057 366 1084 verte
391 1063 412 1103 η
439 1048 510 1094 2029
540 1051 573 1084 in
598 1051 775 1105 principio
791 1051 937 1085 interro-

271 1097 422 1141 gationis
454 1099 678 1137 collocatum,
722 1097 819 1130 cuius
854 1108 936 1131 usus

270 1143 424 1187 exempla
474 1143 610 1187 collegit
654 1144 836 1186 Heindorf.
892 1144 934 1176 ad

269 1187 416 1222 Phaedr
440 1200 475 1233 p.
493 1191 599 1224 338.“
635 1190 879 1223 Stallbaum'ms
903 1189 937 1222 in

271 1246 339 1268 sec.
385 1235 423 1267 In
449 1235 604 1268 Phaedro
629 1247 661 1280 p.
682 1237 761 1269 266.
784 1235 825 1268 D.
851 1236 936 1268 haec

271 1282 449 1324 leguntur.
493 1282 692 1324 προοίμιον
724 1292 790 1323 μεν
833 1278 937 1323 οἶμαι

269 1326 420 1381 πρῶτον
444 1322 495 1366 ὥς
524 1327 582 1360 δεῖ
607 1327 675 1360 τοῦ
701 1325 812 1380 λόγου
840 1325 936 1371 λέγε-

270 1374 363 1406 σθαι
397 1368 436 1405 ἐν
459 1370 575 1427 αρχῆ,
601 1373 721 1407 ταῦτα
745 1370 858 1416 λέγεις
892 1372 933 1416 (ἠ

269 1416 338 1462 γάρ
351 1419 378 1462 ,·)
422 1415 468 1451 τοὶ
513 1417 641 1461 κομψὰ
683 1419 752 1463 τῆς
783 1417 934 1473 τέχνης;

269 1465 344 1506 vel,
369 1469 418 1519 ut3
431 1464 650 1498 Heindorfius
682 1465 788 1498 edidit
810 1485 856 1490 —
879 1462 936 1498 λε’-

269 1522 365 1554 γειςς
390 1509 414 1554 η’
441 1508 533 1555 γάρ,·
567 1509 615 1544 τὰ
640 1516 705 1545 etc.
761 1511 848 1544 Eius
873 1522 936 1544 an-

270 1557 401 1590 notatio
427 1562 540 1590 autem
563 1557 648 1590 haec
672 1561 744 1591 est:
772 1557 936 1590 Formula

268 1603 291 1646 η’
318 1600 411 1655 γὰρ,
443 1604 643 1648 plerumque
675 1604 709 1637 in
732 1603 808 1636 fine
828 1603 935 1636 inter-

268 1648 455 1702 rogationis
490 1649 626 1693 posita,
653 1650 742 1682 sicut
764 1649 935 1683 interdum

270 1698 382 1727 tamen
406 1695 504 1728 initio
530 1694 676 1748 ponitur,
695 1707 727 1730 v.
752 1707 781 1729 c.
800 1696 841 1729 de
861 1706 934 1739 rep.

269 1740 313 1774 Χ.
340 1752 373 1785 p.
394 1742 474 1775 607.
495 1740 534 1774 C.
560 1738 732 1784 ξύνισμέν
749 1752 786 1784 γε
810 1740 936 1774 -καὶ

271 1784 315 1819 σύ
343 1792 429 1827 etc,
454 1787 504 1819 ita
529 1787 936 1832 h.l.1nterpomtur1lla

269 1833 568 1887 παρενθετικῶς,
613 1833 708 1866 velut
739 1834 842 1867 toties
877 1833 936 1866 illa

271 1875 339 1921 οὐχ
366 1874 479 1924 ὁρᾷς,
504 1878 585 1917 πῶς
608 1877 679 1922 ’γὰρ
705 1875 775 1920 οὕ,
799 1877 934 1921 πόθεν,

270 1923 424 1979 aliaque,
460 1928 499 1957 ut
531 1925 653 1958 ταῦτα
687 1904 859 1969 pertineat
893 1926 935 1957 ad

271 1967 317 2003 τὰ
344 1968 473 2013 κομψοὶ
493 1970 560 2014 τῆς
584 1969 721 2014 τέχνης.
726 1972 750 1990 “
784 1971 879 2004 Hic
870 1971 937 2015 1gi-

271 2019 327 2049 tur
352 2016 443 2050 nulla
467 2017 620 2061 exempla
637 2017 794 2061 collegit;
825 2028 936 2062 neque

270 2061 362 2095 inter
386 2074 446 2103 ea,
480 2074 569 2107 quae
594 2063 732 2107 collegit
757 2063 800 2096 ad
826 2065 934 2107 Gorg.

272 2120 308 2153 p.
332 2110 412 2144 468.
437 2109 477 2142 C.
510 2112 650 2153 praeter
673 2116 824 2143 nostrum
850 2121 936 2153 qua-

271 2160 373 2196 tuor,
399 2158 480 2198 apta
503 2161 583 2188 sunt
610 2156 710 2199 plura
734 2167 800 2188 nno
827 2157 934 2199 Gorg.

270 2212 304 2254 p:
323 2200 402 2235 494.
418 2200 461 2234 Ε.
486 2213 552 2245 quo
578 2201 650 2234 loco
674 2202 938 2245 Socrates‘gra-

269 2247 358 2279 viter
395 2253 572 2290 correptus
617 2259 638 2280 a
673 2247 815 2281 Callicle
849 2249 935 2281 tam-

270 2304 372 2337 quam
397 2292 439 2325 ad
464 2293 633 2326 obscoena
665 2305 852 2327 sermonem
876 2293 937 2326 de-

271 2339 398 2371 ducens
419 2331 468 2371 Ἠ
488 2351 579 2383 γαρ,
604 2338 738 2384 inquit,
742 2337 832 2396 ἐγὼ
857 2335 934 2383 ἄγω

269 2381 464 2438 ἐνταῦθα,
491 2384 522 2417 ω’
543 2389 710 2428 γενναῖε,
736 2383 759 2429 ἢ
786 2383 935 2425 ἐκεῖνος,

273 2425 316 2468 ὃς
341 2426 389 2463 ἂν
415 2431 469 2474 φῇ
488 2442 557 2471 -,·
582 2432 615 2464 in
639 2431 780 2476 reliquis
805 2437 883 2486 post
908 2435 931 2477 ἠ

273 2476 344 2520 γὰρ
377 2478 431 2509 vel
464 2480 540 2520 post
571 2477 723 2511 additum
747 2479 937 2512 vocativum

271 2521 524 2555 subsistendum
543 2528 576 2556 et
594 2524 872 2569 interrogationis
889 2526 938 2559 si-

270 2579 374 2612 gnum
396 2568 586 2612 ponendum
611 2575 683 2612 est,
709 2571 810 2604 etiam
832 2571 934 2616 Hipp.

270 2614 351 2647 min.
377 2615 509 2669 ,363
530 2615 570 2648 C.
604 2616 662 2649 ubi
672 2596 866 2673 ’Βοκῐιειᾙιιε
898 2621 937 2651 ut

268 2626 398 2716 vulgop
398 2640 447 2692 H
467 2657 560 2703 γὰρ,
595 2661 624 2694 ω’
650 2658 806 2718 Ιππία,
811 2659 876 2696 {av
901 2676 936 2696 τι

271 2703 391 2752 ἐρωτᾷ
437 2716 475 2740 σε
509 2704 736 2751 Σωκράτης,
781 2705 936 2753 οἷποκρι-

270 2755 350 2790 νεῖς
373 2742 545 2787 distinxit.
580 2735 742 2787 Ceteruni
766 2761 802 2788 et
820 2760 936 2789 nostro

270 2801 306 2831 et
327 2798 481 2842 Gorgiae
504 2798 579 2833 loco
603 2799 684 2834 illud
707 2801 730 2844 η’
756 2799 828 2845 γὰρ
853 2814 935 2836 ean-

994 912 1069 946 dem
1100 912 1135 945 ιιι
1158 911 1425 955 interrogatione
1448 910 1516 944 vim
1540 912 1657 957 habet,

995 970 1062 1001 qua
1098 958 1269 1013 Euthyd.
1284 969 1316 1001 p.
1344 960 1423 993 280.
1447 958 1487 991 A.
1517 951 1561 1002 (ἢ
1585 957 1656 1002 γὰρ

996 1003 1043 1038 ἂν
1080 1001 1204 1038 ουκέτι
1241 1003 1356 1046 σοφία
1391 1003 1467 1047 εἴη)
1509 1010 1544 1037 et
1578 1005 1659 1038 alibi

994 1055 1091 1085 extra
1128 1050 1429 1094 iuteriogationem
1465 1051 1659 1103 ‘praeditum

994 1103 1069 1131 est:
1095 1109 1177 1129 nam
1200 1099 1378 1140 profect03
1406 1100 1441 1129 et
1463 1096 1498 1129 in
1523 1097 1658 1142 Gorgia

992 1141 1063 1187 γὰρ
1088 1143 1273 1183 ironicum,
1307 1142 1362 1175 hic
1395 1146 1506 1175 autem
1533 1143 1575 1175 ad
1599 1155 1658 1177 su-

992 1189 1128 1244 periora
1152 1189 1211 1222 illa
1235 1200 1286 1227 ως
1310 1185 1483 1243 ξύνισμέν
1494 1200 1546 1244 ,γε
1569 1185 1657 1245 ημῖν

994 1233 1126 1274 αὐτοῖς
1155 1232 1396 1278 κηλουμένοις
1430 1231 1504 1269 υπ’
1539 1233 1659 1280 αυτῆς

991 1281 1208 1315 referendum
1232 1286 1297 1314 est.

1037 1349 1154 1394 κηλῇ]
1180 1350 1284 1393 κηλεῖ
1305 1349 1406 1384 Vind.
1430 1350 1474 1383 F.
1499 1350 1587 1395 Ang.
1613 1351 1657 1384 B.

992 1400 1027 1430 et
1050 1396 1268 1429 recentiores.

1037 1439 1109 1475 ὑπ’
1135 1440 1268 1484 αὐτῆς]
1293 1437 1408 1475 enom.
1434 1441 1534 1477 Vind.
1557 1441 1602 1477 E.

1037 1486 1100 1522 καὶ
1126 1485 1186 1531 σύ]
1211 1499 1276 1520 om.
1302 1488 1395 1521 Mon.
1420 1487 1461 1520 B.

1037 1553 1221 1601 μάλιστα]
1262 1568 1300 1600 μ.
1335 1553 1374 1590 δε
1410 1556 1511 1590 Vind.
1550 1556 1657 1592 BEF.

992 1603 1077 1637 Ven.
1102 1603 1143 1636 B.
1168 1604 1255 1647 Ang-
1281 1604 1320 1637 B.
1347 1603 1440 1636 Flor.
1463 1603 1571 1638 ACR.

1038 1668 1160 1714 Πολύ]
1187 1683 1239 1710 ως
1262 1682 1301 1706 π.
1326 1671 1418 1705 Μοιι.
1433 1672 1471 1704 Β.
1496 1672 1593 1707 Flor.
1613 1673 1659 1707 U.
1684 1669 1724 1711 D

1038 1714 1150 1762 ἐστὶν]
1180 1715 1276 1751 ἔστιν
1305 1717 1405 1752 Vind.
1430 1718 1475 1751 F.

1040 1783 1361 1830 ἀπολογησαμένη]
1393 1783 1660 1841 οἷπολογισαμέ-

992 1845 1037 1877 νη
1060 1834 1146 1868 Ven.
1173 1834 1212 1866 C.
1239 1833 1340 1867 Vind.
1360 1833 1401 1867 F.
1429 1829 1658 1878 ἀπολογησο-

992 1877 1084 1923 μένη
1127 1880 1204 1913 Par.
1239 1879 1315 1911 ΑΚ.
1361 1880 1440 1914 vat.
1474 1880 1519 1915 H.
1564 1881 1658 1914 Flor.

992 1926 1132 1960 ACTV.
1179 1925 1299 1969 steph.
1354 1928 1388 1957 et
1436 1926 1659 1980 recentiores,

993 1972 1096 2006 etiam
1130 1970 1372 2004 Stallbaumius
1404 1971 1440 2004 in
1484 1984 1554 2006 sec.
1599 1972 1659 2017 qui

991 2023 1104 2051 tamen
1128 2018 1159 2050 si
1190 2028 1225 2049 se
1262 2017 1457 2059 defenderit
1489 2017 1660 2063 interpre-

991 2069 1097 2104 tatur,
1118 2074 1182 2096 non
1199 2063 1230 2095 si
1248 2073 1283 2095 se
1304 2063 1493 2105 defensura
1516 2070 1577 2101 est
1599 2069 1659 2098 aut

992 2116 1031 2143 ut
1061 2121 1096 2142 se
1129 2109 1316 2151 defendat,
1354 2121 1497 2153 quorum
1530 2110 1659 2144 alteru-

992 2162 1083 2189 trum
1115 2155 1262 2209 probare
1294 2155 1396 2188 debet
1429 2159 1486 2200 qui
1519 2152 1657 2191 ἀπολο-

991 2200 1173 2246 27160525'117]
1215 2202 1349 2245 probat.
1421 2203 1468 2235 At
1502 2206 1660 2236 neutrum

994 2254 1108 2292 aptum
1135 2252 1208 2287 est,
1233 2258 1335 2290 quum
1359 2259 1470 2292 neque
1489 2260 1602 2282 omnes
1621 2261 1659 2283 se

993 2293 1165 2327 defensuri
1200 2292 1428 2327 defensionem
1454 2306 1548 2328 suam
1571 2295 1659 2328 iudi-

995 2341 1089 2374 cibus
1128 2339 1326 2384 probaturi,
1369 2351 1479 2385 neque
1524 2341 1660 2375 exsules

993 2390 1199 2431 propterea,
1232 2391 1271 2418 ut
1304 2397 1342 2419 se
1377 2387 1531 2431 quamvis
1565 2387 1657 2421 iuste

993 2432 1197 2473 defendant,
1233 2432 1276 2464 ab
1318 2433 1436 2466 exsilio
1472 2434 1658 2467 revocandi

993 2479 1072 2514 sint.
1122 2478 1200 2518 Quo
1223 2477 1331 2512 minus
1355 2484 1470 2512 autem
1493 2480 1656 2513 adverbio

995 2521 1094 2558 οὕτω
1128 2523 1289 2557 iustitiam
1326 2528 1361 2558 et
1383 2526 1657 2570 probabilitatem

992 2570 1200 2605 defensionis
1243 2571 1381 2604 suturae
1431 2571 1656 2616 significatam

992 2617 1264 2670 postulatamque
1279 2620 1480 2659 statuamus,
1503 2618 1656 2662 interpo-

991 2664 1091 2697 situm
1115 2660 1282 2696 κατιέναι
1307 2664 1440 2704 obstat,
1466 2670 1544 2707 post
1566 2664 1656 2717 quod

992 2715 1087 2743 recte
1110 2708 1257 2742 incidit
1248 2721 1282 2742 ιιι
1307 2721 1374 2743 sec.
1400 2709 1656 2751 Stallbaumius,

992 2755 1050 2800 qui
1076 2754 1208 2788 omnino
1233 2766 1367 2789 sensum
1396 2756 1462 2789 loci
1485 2757 1571 2790 bene
1594 2756 1657 2789 de—

992 2801 1159 2836 claravit:
1187 2801 1312 2836 Nonne
1343 2803 1470 2837 iustum
1501 2808 1552 2838 est
1580 2814 1656 2837 eam
