1764 3176
436 175 773 218 CIVITAS
813 175 935 217 LIB.
956 175 1069 218 VIII.
1099 182 1168 216 550

1427 181 1483 220 29

101 288 329 345 μωμένους
357 303 403 331 τε
432 289 507 332 καὶ
537 288 899 344 ἐπαινουμένους.
941 286 1037 331 τότε
1068 286 1122 343 δὴ
1153 286 1177 331 ὁ
1207 286 1308 339 νέος
1335 287 1480 333 πάντα

100 356 154 401 τοὶ
182 360 367 401 τοιαῦτα
397 355 577 401 ἄκου’ων
613 373 659 400 τε
697 357 770 400 καὶ
814 354 934 410 ὁρῶν
963 357 1037 399 καὶ
1067 358 1125 399 αὐ
1158 373 1265 407 τους
1293 360 1372 400 τοῦ
1402 372 1481 400 πα-

100 424 202 479 τρὸς
232 423 392 480 λόγους
433 423 610 468 ἀκούων
646 440 691 467 τε
719 423 792 467 καὶ
823 421 940 477 ὁρῶν
969 423 1023 466 τοὶ
1054 422 1373 479 ἐπιτηδεύματα
1404 422 1481 467 αὕ-

93 497 176 536 τοῦ
206 492 393 549 ἐγγύθεν
422 492 539 548 πικροὶ
567 491 620 535 τὰ
649 495 737 535 τῶν
768 489 927 541 ἄλλων,
958 491 1193 547 ἑλκόμενος
1222 491 1302 535 ὑπ’
1335 490 1480 548 ἄμφο-

97 560 236 619 τέρων
265 561 448 614 τούτων,
483 565 563 604 τοῦ
590 560 670 616 μὲν
699 558 864 612 πατρὸς
895 558 1036 604 αὐτοῦ
1066 559 1114 603 τὸ
1146 560 1395 615 λογιστικὸν
1429 561 1476 604 ἐν
1506 560 1542 601 Β

95 633 148 685 τῇ
181 634 297 687 ψυχῇ
328 628 543 685 ἄρδοντός
572 644 617 672 τε
647 628 720 671 καὶ
751 627 989 680 αὔξοντος,
1038 632 1129 671 τῶν
1171 629 1217 671 δὲ
1256 626 1402 672 ἄλλων
1430 628 1480 672 τό

95 712 140 740 τε
177 697 493 754 ἐπιθυμητικὸν
535 697 608 741 καὶ
648 695 696 739 τὸ
739 697 993 751 θυμοειδὲς,
1038 696 1111 740 διὰ
1151 696 1200 740 τὸ
1240 695 1298 752 μή
1339 700 1481 740 κακοῦ

93 763 257 820 ἀνδρὸς
289 764 404 809 εἶναι
441 765 522 821 τὴν
551 764 712 821 φύσιν,
749 762 938 819 ὁμιλίαις
978 765 1024 807 δὲ
1065 769 1159 815 ταῖς
1199 767 1291 808 τῶν
1335 764 1481 808 ἄλλων

93 839 248 885 κακαῖς
277 838 536 891 κεχρῆσθαι,
570 835 629 884 εἰς
658 832 708 875 τὸ
738 831 872 888 μέσον
902 831 1136 888 ἑλκόμενος
1172 829 1252 875 ὑπ’
1286 829 1482 887 ἀμφοτέ-

95 918 188 956 ρων
217 901 386 946 τούτων
413 897 522 959 ἦλθε
550 901 624 945 καὶ
653 901 732 956 τὴν
763 901 810 944 ἐν
840 899 959 957 αὐτῷ
990 899 1127 956 ἀρχὴν
1165 900 1391 954 παρέδωκε
1420 903 1483 960 τῷ

95 971 210 1028 μέσῳ
239 986 283 1013 τε
310 971 386 1013 καὶ
415 972 652 1026 φιλονείκῳ
681 970 755 1014 καὶ
786 971 1018 1025 θυμοειδεῖ
1054 969 1129 1012 καὶ
1159 968 1326 1022 ἐγένετο
1365 967 1482 1026 ὑψη-

94 1038 278 1094 λόφρων
306 1055 351 1082 τε
379 1039 452 1082 καὶ
482 1037 711 1094 φιλότιμος
743 1035 867 1092 ἀνήρ.

93 1112 182 1158 κεῖς
210 1106 291 1162 τὴν
319 1107 482 1151 τούτου
511 1105 681 1162 γένεσιν
711 1105 1031 1161 διεληλυθέναι.

929 1038 1104 1093 Κομιδῇ
1135 1054 1229 1093 μοι,
1271 1038 1378 1094 ἔφη,
1410 1040 1480 1082 δο-

1080 1105 1264 1161 ’Έχομεν
1294 1104 1393 1158 ἄρα,
1423 1101 1481 1161 ἦν

94 1173 136 1218 δ’
168 1173 276 1230 ἐγώ,
315 1172 396 1230 τήν
434 1174 729 1229 τεδευτέραν
769 1174 992 1217 πολιτείαν
1033 1173 1106 1216 καὶ
1147 1172 1225 1216 τὸν
1266 1171 1477 1228 δεύτερον
1508 1177 1539 1218 C

91 1322 242 1357 codicum
272 1323 467 1357 testimonio
500 1324 755 1369 comprobatum

90 1373 208 1403 tenere
230 1369 343 1403 malui.

137 1411 288 1470 αυτῶν]
316 1427 378 1449 av.
412 1414 498 1449 Lob.
518 1415 620 1450 Vind.
644 1415 752 1450 BEF.

137 1458 286 1505 αυτῶν]
314 1457 375 1495 αὖ.
402 1461 485 1494 Lob.
511 1461 612 1496 Vind.
631 1462 705 1496 BF.

133 1518 174 1540 τε
211 1506 275 1541 καὶ
312 1504 634 1552 ἐπαινουμένους]
685 1520 751 1542 om.

89 1552 176 1595 Ang.
199 1553 241 1588 B.

137 1597 210 1654 δὴ]
236 1595 275 1632 δε
299 1599 378 1632 Bas.
410 1599 444 1632 b.

135 1642 262 1678 πάντα
285 1641 332 1678 τοὶ
356 1643 537 1699 τοιαῦτα]
563 1645 647 1678 haec
676 1644 750 1680 Fic.

134 1689 199 1725 καὶ
231 1703 279 1724 αυ
304 1710 351 1715 —
384 1686 512 1734 ὁρῶν]
556 1703 621 1724 om.
665 1690 751 1724 Lob.

90 1737 170 1770 Vat.
196 1737 243 1770 Μ.

135 1780 247 1839 τους]
282 1794 347 1816 om.
372 1781 469 1817 Mon.
489 1782 530 1816 B.

89 1826 246 1908 Ef‘ss'i‘.
267 1825 511 1908 τέὲΜῗακοη
535 1827 628 1906 ἷξῗῖἑ
650 1826 748 1906 Vll?

199 1887 219 1908 a
459 1885 498 1906 en
631 1884 668 1906 ar

88 1922 177 1974 Qng.
200 1921 242 1954 Β.
266 1920 362 1953 Flor.
384 1919 524 1953 ACRT.
548 1916 652 1961 παρὰ
685 1919 750 1952 Fi-

90 1967 184 2000 cinus
212 1966 299 2000 male
321 1966 567 2021 interpretatur
590 1967 694 1998 ultra.

134 2009 198 2047 ‘vn'
221 2008 457 2056 αμφοτέρων]
478 2022 625 2055 υπαμφ.
649 2010 751 2046 Vind.

132 2101 362 2148 λογιστικὸν]
402 2100 548 2146 λογικὸν
590 2102 668 2135 Vat
707 2101 747 2134 B.

88 2150 173 2185 Ven.
196 2151 238 2185 Β.
262 2150 340 2184 Bas.
363 2151 398 2184 b.
422 2150 463 2182 In
487 2148 586 2182 Vind.
599 2147 639 2181 F.
661 2148 749 2181 duae

88 2196 298 2241 posteriores
340 2195 492 2238 syllabae
525 2198 747 2227 evanuerunt.

85 2267 110 2284 „
119 2242 273 2275 Alteram
297 2241 415 2295 potius
446 2240 620 2274 lectionem
655 2242 750 2284 λογι-

87 2285 179 2329 nou,
213 2287 308 2332 sequi
350 2287 485 2320 videtur
517 2291 552 2320 et
583 2286 662 2320 Fic.
692 2286 749 2331 qui

87 2333 230 2378 interpr.
268 2333 466 2366 rationalem
499 2332 576 2367 vim.
586 2335 609 2350 “
666 2333 749 2366 Ste—

88 2379 218 2424 phanus
241 2378 274 2412 in
297 2390 340 2411 m.
366 2379 436 2412 Sed
463 2390 496 2423 p.
522 2379 600 2414 553.
627 2378 668 2412 C.
693 2378 749 2411 ubi

89 2423 294 2468 λογιστικὸν
330 2424 402 2459 sine
436 2424 665 2469 discrepantia
699 2424 749 2457 le-

88 2471 199 2515 gitur,
240 2471 378 2504 Ficinus
421 2471 503 2504 item
542 2471 749 2505 rationalem

87 2518 159 2550 vim
189 2517 312 2561 posuit.
350 2515 487 2560 λογικοὶ
510 2528 573 2561 pro
597 2518 748 2560 λογιστι-

89 2562 149 2596 κοὶ
173 2562 275 2596 etiam
298 2562 338 2596 L.
363 2563 440 2598 VII.
470 2574 506 2607 Ρ.
530 2565 609 2598 526.
637 2564 679 2597 Β.
712 2562 748 2596 in

88 2608 290 2665 quibusdam
313 2608 509 2665 scriptum
500 2614 563 2644 est.

134 2652 178 2688 τὸ
217 2654 437 2698 θυμοειδες]
471 2652 514 2688 τὸ
559 2667 625 2689 om.
658 2654 745 2689 Lob.

88 2700 182 2734 Mon.
202 2700 242 2734 B.
273 2701 352 2734 Vat.
376 2700 456 2735 ΒΜ.
481 2701 564 2735 Ven.
593 2701 633 2734 C.
666 2702 744 2735 Par.

87 2745 131 2781 D.
154 2746 250 2779 Flor.
273 2746 319 2780 U.

133 2789 222 2835 τήν]
250 2804 313 2825 om.
344 2791 438 2825 Mon.
463 2791 503 2825 B.
534 2791 746 2833 „Observes

87 2841 293 2872 structuram
325 2838 501 2871 verborum
532 2835 597 2871 διὰ
622 2836 664 2873 τὸ
693 2838 742 2883 μὴ

813 1321 930 1356 κακοῦ
956 1318 1098 1377 α’νδρός
1128 1317 1223 1355 εἶναι
1258 1318 1326 1370 τήν
1366 1318 1479 1365 φύσιν

812 1380 876 1423 pro
902 1365 966 1402 διοέ
991 1366 1034 1402 τὸ
1060 1366 1109 1411 μὴ
1141 1365 1256 1406 κακὸς
1282 1370 1377 1401 εἶναι
1407 1366 1478 1423 τὴν

812 1412 941 1457 φύσιν,
957 1414 1011 1447 vel
1032 1412 1094 1447 διὰ
1116 1411 1158 1447 τὸ
1177 1412 1247 1469 τὴν
1266 1424 1379 1457 φυσιν
1391 1412 1478 1472 (311³-

810 1460 908 1503 τοῦ)
950 1458 1022 1503 μὴ·
1038 1460 1156 1493 κακοῦ
1205 1457 1344 1504 ἀνδρὸς
1383 1463 1478 1494 εἰναι

812 1504 1001 1551 (φύσιν)τ
1036 1506 1132 1539 cuius
1165 1506 1256 1539 aliud
1288 1507 1479 1551 exemplum

810 1564 875 1585 non
908 1552 941 1586 in
977 1555 1136 1597 promptu
1160 1553 1333 1587 habemus.
1383 1552 1479 1586 Cave

809 1602 923 1632 tamen
948 1598 1132 1643 quidquam
1157 1598 1478 1633 sollicites.“Stall-

809 1645 964 1677 baumius
1009 1644 1045 1678 in
1085 1656 1153 1677 sec.
1201 1645 1377 1678 Posterior
1415 1656 1477 1678 ex-

809 1690 949 1734 plicatio
991 1701 1075 1723 vera
1121 1694 1174 1723 est
1205 1702 1317 1735 neque
1348 1690 1478 1735 indiget

809 1735 973 1780 exemplo.

854 1782 1005 1825 κακαῖς]
1033 1782 1156 1821 κακῶς
1180 1782 1259 1816 Vat.
1286 1781 1333 1815 M.

853 1826 1068 1871 κεχρῆσθαι]
1089 1827 1151 1861 καὶ
1160 1839 1226 1872 χρη
1213 1828 1326 1861 σθαι
1336 1828 1421 1870 Ang.
1433 1829 1474 1861 Β.

851 1872 987 1916 μέσον]
1013 1872 1146 1916 μέσον,
1173 1874 1258 1907 Lob.
1281 1874 1372 1908 Mon.
1386 1875 1427 1908 B.

851 1917 920 1953 υπ’
954 1917 1178 1975 ἀμφοτέρων
1213 1917 1382 1964 τούτων]
1427 1921 1471 1953 ab

807 1966 860 1999 his
880 1965 956 2000 Fic.
979 1978 1083 2009 υπαμ
1119 1992 1126 1999 .
1153 1979 1184 2000 τ.
1209 1966 1310 2000 Vind.
1336 1966 1379 2000 E.

855 2009 894 2045 ἐν
926 2008 1052 2058 αὐτῷ]
1089 2024 1126 2046 εν
1161 2024 1221 2045 av.
1256 2012 1341 2046 Lob.
1367 2012 1469 2047 Vind.

809 2058 884 2092 EF.
910 2058 985 2093 Ald.
1007 2047 1090 2092 Bas.
1124 2060 1178 2092 ab.
1220 2056 1358 2092 εαυτοῦ
1382 2060 1469 2102 Ang.

804 2105 845 2137 B.
881 2101 919 2137 ἐν
955 2101 1076 2150 εαυτῷ
1115 2105 1195 2139 Par.
1220 2106 1261 2138 A.
1297 2104 1396 2138 Vind.
1426 2105 1469 2138 B.

805 2151 883 2184 Vat.
902 2150 947 2184 H.
971 2151 1162 2192 Bekkems,
1189 2151 1304 2183 Astius
1330 2151 1362 2183 in
1387 2153 1469 2185 tert.

805 2203 839 2230 et
883 2196 1136 2231 Stallbaumius.
1192 2197 1248 2230 Cf
1300 2196 1376 2230 Vol.
1420 2197 1469 2230 II.

805 2254 839 2287 Ρ.
864 2242 946 2284 344,
969 2243 1002 2275 b.
1029 2249 1116 2276 extr.

852 2289 1070 2334 φιλονείκῳ]
1097 2287 1273 2333 φιλονίκῳ
1305 2287 1400 2323 Mon.
1428 2288 1469 2322 Β.

805 2334 899 2368 Flor.
924 2335 969 2368 U.
996 2335 1068 2379 (hic
1093 2347 1113 2368 a
1136 2346 1177 2366 111.
1205 2335 1251 2377 s.)
1276 2333 1354 2368 Ald.

851 2380 1037 2435 Κομιδῇ]
1050 2377 1183 2434 κομιδή
1209 2380 1309 2413 Vind.
1336 2380 1376 2413 F.

853 2427 975 2466 δοκεῖς
994 2424 1063 2470 τήν
1084 2423 1236 2469 τούτου]
1262 2422 1378 2469 λέγεισ
1399 2423 1470 2470 τὴν

805 2473 873 2506 τοῦ
902 2471 1013 2516 λόγου
1038 2474 1138 2507 idem.

851 2517 1012 2563 γένεσιν]
1038 2525 1202 2552 naturam
1226 2515 1299 2551 Fic.

852 2563 1143 2610 διεληλυθέναι]
1192 2560 1470 2607 εἰσεληλυθέναι

804 2612 890 2645 Lob.
915 2612 1014 2645 Vind.
1039 2612 1079 2645 F.
1113 2612 1205 2645 Mon.
1230 2610 1270 2643 B.
1289 2611 1369 2645 Vat.
1388 2609 1467 2642 ΒΜ.

803 2658 887 2690 Ven.
911 2658 951 2692 C.
986 2658 1067 2693 Par.
1094 2658 1170 2692 DK.
1194 2657 1280 2700 Ang
1305 2657 1345 2689 B.
1371 2655 1468 2689 Flor.

838 2746 1017 2792 ”Εχομεν]
1045 2746 1186 2804 ἔχοιμεν
1212 2748 1298 2782 Lob.

847 2795 1037 2828 πολιτείαν
1055 2815 1101 2819 -
1120 2792 1305 2829 υπόθεσιν
1335 2791 1466 2837 προτέ-
1497 2788 1529 2830 C

802 2841 892 2885 ραν]
919 2841 971 2874 bis
994 2840 1154 2887 deinceps
1173 2842 1277 2876 habet
1300 2839 1400 2873 Vind.
1419 2839 1463 2874 E.
