1764 3176
256 121 315 161 54

703 117 1171 160 PLATONIS

255 227 357 278 τούς
396 225 646 279 τοιούτους,
698 229 771 271 καὶ
822 227 955 273 ἄλλον
997 229 1112 286 ἄλλῳ
1153 226 1485 282 παραγγέλλειν,
1527 226 1632 270 ὅταν

192 302 224 341 Ε
254 297 344 353 ἰδίᾳ
385 296 722 350 ξυγγίγνωνται,
778 295 845 340 ὅτι
892 295 1049 351 ἄνδρες
1085 296 1285 352 ἡμέτεροι
1323 294 1430 338 εἰσὶν
1477 293 1633 344 οὐδένς

252 359 322 406 Εὖ
363 360 464 406 οἶδα
513 364 591 418 μὲν
632 358 739 413 οὖν,
793 364 902 421 ἔφη,
944 365 1098 421 ἔγωγε,
1151 363 1217 407 ὅτι
1255 361 1371 406 οὕτω
1410 365 1631 406 ποιοῦσιν.

258 430 438 475 Οὐκοῦν
486 429 629 482 ὥσπερ
676 435 801 486 σῶμα
848 435 1039 484 νοσῶδες
1088 434 1244 488 μικρᾶς
1296 431 1430 486 ῥοπῆς
1473 430 1634 482 ἔξωθεν

251 501 387 543 δεῖται
424 495 753 554 προσλαβέσθαι
793 500 903 554 πρὸς
943 500 993 544 τό
1031 499 1240 555 κάμνειν,
1286 498 1423 541 ἐνίοτε
1472 498 1519 541 δὲ
1560 499 1634 542 καὶ

251 564 358 610 ἄνευ
402 570 490 609 τῶν
529 565 608 618 ἔξω
647 565 863 620 στασιάζει
906 565 1012 612 αὐτὸ
1062 565 1203 624 αὑτῷ,
1248 565 1365 610 οὕτω
1403 564 1456 621 δή
1495 565 1570 609 καὶ
1605 563 1633 621 ἡ

248 633 360 677 κατὰ
389 633 527 678 ταύτοὶ
556 633 706 692 ἐκείνῳ
738 637 985 692 διακειμένη
1023 634 1149 686 πόλις
1184 633 1270 678 ἀπὸ
1303 638 1487 690 σμικρᾶς
1517 648 1632 688 προ-

253 702 428 759 φάσεως
442 737 452 754 ,

500 702 660 754 ἔξωθεν
700 703 984 760 ἐπαγομένων
1012 702 1039 759 ἢ
1077 708 1164 746 τῶν
1193 701 1351 757 ἑτέρων
1380 703 1423 755 ἐξ
1452 699 1632 758 ὀλιγαρ-

248 771 462 826 χουμένης
490 769 656 821 πόλεως
687 770 930 826 ξυμμαχίαν
959 771 990 827 ἦ
1018 775 1107 815 τῶν
1137 769 1298 824 ἑτέρων
1336 768 1384 813 ἐκ
1414 772 1633 826 δημοκρα-

247 840 481 894 τουμένης,
526 842 649 880 νοσεῖ
686 854 730 880 τε
767 839 840 880 καὶ
871 838 981 894 αὐτὴ
1012 837 1124 895 αὑτῇ
1154 838 1359 894 μάχεται,
1418 837 1555 881 ἐνίοτε
1586 837 1632 882 δὲ

161 919 225 953 557
251 907 325 949 καὶ
364 905 469 949 ἄνευ
505 908 594 948 τῶν
630 905 710 956 ἔξω
750 906 989 960 στασιάζει,·
1028 907 1117 950 Καὶ
1157 905 1333 962 σφόδρα
1361 921 1421 961 γε.
1480 909 1632 963 Δημο-

248 975 407 1030 κρατία
437 972 513 1030 δή,
555 970 698 1029 οἶμαι.
741 975 953 1030 γίγνεται,
995 973 1101 1018 ὅταν
1144 975 1187 1017 οἱ
1217 972 1394 1030 πένητες
1422 972 1647 1030 νικήσαν-’

247 1058 314 1093 τες
352 1041 457 1093 τούς
493 1042 572 1097 μὲν
613 1040 901 1086 ἀποκτείνωσι
940 1046 1028 1085 τῶν
1061 1041 1243 1098 ἑτέρων,
1284 1041 1389 1092 τούς
1430 1041 1476 1086 δὲ
1506 1041 1630 1099 ἐκβά-

246 1191 451 1224 ACR'IUV.
499 1191 619 1237 μεστῷ
656 1202 731 1225 cum
770 1191 911 1236 reliquis

246 1236 420 1271 codicibus
445 1226 612 1271 editiones
639 1242 718 1271 ante
741 1238 885 1271 Astium.

293 1300 415 1351 ἄλλῳ]
452 1305 491 1339 In
516 1306 618 1340 Vind.
643 1307 686 1341 Β.
711 1318 730 1339 ο
755 1318 857 1351 super
880 1318 908 1340 ω

245 1340 420 1396 scriptum.

291 1419 572 1465 παραγγέλλειν]
596 1421 750 1455 Alterum
774 1423 793 1454 λ
815 1421 909 1455 Mon.

244 1467 284 1499 B.
328 1478 349 1500 a
379 1478 422 1500 m.
463 1479 490 1500 s.
536 1467 803 1513 superscriptum
847 1469 909 1501 ha—

244 1514 316 1547 bet.

289 1555 485 1613 ἡμέτεροι]
537 1555 720 1603 νμέτεροι.
766 1571 841 1592 cum
885 1571 907 1602 η

243 1616 345 1659 supffl
386 1617 408 1638 ν
448 1605 546 1639 Vind.
580 1607 620 1640 B.
668 1604 704 1639 οἱ
736 1601 910 1649 ἡμέτεροι

244 1648 417 1684 πλούσιοι
448 1650 533 1685 Lob.
559 1653 644 1695 Ang.
675 1653 716 1685 B.
750 1652 828 1685 Vat.
858 1652 907 1686 M.

244 1697 319 1730 Ald.
341 1697 418 1730 Bas.
446 1698 499 1730 ab.
523 1698 642 1742 Steph.
667 1699 740 1731 Ast.
766 1709 819 1741 pr.
840 1709 907 1731 sec.

244 1742 338 1776 Idem
371 1754 432 1787 pro
475 1755 508 1777 v.
541 1743 564 1778 l.
609 1744 713 1777 habet
752 1744 836 1777 Ven.
869 1744 911 1777 Β.

244 1784 416 1831 ἡμέτεροι
470 1786 644 1823 πλούσιοι
697 1789 772 1822 Ast.
828 1793 907 1822 tert.

965 1191 1175 1225 Lob.v1nd.
1209 1191 1284 1225 BE.
1320 1190 1502 1226 Vat.13M.
1537 1173 1629 1226 mor}

966 1238 1010 1271 T.
1037 1237 1193 1272 cf.V01.
1218 1238 1262 1270 11.
1287 1249 1320 1282 p
1345 1237 1436 1279 344,
1459 1249 1490 1270 a

1012 1279 1061 1327 ἢ]
1086 1279 1110 1326 ἢ
1137 1283 1238 1317 Vina]
1262 1283 1301 1316 F.
1328 1287 1407 1316 ante
1431 1294 1519 1317 corr.

1011 1328 1106 1362 κατὰ
1157 1326 1303 1372 ταύτὰ]
1366 1326 1462 1362 κατὰ
1508 1329 1630 1363 ταῦτα

965 1374 1051 1408 Lob.
1087 1375 1195 1408 Vind.
1221 1375 1261 1408 F.
1297 1372 1387 1408 κατ’
1422 1371 1522 1408 αὐτὰ
1547 1377 1628 1410 vat.
1687 1350 1725 1391 *b

965 1421 1009 1454 H.
1042 1421 1134 1454 Flor.
1158 1421 1235 1454 UV.
1268 1418 1363 1454 κακὰ
1398 1419 1518 1454 ταυτα
1552 1421 1628 1455 Ald.

965 1467 1044 1500 Bas.
1070 1478 1101 1500 a.
1125 1464 1218 1510 μετὰ
1243 1464 1359 1500 ταυτά
1388 1467 1468 1500 Bas.
1494 1467 1529 1500 b.

1013 1510 1088 1546 ἀπὸ
1133 1512 1306 1557 σμικρᾶς]
1350 1508 1485 1556 α’ποσμ.
1528 1512 1627 1548 Vind.

966 1559 1009 1593 E.
1044 1559 1083 1591 In
1106 1559 1181 1591 ΑΜ.
1200 1559 1280 1592 Bas.
1307 1559 1361 1592 ab.
1391 1559 1524 1603 steph.
1538 1571 1627 1592 com-

965 1617 1019 1638 ma
1062 1608 1141 1638 ante
1182 1605 1266 1638 haec
1304 1604 1450 1649 positum
1482 1607 1518 1638 et
1550 1610 1629 1651 post

965 1660 1189 1707 προφασεως
1213 1650 1371 1684 omissum
1401 1654 1466 1684 est

1013 1694 1250 1740 ἐπαΙΟμένων
1290 1692 1313 1740 ἢ
1357 1697 1432 1730 τῶν

967 1739 1126 1786 ετέρων]
1152 1755 1216 1778 om.
1246 1743 1344 1777 Viud.
1369 1743 1412 1778 Ε.

1012 1798 1049 1842 εξ
1069 1797 1402 1845 ὀλιγαρχουμένης]
1425 1797 1516 1843 ἕξολ.
1528 1801 1627 1835 Vind.

1466 1716 1512 1722 —·
1552 1710 1628 1731 των

244 1834 367 1868 Stallb.
402 1845 453 1878 pr.
486 1833 660 1869 πλούσιοι
696 1833 766 1878 γὰρ
799 1832 909 1869 οὐδὲν
966 1846 996 1879 F

244 1880 306 1914 int.
336 1891 437 1916 vers.
477 1892 499 1915 a
540 1893 583 1915 m.
623 1892 650 1914 s.
688 1881 837 1914 additum
874 1882 910 1915 in

244 1926 336 1960 Flor.
366 1927 412 1960 T.
444 1955 446 1957 ,

257 1998 260 2000 -
294 1971 412 2016 εἰσὶν]
447 1969 518 2015 γάρ
555 1971 644 2006 εἰσιν
668 1975 755 2016 Ang.
780 1973 819 2007 Β.
838 1971 908 2006 εἰσὶ

247 2016 317 2061 γὰρ
353 2017 453 2053 Vind.
492 2018 566 2053 BF.
608 2020 688 2054 vat.
731 2020 774 2054 H.
814 2019 906 2053 Flor.

245 2064 419 2098 ACRTV.
461 2064 691 2098 Additamenti
722 2066 816 2109 origo
863 2066 906 2098 ab

244 2110 541 2155 interpunctione,
567 2122 667 2155 quam
692 2123 734 2144 ex
756 2111 904 2146 Vind.B.

244 2157 424 2198 annotavi,
448 2158 635 2202 repetenda
658 2157 803 2191 videtur.

291 2210 401 2257 οἶδα]
436 2218 516 2259 post
548 2212 614 2257 μὲν
649 2208 718 2249 οὖν
751 2215 843 2249 Μοῃ.
864 2216 905 2248 Β.

242 2259 334 2293 Flor.
359 2260 404 2293 U.

290 2303 386 2349 ἔφη]
414 2303 507 2349 ἔφην
531 2307 622 2340 Flor.
635 2308 680 2341 U.

290 2351 394 2394 σῶμα
417 2353 602 2397 νοσῶδες]
639 2350 808 2397 σώματος
833 2353 907 2388 ιόδε

243 2397 344 2430 Vind.
389 2398 428 2431 F.
482 2405 518 2433 et
560 2411 676 2444 margo
732 2400 823 2433 Flor.
865 2403 906 2434 A.

245 2443 368 2487 (τάδε)

289 2489 443 2533 μικρᾶς]
496 2491 650 2535 σμικρᾶς
689 2491 790 2525 Vind.
832 2491 905 2525 EF.

247 2536 318 2569 Ast.
345 2536 400 2569 Cf.
425 2536 499 2570 Vol.
526 2538 551 2570 Ι.
577 2550 610 2582 p.
631 2537 710 2578 287,
736 2550 765 2571 a.

264 2591 592 2647 Υπροσλαβέσθαι]
637 2607 701 2630 om.
742 2596 820 2629 Vat.
863 2595 908 2627 B.

245 2639 263 2672 x
277 2638 501 2728 Θὲταὲιᾶζει]
525 2684 730 2727 στασιάζειν
741 2686 815 2720 Ald.
826 2687 905 2719 Bas.

248 2730 419 2820 db'afizqs]
457 2773 515 2810 αὐ.
559 2777 658 2811 Vind.
695 2778 756 2820 F..
787 2777 906 2811 ἑαυτῶ

999 1871 1238 1936 ξυμμαχίαν]
1292 1901 1396 1934 συμμ.
1440 1893 1540 1928 Vind.
1584 1894 1624 1927 Β.

966 1937 1058 1972 Mon.
1083 1938 1123 1970 B.
1160 1938 1252 1971 Flor.
1279 1939 1454 1972 ACTUV.
1489 1939 1626 1982 ξυμμα-

963 1983 1024 2026 χία
1049 1983 1173 2017 Stal'b.

1011 2026 1133 2074 αυτῇ]
1176 2026 1235 2063 αυ’.
1279 2030 1379 2064 Vind.
1423 2030 1463 2063 F.
1508 2027 1624 2086 εαυτῆ

963 2075 1048 2110 Lob.
1075 2075 1173 2109 Vind.
1198 2076 1239 2109 B
1265 2078 1344 2110 vat.
1364 2077 1441 2111 ΒΜ,
1466 2073 1627 2116 ἑαυτοὺς

963 2121 1214 2208 Ἧὲῗασῐῗαζει·
1206 2168 1239 2211 ,]
1265 2165 1458 2209 στασιάζει.
1475 2169 1505 2199 V
1507 2168 1573 2202 ind.
1586 2169 1625 2202 Β.

963 2213 1038 2247 Ald.
1064 2214 1143 2246 Bas.
1169 2214 1223 2247 ab.
1248 2212 1454 2258 στασιάζει,
1479 2214 1624 2250 Mon.B.

1009 2271 1188 2315 γίγνεται]
1223 2284 1288 2307 om.
1319 2272 1406 2306 Lob.
1440 2274 1519 2307 Vat.
1542 2273 1693 2309 BM.557

965 2317 1051 2352 Ven.
1083 2318 1124 2351 C.
1161 2318 1240 2350 Par.
1274 2318 1352 2354 DK.
1394 2330 1469 2353 sec.
1513 2320 1626 2353 Bekk.

965 2366 1002 2397 et
1034 2375 1054 2397 a
1086 2375 1128 2396 m.
1155 2375 1206 2408 pr.
1242 2365 1334 2399 Mon.
1367 2365 1409 2398 B.
1444 2365 1503 2409 (in
1534 2377 1578 2400 m.
1605 2377 1626 2400 a

964 2421 1008 2444 m.
1033 2420 1059 2442 s.
1096 2410 1226 2464 habet.)
1599 2429 1601 2432 ⁴

1008 2453 1098 2494 τοὺς
1131 2453 1199 2500 δὲ]
1239 2455 1328 2496 τοὺς
1370 2455 1413 2491 δ’
1453 2459 1538 2502 Ang.
1582 2459 1623 2493 B.

962 2498 1094 2536 τούσδ’
1128 2503 1228 2536 Vind.
1254 2504 1304 2536 F.

965 2544 1268 2628 νιὶᾜβαέέωὖρῃ
1286 2546 1516 2629 Ἕβαῗῖῗωκ
1537 2549 1622 2629 ¹3⁰⁶·

1057 2618 1065 2626 .
1154 2620 1161 2627 .
1273 2621 1279 2627 .
1341 2621 1348 2629 .
1410 2608 1430 2630 a
1451 2621 1459 2629 .
1519 2621 1527 2629 .
1571 2608 1623 2630 ec.

965 2640 1075 2673 Bekk.
1099 2641 1177 2675 Vat.
1197 2641 1246 2674 Μ.

1012 2682 1048 2726 ἐξ
1081 2686 1184 2730 ἴσον]
1234 2684 1353 2729 ἐξίσου
1395 2687 1480 2721 Lob.
1523 2687 1622 2721 Vind.

966 2732 1067 2765 BEF.
1095 2733 1186 2770 Mon.
1205 2734 1244 2766 B.
1270 2734 1343 2766 Ald.
1372 2734 1452 2767 Bas.
1477 2735 1531 2767 ab.

1011 2779 1215 2823 μεταδῶσι]
1240 2777 1444 2822 μεταδώσει
1466 2779 1564 2813 Vind.
1583 2779 1622 2812 F.

1052 2864 1068 2882 θ
