1764 3176
574 170 1059 215 EDITORIS.
1476 191 1525 214 111

127 287 254 322 matice
278 285 459 322 doctorum
482 288 590 323 multo
617 298 722 332 supra
739 287 830 323 hanc
849 290 1049 324 memoriam
1073 289 1214 325 remotis
1242 289 1406 334 adituque
1422 290 1465 325 ab
1481 301 1523 325 ea

126 349 227 388 parte
243 344 375 378 munito
397 345 550 388 reliquae
578 346 627 379 ita
648 350 871 389 comparatae
892 346 1116 389 videbantur,
1140 351 1178 381 ut
1202 348 1419 382 accuratiore
1443 358 1523 382 ver-

125 401 246 435 borum
285 402 596 445 interpretatione,
634 413 777 445 quorum
804 404 861 438 isti
898 403 1140 453 incuriosiores
1165 404 1327 447 fuissent,
1366 405 1523 448 superari

126 462 287 502 possent,
333 458 438 503 idque
465 469 508 493 eo
542 458 694 501 felicius,
737 470 805 504 quo
844 461 971 495 certius
1010 459 1113 495 hodie
1152 460 1196 496 de
1232 466 1331 496 textu
1365 462 1522 497 Platonis

124 519 315 550 constaret.
1024 522 1025 530 ¹

237 583 426 617 Consilium
454 587 570 617 autem
592 581 691 617 huius
708 582 904 626 scriptionis
923 594 992 617 non
1012 582 1079 617 hoc
1102 587 1176 626 est,
1205 587 1243 617 ut
1262 584 1432 627 omnium,
1464 584 1522 628 qui

125 638 170 673 de
195 639 316 673 eodem
337 649 481 674 numero
506 641 701 684 scripsere,
730 640 909 683 opiniones
934 645 1197 684 recenseantur,
1227 651 1340 684 neque
1364 641 1451 683 hoc,
1483 645 1523 675 ut

123 696 352 730 ostendantur
374 701 409 730 et
436 697 655 731 declarentur
683 697 818 738 omnia,
849 707 938 739 quae
964 708 1107 731 numero
1138 698 1296 731 Platonis
1321 699 1372 731 rel
1397 698 1521 731 funda-

122 753 231 787 menti
264 753 376 787 instar
404 754 577 787 substrata
606 755 675 788 sint
706 753 922 787 theoremata
950 755 1003 787 rel
1033 755 1155 788 instrui
1184 765 1288 798 posse
1318 754 1520 788 videantur:

120 814 304 853 utrumque
329 811 418 844 enim
442 812 582 854 longum
609 814 719 845 esset:
750 810 811 844 sed
844 811 944 843 unius
977 812 1125 845 maxime
1144 811 1373 845 memorabilis
1411 812 1520 845 inter-

120 867 229 910 pretis
259 868 429 901 sententia
457 869 637 912 explorata
665 871 820 901 nostram
847 867 890 900 de
921 868 1172 910 significatione
1206 863 1386 902 verborum
1413 880 1454 901 ac
1477 868 1521 902 de

121 933 225 957 seusu
252 924 359 958 totius
387 925 454 958 loci
483 925 681 968 opinionem
711 935 811 967 quam
841 924 914 957 fieri
941 925 1069 967 poterit
1094 925 1292 958 brevissime
1310 936 1521 969 exponemus

121 980 336 1024 eandemque
363 981 559 1015 Aristotelis
597 986 632 1015 et
666 982 808 1015 aliorum
835 986 1009 1023 veterum,
1049 993 1191 1025 quorum
1226 987 1342 1015 aetate
1368 982 1519 1016 nondum

123 1038 313 1072 exstinctus
338 1042 429 1072 esset
446 1039 516 1072 reri
536 1049 656 1072 sensus
669 1064 679 1083 ,
709 1038 812 1072 fuisse
828 1037 1136 1072 demonstrabimus
1149 1065 1158 1081 ,
1194 1044 1309 1073 cetera
1328 1038 1520 1073 mathema-

121 1094 282 1137 ticorum,
309 1095 463 1139 inprimis
481 1101 770 1140 astronomorum,
806 1095 933 1128 iudicio
953 1096 1116 1130 relicturi.

236 1173 339 1207 Initio
364 1159 470 1217 isgitur
500 1175 578 1208 libri
609 1175 770 1208 Civitatis
800 1174 1001 1209 Platonicae
1028 1175 1140 1208 octavi
1160 1174 1327 1208 Socrates
1356 1185 1520 1218 expressa

123 1230 275 1273 optimae
291 1232 342 1264 rei
366 1231 523 1274 publicae
553 1232 739 1274 optimique
758 1230 903 1264 hominis
922 1231 1032 1265 forma
1052 1231 1096 1266 ad
1122 1232 1312 1266 deteriores
1337 1242 1521 1265 conversus

121 1288 267 1330 primum
301 1287 534 1330 indagandum
564 1298 640 1321 esse
666 1292 805 1330 censet,
836 1289 893 1331 qui
917 1289 990 1321 fieri
1018 1290 1149 1332 possit,
1180 1293 1218 1322 ut
1243 1289 1299 1322 illa
1325 1288 1521 1332 respublica

119 1345 418 1386 praestantissima
445 1345 655 1379 immutetur.
711 1345 750 1378 Id
785 1345 851 1378 nisi
881 1345 1085 1379 dissentiant
1116 1346 1206 1379 inter
1235 1355 1273 1379 se
1298 1347 1520 1388 magistratus

119 1400 280 1435 accidere
301 1412 404 1444 posse
422 1412 553 1445 negans
574 1413 641 1445 qua
664 1412 706 1435 ex
726 1412 763 1435 re
783 1413 824 1435 ea
845 1402 1013 1436 dissensio
1033 1403 1176 1448 oriatur,
1197 1402 1316 1436 Musas
1332 1402 1520 1436 secundum

119 1456 306 1491 Homerum
338 1463 376 1492 ut
405 1459 469 1492 sibi
498 1459 614 1492 dicant
644 1459 801 1492 advocat.
860 1459 1021 1493 Vocatae
1055 1460 1195 1493 veniunt
1224 1464 1259 1493 et
1277 1460 1410 1502 tragice
1429 1460 1522 1493 velut

118 1513 211 1557 apud
249 1525 375 1558 pueros
413 1516 621 1550 ludibundae
660 1520 695 1549 et
729 1516 928 1549 cavillantes
972 1516 1063 1551 serio
1094 1527 1133 1551 se
1172 1516 1289 1551 dicere
1318 1517 1520 1550 simulantes

117 1571 301 1614 magnifice
318 1571 410 1607 hunc
425 1572 498 1607 fere
513 1573 549 1607 in
568 1573 708 1607 modum
726 1573 930 1616 loquuntur:

231 1650 389 1685 Difficilis
427 1652 563 1695 quidem
595 1653 779 1686 commotio
810 1653 859 1686 rei
885 1652 1042 1696 publicae
1073 1653 1124 1685 sic
1155 1652 1377 1685 constitutae.
1445 1650 1518 1685 Sed

118 1715 222 1748 quum
243 1713 356 1741 ortum
375 1719 475 1743 omne
493 1710 654 1750 intereat,
683 1719 728 1742 ne
743 1710 821 1742 talis
839 1710 976 1752 quidem
994 1710 1194 1742 constitutio
1215 1713 1340 1741 cuncto
1360 1708 1520 1751 persistet

118 1766 297 1806 tempore,
326 1765 388 1798 sed
407 1766 568 1799 solvetur.
629 1766 764 1798 Solutio
796 1771 910 1798 autem
930 1765 1015 1798 baec
1045 1769 1108 1799 est.
1167 1764 1244 1798 Non
1267 1765 1376 1797 solum
1393 1765 1519 1807 plantis

118 1823 232 1853 terrae
253 1821 385 1862 insitis,
410 1832 527 1855 verum
548 1823 651 1855 etiam
681 1823 715 1854 in
736 1826 830 1855 terra
849 1823 1064 1855 versantibus
1085 1822 1286 1855 animalibus
1306 1820 1463 1855 fertilitas
1485 1826 1519 1855 et

118 1876 283 1910 sterilitas
302 1878 407 1911 animi
429 1888 679 1921 corporumque
695 1878 843 1920 accidit,
873 1879 1011 1922 quando
1039 1879 1279 1912 conversiones
1301 1879 1443 1921 singulis
1460 1889 1518 1912 or·-

118 1933 210 1966 bium
242 1934 404 1968 circuitus
431 1935 642 1978 coniungunt
660 1935 762 1968 breve
785 1936 924 1969 victuris
948 1937 1082 1977 breves,
1113 1936 1295 1969 contrariis
1314 1936 1516 1969 contrarios.

119 1990 268 2024 Generis
290 1995 406 2026 autem
437 1993 539 2025 vestri
568 1992 814 2026 fecunditatem
845 1997 880 2026 et
909 1994 1125 2027 sterilitatem
1159 1992 1312 2035 quamvis
1342 1992 1518 2035 sapientes

117 2047 188 2080 sint
215 2058 300 2090 quos
319 2048 364 2082 ad
386 2048 574 2092 regendam
594 2050 671 2082 rem
695 2050 865 2093 publicam
895 2050 1090 2084 instituistis
1124 2049 1229 2083 nihilo
1253 2050 1364 2092 magis
1383 2050 1518 2083 ratione

121 2113 199 2137 cum
220 2115 323 2138 sensu
343 2110 588 2149 assequentur,
617 2106 679 2140 sed
713 2105 822 2150 fugiet
848 2117 908 2140 eos
928 2112 964 2141 et
985 2107 1200 2150 generabunt
1216 2107 1344 2140 liberos
1361 2107 1518 2149 quando-

120 2171 208 2204 que,
238 2171 315 2195 cum
345 2174 415 2196 non
439 2163 622 2198 debebunt.
682 2159 756 2196 ε’στι
783 2162 824 2196 δὲ
852 2163 948 2210 θείῳ
975 2174 1043 2206 μεν
1071 2161 1236 2230 γεννητῗῷ
1267 2161 1444 2205 περίοδος
1468 2156 1518 2206 ἣν

120 2211 287 2260 ἀριθμὸς
319 2214 584 2264 περιλαμβάνει
605 2215 766 2262 τέλειος,
796 2214 1021 2264 ἀνθρωπείῳ
1052 2216 1092 2254 δὲ
1122 2216 1160 2253 ἐν
1181 2218 1209 2265 ᾡ
1242 2215 1379 2265 πρώτῳ
1400 2214 1517 2264 αὐξή-

121 2283 197 2313 σεις
225 2271 433 2318 δυνάμεναί
459 2286 498 2309 τε
532 2274 595 2310 καὶ
625 2272 941 2319 δυναστευόμεναι
967 2278 1066 2320 τρεῖς
1089 2271 1316 2314 ἀποστάσεις
1335 2272 1516 2319 τέτταρας

119 2325 159 2363 δὲ
177 2323 292 2374 ὅρους
319 2332 499 2378 λαβοῦσαι
528 2326 759 2376 ὁμοιούντων
779 2345 817 2367 τε
836 2332 898 2368 καὶ
922 2329 1204 2377 ἀνομοιούντων
1235 2332 1297 2366 καὶ
1321 2327 1516 2374 αὐξόντων

120 2385 185 2420 καὶ
202 2385 426 2430 φθινόντων
442 2387 568 2423 πάντα
588 2386 805 2434 προσήγορα
822 2390 884 2425 καὶ
903 2388 998 2434 ῥητὰ
1017 2387 1113 2434 πρὸς
1132 2384 1274 2433 ἄλληλα
1291 2385 1513 2433 ἀπέφηναν

121 2436 176 2477 ὧν
207 2441 395 2489 ἐπίτριτος
428 2444 586 2491 πυθμὴν
612 2443 783 2490 πεμπάδι
808 2446 975 2491 συζυγεὶς
1003 2446 1070 2482 δύο
1105 2440 1287 2490 ἁρμονίας
1313 2443 1515 2490 παρέχεται

119 2497 202 2543 τρὶς
235 2497 437 2547 αὐξηθεὶς,
474 2500 544 2548 τὴν
570 2499 637 2547 μὶν
663 2502 746 2547 ἴσην
773 2501 895 2544 ἰσάκις
927 2499 1060 2538 ἑκατὸν
1089 2500 1338 2547 τοσαυτάκις,
1376 2501 1443 2547 τὴν
1474 2499 1514 2538 δὲ

120 2552 281 2602 ἰσομήκη
301 2555 385 2602 μὲν,
415 2559 461 2606 τῇ
478 2556 663 2605 προμήκει
683 2557 743 2603 δὲ,
775 2557 907 2596 ἑκατὸν
928 2559 997 2604 μὲν
1017 2555 1193 2604 ἀριθμῶν
1213 2555 1288 2595 άπὸ
1307 2557 1514 2604 διαμέτρων

121 2611 246 2657 ῥητῶν
266 2612 460 2658 πεμπάδος
480 2614 666 2660 δεομένων
679 2606 769 2657 ιἑνὸς
791 2614 967 2661 Ιἓκάστοη,
989 2613 1160 2663 άῤῥήτων
1181 2613 1221 2652 δὲ
1243 2617 1359 2660 δυεῖν,
1382 2613 1514 2651 ἑκατὸν

119 2666 161 2703 δὲ
179 2668 304 2716 κύβων
331 2670 495 2716 τριάδος.
526 2670 674 2717 ξύμπας
697 2672 736 2709 δὲ
759 2669 870 2715 οὗτος
889 2670 1055 2719 ἀριθμὸς
1075 2671 1319 2718 γεωμετρικὸς
1337 2669 1514 2708 τοιούτου

119 2722 271 2771 κύριος,
301 2723 512 2772 ἀμεινόνων
544 2742 582 2765 τε
613 2730 676 2764 καὶ
696 2730 877 2774 χειρόνων
904 2729 1099 2775 γενέσεων·
1134 2726 1180 2771 ὃς
1200 2727 1291 2765 ὅταν
1307 2726 1513 2775 άγνοήσαν-

96 2795 179 2822 »τες
207 2780 296 2826 ὑμῖν
316 2786 353 2820 οὶ
379 2783 545 2828 φύλακες
577 2788 811 2828 συνοικίζωσι
841 2787 995 2832 νύμφας
1019 2788 1198 2832 νυμφίοις
1227 2785 1334 2829 παρὰ
1366 2784 1511 2832 καιρὸν,

118 2835 187 2875 οὐκ
207 2836 362 2886 εὐφυεῖς
381 2838 467 2878 οὐδ’
489 2839 656 2888 εὐτυχεῖς
677 2846 807 2887 παῖδες
833 2844 993 2882 ἔσονται.
1015 2845 1067 2890 (p.
1088 2843 1167 2883 546.
1191 2846 1334 2892 Steph.)

1150 2910 1229 2951 A2
