1764 3176
553 180 1034 226 EDITORIS.
1409 194 1506 222 xxv

106 303 421 351 septingentesimo
440 304 493 349 bis
518 302 610 337 mille
634 303 855 347 septingenta
875 302 982 344 dixit,
1012 311 1123 345 neque
1145 300 1180 335 id
1211 304 1342 335 temere
1366 302 1427 332 aut
1444 298 1507 340 ita,

117 370 157 399 ut
176 362 320 406 intelligi
339 373 360 395 a
378 361 515 396 nemine
543 365 673 404 posset.
732 359 822 393 Nam
851 360 1042 393 litterarum
1075 358 1212 401 quidem
1241 361 1344 391 notas
1368 355 1508 389 easdem

116 420 241 463 integri
260 418 394 454 numeri
411 423 514 462 atque
532 417 753 460 cognomines
785 420 902 449 eorum
923 416 1114 459 particulae
1135 414 1330 455 habebant,
1359 423 1426 446 nec
1443 411 1510 445 dif-

115 477 274 512 ferebant
304 476 370 510 nisi
389 487 452 518 eo,
483 473 574 518 quod
603 474 848 518 particularum
874 473 966 507 notis
994 476 1135 513 acutus,
1166 473 1376 514 integrorum
1394 473 1510 503 trans-

115 558 215 583 versa
231 547 320 582 linea
351 544 716 590 superimponebatur,
746 554 814 587 quo
835 544 958 585 fiebat,
988 547 1027 577 ut
1048 541 1115 590 {iffi
1141 547 1342 585 utrumque,
1373 541 1512 590 &¹1²4ss-

114 609 249 648 tegrum
271 604 375 644 2700,
405 596 489 650 fl‘w‘
511 601 715 644 particulam
732 597 847 651 §7¹66
876 601 1098 644 significaret.
1155 600 1209 634 Ea
1231 599 1274 633 de
1293 610 1330 632 re
1346 598 1512 642 legendus

116 666 170 696 est
198 655 430 695 Friedericus'
451 658 671 701 a·-Drieberg
700 658 734 691 in
758 656 857 691 'libro
888 657 1070 701 inscripto:
1118 658 1186 691 Die
1215 656 1425 691 Arithmetilc
1450 656 1514 689 der

116 718 300 759 Griechen,
329 720 427 760 parte
444 716 565 759 prima,
595 725 629 758 p.
648 715 704 748 72.
727 715 823 748 cuius
841 715 903 748 viri
920 714 1204 758 praestantissimi
1226 723 1332 756 opera
1352 709 1520 746 effectum'

117 779 183 818 est,
211 774 362 808 utnobis
378 783 446 807 non
474 770 616 806 necesse
638 771 683 804 sit
703 782 744 805 ea
766 781 855 814 quae
873 771 917 804 de
935 772 1114 815 particulis
1141 770 1402 813 cognominibus
1424 769 1514 803 dixi·-

117 842 210 874 mus,
239 830 322 874 ipsis
343 831 560 863 Graecorum
593 833 774 861 auctorum
802 828 913 864 verbis
944 830 1167 868 confirmare3
1200 828 1258 861 ille
1289 827 1379 860 enim
1405 831 1442 861 et
1461 827 1514 860 lo-

119 899 179 923 cos
198 897 317 922 eorum
346 886 552 929 significavit
567 889 603 918 et
619 896 691 919 rem
719 885 902 928 perspicue
932 889 967 919 et
985 889 1108 927 acute,
1139 888 1178 917 ut
1204 885 1314 925 solet,
1344 883 1516 927 exposuit.

117 945 342 988 Inspiciamus
375 944 480 986 igitur
511 943 655 976 alterum
690 943 779 975 latus
803 936 938 975 ἑκατὸν
974 935 1152 984 ἀριθμῶν
1187 933 1262 974 ἀπὸ
1292 936 1514 983 διαμέτρων,

118 1006 154 1036 et
169 1002 366 1041 videamus,
395 1011 437 1034 an
459 1009 640 1040 numerus,
672 1000 728 1042 qni
745 999 916 1042 particula
936 998 987 1032 bis
1009 999 1185 1033 millesima
1206 998 1514 1042 septingentesima

116 1059 361 1102 multiplicatus
389 1054 513 1090 cubum
543 1057 718 1090 novenarii
744 1055 922 1099 producit,
954 1056 1021 1089 dici
1050 1056 1159 1099 possit
1176 1065 1253 1089 esse
1268 1050 1404 1088 ἑκατὸν
1432 1049 1514 1098 ἄρι-

117 1113 229 1158 θμῶν
275 1108 349 1148 ἀπὸ
382 1110 592 1156 διαμέτρων
635 1109 757 1155 ῥητῶν
781 1109 977 1155 πεμπάδος
1008 1108 1194 1155 δεομένων
1223 1107 1306 1150 ἑνὸς
1334 1107 1514 1154 ἑκάστων,

117 1164 292 1215 ἇῤῥὴτων
320 1165 361 1204 δὲ
380 1168 494 1204 δυεῖν.
551 1168 666 1212 Atque
695 1168 762 1202 hoc
783 1170 860 1203 loco
879 1170 1026 1203 maxima
1051 1170 1166 1212 gratia
1185 1169 1330 1202 debetur
1347 1169 1515 1213 Barocio,

118 1229 176 1272 qui
205 1229 333 1272 primus
370 1228 550 1261 verborum
581 1227 899 1260 obscurissimorum
928 1237 1065 1260 sensum
1092 1226 1270 1270 perspexit
1302 1230 1337 1260 et
1367 1226 1515 1270 aperuit,

118 1286 241 1331 quibus
267 1295 335 1318 non
364 1283 548 1318 intellectis
568 1284 776 1326 interpretes
797 1284 870 1317 fieri
898 1295 965 1317 non
987 1288 1125 1327 poterat
1142 1288 1179 1316 ut
1200 1294 1302 1317 verae
1323 1284 1429 1317 totius
1448 1293 1514 1316 nu-

117 1342 204 1377 meri
223 1341 396 1375 Platonici
414 1340 708 1384 interpretationis
729 1351 862 1374 cursum
882 1345 1050 1375 tenerent.
1108 1342 1229 1383 Itaque
1247 1340 1303 1374 alii
1319 1342 1386 1374 alio
1407 1339 1516 1374 delati

117 1403 210 1441 sunt,
239 1398 407 1432 Barocius
422 1402 547 1440 autem,
578 1407 783 1440 quamquam
807 1409 850 1432 ne
871 1398 946 1442 ipse
962 1399 1098 1441 quidem
1120 1402 1256 1441 portum
1277 1398 1381 1441 cepit,
1411 1407 1515 1441 quum

117 1457 152 1490 in
173 1456 248 1489 aliis
270 1455 426 1499 partibus
453 1454 675 1496 offendisset,
704 1453 794 1488 hunc
825 1455 963 1498 quidem
992 1457 1170 1499 scopulum
1196 1455 1370 1498 superavit
1388 1454 1516 1488 felicis-

117 1513 214 1548 sime.
272 1511 394 1556 Neque
420 1522 502 1545 vero
523 1511 624 1545 laude
643 1522 702 1545 sua
729 1522 850 1546 carere
875 1513 1046 1556 patiamur
1079 1513 1243 1546 Iacobum
1264 1512 1413 1545 Fabrum
1432 1512 1516 1550 Sta-

117 1571 317 1614 pulensem,
348 1569 445 1602 cuius
473 1579 581 1611 opera
611 1568 765 1612 inprimis
793 1570 947 1603 adiutum
970 1581 1046 1603 sese
1064 1569 1234 1602 Barocius
1253 1569 1426 1612 professus
1451 1572 1517 1602 est.

117 1626 174 1661 Ex
195 1625 315 1660 horum
344 1626 450 1669 igitur
469 1625 722 1659 duumvir-orum
753 1627 926 1660 laboribus
945 1638 1007 1661 nos
1033 1626 1120 1660 haec
1139 1627 1350 1668 colligimus,
1383 1625 1518 1659 diversa

117 1684 304 1727 paullulum
332 1683 376 1716 ab
408 1683 471 1724 iis,
512 1693 600 1726 quae
632 1683 843 1725 collegerunt
873 1684 958 1727 ipsi,
990 1694 1167 1717 numerum
1205 1694 1226 1715 a
1247 1683 1423 1716 diametris
1451 1681 1518 1716 hoc

119 1741 198 1774 loco
219 1750 297 1773 eum
319 1750 417 1781 esse,
455 1739 512 1782 qui
531 1743 668 1773 constet
687 1740 863 1782 quadratis
885 1740 1063 1782 diametri,
1094 1750 1162 1773 non
1184 1750 1251 1782 quo
1268 1740 1365 1783 ipsae
1384 1739 1518 1772 diame-

118 1797 164 1830 tri
180 1797 248 1830 sint
265 1796 398 1830 numeri
419 1796 592 1838 quadrati,
622 1796 684 1829 sed
703 1797 793 1838 quod
813 1797 1022 1840 praepositio
1049 1791 1122 1829 ἀπὸ
1151 1806 1226 1829 eam
1243 1797 1308 1829 vim
1332 1795 1448 1838 habet,
1479 1799 1519 1830 ut

117 1863 338 1898 progressum
350 1856 386 1886 et
397 1852 632 1886 dilatationem
645 1863 665 1885 a
677 1854 786 1887 latere
798 1853 832 1887 in
849 1853 1054 1896 quadratum
1070 1853 1251 1895 significet.
1280 1854 1341 1886 Sic
1351 1853 1518 1887 Socrates

117 1910 153 1944 in
163 1911 312 1944 Menona
322 1910 492 1951 Platonis,
508 1913 546 1943 ut
558 1919 626 1942 uno
640 1908 809 1943 duntaxat
821 1911 977 1954 exemplo
990 1921 1045 1944 res
1058 1911 1196 1944 minime
1209 1911 1356 1943 obscura
1369 1911 1518 1944 illustre-

118 1971 188 2009 tur,
218 1977 252 2010 p.
272 1966 329 2001 83.
347 1966 387 2000 Β.
405 1966 524 2011 Steph.
549 1960 623 1998 ἀπὸ
643 1964 710 2009 τῆς
729 1965 938 2009 διπλασίας,
968 1968 1087 2011 inquit,
1119 1961 1163 2000 οὐ
1183 1961 1395 2009 διπλάσιον,
1425 1959 1518 2000 ἀλλὰ

117 2017 390 2065 τετραπλάσιον
405 2022 566 2065 γίγνεται
586 2021 736 2065 χωρίον.
765 2025 887 2067 Itaque
900 2018 1064 2067 ἀριθμὸς
1076 2016 1152 2057 ἀπὸ
1171 2021 1374 2066 διαμέτρου
1391 2028 1442 2058 est
1453 2034 1517 2058 nu-

119 2090 233 2114 merus
247 2079 405 2114 diametri
422 2079 623 2123 quadratus,
639 2080 681 2113 ab
700 2081 776 2124 ipsa
788 2081 955 2115 diametro
967 2081 1154 2125 profectus.
1182 2081 1352 2115 Numerus
1368 2086 1482 2115 autem
1495 2092 1517 2115 a.

120 2137 296 2171 diametris
315 2137 401 2170 alius
417 2147 496 2170 esse
514 2135 580 2170 hoc
600 2138 677 2171 loco
696 2138 826 2181 nequit,
846 2139 910 2172 nisi
933 2139 976 2171 ab
997 2149 1066 2172 una
1090 2139 1271 2182 diametro,
1305 2138 1364 2172 sed
1388 2139 1516 2182 pluries

120 2205 162 2228 ea
179 2194 292 2237 posita
309 2193 483 2237 profectus
500 2204 561 2227 seu
572 2195 725 2236 pluribus
743 2195 841 2228 unius
856 2195 1015 2229 diametri
1035 2195 1210 2238 quadratis
1231 2200 1402 2229 constans.
1426 2195 1516 2230 Nam

120 2250 300 2294 quominus
317 2251 406 2284 latus
422 2251 554 2284 numeri
573 2242 649 2283 ἀπὸ
669 2247 878 2295 διαμέτρων
888 2253 1041 2296 pluribus
1053 2253 1163 2295 iisque
1181 2253 1322 2286 diversis
1341 2252 1517 2287 diametris

121 2312 282 2341 constare
297 2311 466 2351 putemus,
487 2308 602 2341 obstat
621 2307 774 2342 additum
793 2305 990 2351 πεμπάδος
1007 2310 1077 2354 (ita
1096 2310 1273 2343 Bekkerus
1290 2320 1352 2353 pro
1377 2311 1516 2353 vulgato

120 2360 351 2409 πεμπάδων,
380 2364 472 2407 quod
499 2368 615 2397 tamen
644 2364 725 2398 ferri
753 2364 889 2412 posset)
919 2366 1011 2410 quod
1032 2377 1133 2400 unam
1154 2366 1358 2400 diametrum
1374 2367 1516 2401 indicat.

120 2420 242 2464 Neque
258 2420 353 2463 illud,
386 2420 478 2463 quod
502 2423 606 2455 verba
626 2423 839 2465 permittunt,
868 2428 907 2456 ut
923 2425 1013 2457 latus
1039 2424 1111 2457 eius
1131 2424 1317 2466 significari
1340 2424 1516 2458 existime-

121 2481 176 2511 tur
197 2477 349 2521 pluribus
369 2477 545 2512 diametris
561 2479 707 2521 quinarii
725 2481 777 2513 vel
800 2480 926 2513 additis
946 2481 1034 2514 inter
1055 2491 1094 2513 se
1110 2481 1163 2513 vel
1180 2481 1413 2524 multiplicatis
1432 2492 1517 2514 con-

120 2538 227 2578 stare,
256 2543 319 2577 per
335 2533 454 2567 addita
475 2529 648 2578 ἆῤῥήτων
665 2531 705 2568 δὲ
725 2535 827 2569 δυεῖν
847 2538 919 2570 fieri
940 2538 1031 2570 licet.
1090 2537 1222 2573 Quibus
1242 2538 1332 2571 enim
1352 2537 1516 2571 machinis

120 2591 311 2624 ineffabiles
336 2590 492 2624 diametri
511 2591 601 2625 duae
619 2593 700 2626 addi
717 2593 761 2627 ad
782 2594 934 2627 effabiles
959 2594 1090 2636 aliquot
1104 2595 1256 2638 possint,
1286 2598 1324 2627 ut
1343 2595 1429 2628 certi
1454 2605 1516 2628 cu-

120 2647 254 2681 iusdam
273 2648 404 2681 numeri
421 2648 509 2682 latus
531 2659 574 2682 ex
594 2660 711 2683 earum
732 2661 863 2684 summa
879 2651 1037 2684 oriatur?
1079 2651 1371 2687 Quadratosvero
1391 2652 1515 2685 ineffa-

122 2704 238 2737 bilium
258 2703 501 2738 diametrorum
521 2715 597 2739 cum
616 2706 801 2741 effabilium
821 2708 999 2751 quadratis
1021 2708 1182 2751 coniungi
1201 2707 1282 2741 nihil
1300 2712 1404 2742 vetat.
1441 2709 1515 2742 Ita-

122 2770 190 2803 que
214 2770 375 2794 numerus
403 2771 426 2793 a
456 2761 630 2796 diametris
657 2763 848 2798 effabilibus
883 2764 1029 2808 quinarii
1059 2764 1259 2807 duabusque
1285 2765 1516 2799 ineffabilibus

123 2817 262 2859 eadem,
292 2827 360 2861 qua
388 2817 454 2851 alia
476 2817 511 2853 in
538 2819 788 2864 superioribus,
817 2821 1030 2856 obscuritate
1047 2820 1309 2866 haudquaquam
1323 2821 1514 2866 inexplica-
