1764 3176
452 200 789 242 CIVITAS
829 200 1204 243 LIB.V]]II.587
1436 203 1514 243 171

137 310 329 367 ἀριθμόν
355 309 524 370 ἡδονῆς
550 315 817 368 τυραννικῆς
846 310 900 355 ἂν
930 313 1009 368 εἰἠ.
1068 312 1241 368 Κομιδῇ
1269 327 1332 367 γε.
1391 312 1517 356 Kato}

136 379 182 424 δὲ
224 379 414 435 δύναμιν
456 382 528 425 καὶ
576 383 727 437 τρίτην
769 378 931 435 αὔξην,
970 381 1106 434 δῆλον
1146 379 1223 435 δὴ.
1274 378 1517 424 ἀπόστασιν

136 447 245 503 ὅσην
275 446 528 504 ἀφεστηκώς
554 451 758 506 γίγνεται.
818 451 991 503 Δῆλον,
1023 447 1128 502 ἔφη,
1161 451 1224 504 τῷ
1252 464 1300 502 γε
1329 452 1516 504 λογιστι-

67 519 223 572 509κῷ.
286 514 466 560 Οὐκοῦν
497 517 574 561 ἐάν
611 534 676 569 τις
703 515 1001 573 μεταστρέψας
1036 512 1218 571 ἀληθείᾳ
1248 513 1412 571 ἡδονῆς
1441 516 1519 560 τὸν

131 577 314 641 βασιλέα
346 589 428 628 τοῦ
464 585 689 641 τυράννου
731 581 1008 640 ἀφεστηκότα
1049 581 1148 638 λέγῃ
1189 582 1295 626 ὅσον
1334 583 1518 641 ἅφέστη-
1549 591 1582 631 Ε

131 667 235 704 κεν,
286 651 1167 701 ἔννεακαιεικοσικαιεπτακοσιοπλασιάκις
1233 650 1362 706 ἥδιον
1436 650 1519 696 αὕ-

130 717 210 763 τὸν
257 723 397 772 ζῶντα
453 720 628 777 εὑρήσει
679 723 953 777 τελειωθείσῃ
1010 723 1066 775 τῇ
1114 718 1518 772 πολλαπλασιώσει,

130 785 210 831 τόν
247 788 293 831 δὲ
331 788 551 842 τύραννον
599 788 883 843 ἀνιαρότερον
923 791 977 843 τῇ
1008 785 1120 843 αὐτῇ
1157 785 1295 844 ταύτῃ
1329 785 1520 831 ἀποστά-

132 866 208 899 σει.
280 853 548 914 Ἀμήχανον,
600 858 708 915 ἔφη,
758 854 968 912 λογισμὸν
1020 853 1384 912 καταπεφόρηκας
1441 859 1519 913 τῆς

131 1004 324 1084 ΒΊΔῚῘῆλον]
358 1004 391 1040 δ.
424 1002 470 1049 δή
504 1005 792 1050 Ang.B.F101-.

179 1093 322 1140 ἔφη,]’1
303 1107 394 1140 εφη;
419 1095 525 1130 editio
552 1096 716 1138 Bekkeri,
740 1107 793 1129 er-

128 1152 209 1175 rore
232 1143 444 1198 typothetae.

174 1189 228 1242 γε]
255 1186 293 1222 δὲ
325 1189 402 1223 Vat.
428 1189 470 1222 B.

175 1231 274 1279 λέγῃ]
299 1231 397 1278 λέγοι
420 1234 507 1268 Lob.
531 1233 653 1288 Vulgo
665 1243 792 1266 comma

129 1270 276 1322 addunt,
309 1280 399 1325 qnod
432 1292 494 1324 ego
523 1286 603 1325 post
630 1276 791 1322 ἆφέστη-

127 1336 214 1368 κεν,
247 1326 301 1359 cui
332 1326 407 1359 Ald.
443 1327 522 1359 Bas.
565 1327 619 1359 ab.
670 1325 789 1368 Steph.

127 1382 306 1416 perperam
339 1372 472 1405 numeri
508 1370 790 1415 significationem

128 1428 150 1450 a
181 1418 402 1461 sequentibus
440 1417 555 1451 verbis
596 1420 790 1461 separatam

126 1466 282 1519 iungunt,
306 1463 496 1519 ponendum
524 1475 599 1497 esse
626 1463 720 1496 duxi.

176 1507 395 1553 αφέστηκεν]
419 1506 603 1553 ἀφέστηκε
613 1507 676 1543 καὶ
690 1510 714 1542 V
719 1507 790 1542 md

126 1553 172 1588 F.
194 1555 287 1588 Flor.
311 1556 355 1589 R.

153 1607 790 1646 ἐννεακαιεικοσικαιεπτακοσιοπλα-

128 1654 271 1712 σιακις]
320 1654 428 1692 ἐννέα
469 1656 534 1691 καὶ
577 1657 690 1691 εἴκοσι
728 1656 791 1691 καὶ

128 1699 520 1742 ἓπτακοσιοπλασιάκις
554 1704 690 1737 codices
727 1703 792 1737 mei

128 1749 284 1792 (εἴκοσιν
313 1750 419 1792 Lob.)
451 1755 486 1783 et
518 1749 686 1783 editiones
711 1755 791 1783 ante

126 1795 332 1837 fflkkemm,
354 1796 414 1840 qui
435 1795 542 1830 tacite
566 1795 715 1848 quinque
728 1807 791 1828 vo-

129 1841 252 1875 cabula
286 1841 320 1874 in
354 1853 455 1875 unum
479 1842 660 1875 contraxit.
717 1841 791 1874 Ne-

128 1899 196 1933 que
227 1887 471 1921 Stallbaumius
502 1888 645 1921 verbum
672 1899 715 1920 ea
748 1887 791 1920 de

127 1944 167 1966 re
197 1933 299 1974 fecit,
330 1932 395 1966 nisi
425 1934 516 1978 quod
548 1933 584 1966 in
617 1933 709 1966 Flor.
743 1933 790 1966 T.

128 1976 332 2013 επτακόσια
373 1976 688 2018 πολλαπλασιάκις
729 1990 792 2024 pro

127 2021 384 2058 ἓπτακοσιοπλ.
420 2025 581 2070 scriptum
618 2037 692 2058 esse
731 2036 793 2058 an-

126 2071 276 2113 notavit3
317 2082 359 2104 ex
401 2083 467 2116 quo
509 2071 657 2116 reliquos
696 2071 727 2104 F
727 2073 790 2104 lor

127 2128 201 2150 cum
221 2117 395 2169 Stephano
421 2117 612 2151 consentire
634 2123 791 2162 apparet.

126 2163 168 2196 In
191 2164 342 2218 margine
371 2163 470 2196 Vind.
495 2164 536 2197 B.
564 2164 649 2197 baec
672 2165 793 2206 legun-

127 2213 204 2242 tur·
242 2205 394 2250 ἄμεινον
429 2206 531 2251 οἶμαι
565 2209 681 2243 εἰπειν
709 2207 791 2250 εξα-

127 2239 445 2309 κοσιοπλασιοίκις,
471 2252 522 2294 cris·
555 2253 628 2289 ε’στι
654 2255 790 2300 συμβα-

127 2301 203 2333 λεῖν
236 2296 312 2334 απὸ
350 2300 426 2334 τῶν
460 2298 667 2344 ῥηθέντων.
702 2313 790 2346 quae

128 2344 202 2399 qui
212 2345 372 2390 scripsit,
403 2346 434 2379 is
468 2358 591 2380 vereor
610 2359 656 2381 ne
681 2348 789 2381 altero

128 2391 318 2436 aenigmate
359 2403 468 2437 eoque
518 2404 584 2426 non
628 2393 789 2426 solvendo

129 2438 222 2481 (nam
269 2443 504 2472 sexcentorum
559 2439 789 2483 undetriginta

127 2494 309 2525 numerus,
334 2484 392 2529 qui
414 2484 468 2518 hic
492 2485 643 2530 praecipi
667 2497 789 2519 secun-

127 2529 207 2563 dum
241 2528 483 2563 vocabulorum
515 2530 714 2565 divisionem
738 2532 790 2564 vi-

127 2575 239 2617 detur,
259 2587 301 2609 ex
319 2575 368 2609 eis
386 2576 533 2620 quidem,
553 2589 640 2622 quae
664 2590 686 2610 a
704 2577 789 2611 Pla-

126 2626 208 2655 tone
233 2621 329 2655 dicta
352 2627 449 2663 sunt,
474 2623 565 2656 nullo
588 2623 687 2657 modo
711 2623 788 2656 effi-

127 2667 233 2711 citur)
253 2667 420 2701 ludificari
440 2648 602 2703 lectorem
626 2669 788 2703 voluerit.

170 2720 295 2768 ἥδιον]
321 2723 474 2769 ἥδιστον
497 2726 582 2760 Lob.
597 2726 785 2762 Vind.EF.

126 2771 222 2805 Mon.
245 2771 285 2804 B.
312 2772 388 2804 Vat.
414 2772 494 2806 ΒΜ.
527 2774 612 2806 Ven.
639 2773 680 2805 C.
705 2773 784 2807 Par.

126 2817 201 2851 ΒΚ.
227 2817 322 2850 Flor.
347 2817 392 2852 U.
416 2817 490 2851 Ald.
517 2819 597 2853 Bas.
622 2819 676 2853 ab.

173 2859 306 2908 αὐτὸν]
333 2859 428 2898 αὐτὸ
452 2864 532 2898 Bas.
557 2865 590 2899 b.

902 1003 1158 1047 τελειωθείσῃ]
1187 1004 1405 1049 τελεωθείσῃ
1431 1005 1514 1039 Lob.

854 1051 934 1083 Vat.
968 1050 1005 1084 B.
1043 1050 1125 1082 Ven.
1157 1049 1197 1083 C.
1231 1051 1309 1083 Par.
1334 1051 1410 1085 ΒΚ.
1447 1062 1516 1086 sec.

851 1096 1063 1136 Bekkerum‚
1098 1095 1154 1139 qui
1188 1100 1223 1128 et
1251 1096 1323 1140 ipse
1356 1097 1405 1129 sic
1429 1097 1515 1130 scri-

853 1142 921 1185 psit
957 1147 992 1174 et
1023 1141 1120 1174 Astio
1154 1141 1445 1187 Stallbamnioque
1477 1148 1515 1176 ut

849 1187 937 1220 idem
971 1188 1124 1220 facerent
1159 1191 1278 1221 auctor
1309 1188 1386 1221 fuit.
1443 1189 1514 1222 Sed

849 1235 893 1267 cf.
919 1233 993 1266 Vol.
1018 1233 1063 1265 Il.
1088 1244 1121 1277 p.
1145 1233 1223 1267 194.

892 1292 1058 1323 πολ.λαπ2
1062 1288 1236 1334 ασιιόσιι]
1302 1293 1392 1325 πολ)
1396 1294 1511 1326 απλα-

848 1334 966 1370 σιάσει
990 1336 1084 1370 Μοιι.
1103 1337 1144 1369 Β.
1170 1337 1249 1370 Par.
1275 1337 1318 1370 K.
1345 1350 1412 1372 sec.
1433 1339 1511 1384 Bip.

845 1383 941 1416 Flor.
961 1382 1006 1415 U.

896 1425 1156 1472 α’νιαρότερον]
1181 1428 1235 1462 Ita
1260 1428 1339 1462 Par.
1360 1430 1399 1462 A.
1425 1429 1510 1464 Lob.

847 1476 927 1508 Vat.
943 1476 982 1508 B.
1011 1475 1095 1507 V.en
1114 1474 1154 1508 C.
1181 1471 1432 1519 οἷνιαριότερον
1458 1487 1514 1508 re—

846 1520 929 1565 liqui
952 1521 1017 1553 mei
1044 1523 1098 1561 et,
1129 1520 1191 1553 nisi
1227 1520 1397 1564 fallimur,
1423 1522 1515 1555 Bek-

847 1567 922 1600 keri
958 1566 1092 1599 codices
1134 1567 1187 1609 (et
1220 1566 1298 1599 Par.
1333 1567 1376 1600 Κ.
1421 1567 1515 1601 Flor.

847 1612 1074 1655 ACRTUV.)
1108 1624 1181 1646 cum
1224 1612 1298 1646 Ald.
1332 1613 1412 1647 Bas.
1458 1614 1513 1647 ab.

849 1659 969 1702 Steph.
997 1660 1068 1691 Ast.
1095 1670 1146 1702 pr.
1172 1670 1239 1692 sec.

893 1712 1231 1759 καταπεφόρηκας]
1267 1714 1514 1771 καταπφόρη-

848 1773 915 1800 κας
957 1761 1056 1794 Vind.
1100 1762 1143 1795 E.
1189 1760 1514 1806 καταπεφιόρακας

848 1810 936 1852 Ang.
960 1807 999 1840 B.
1026 1809 1104 1841 iat
1129 1808 1178 1841 M.
1206 1814 1242 1841 et
1265 1820 1353 1842 am.
1380 1810 1511 1843 s.Ven.

847 1854 888 1888 B.
904 1836 975 1886 t’In
1000 1853 1084 1886 Lob.
1120 1866 1148 1887 ω
1173 1866 1277 1898 super
1303 1853 1323 1889 ό
1348 1859 1383 1888 et
1407 1867 1430 1888 α
1455 1867 1513 1889 su—

848 1911 910 1944 per
934 1911 956 1943 η
981 1899 1143 1943 scriptum
1167 1908 1230 1933 est.
1282 1902 1430 1935 Verbum
1446 1914 1509 1935 κα-

848 1945 1031 1989 ταφωρᾷν
1058 1957 1124 1978 non
1148 1946 1279 1980 omnino
1303 1948 1452 1991 ineptum
1478 1949 1510 1982 h.

847 1991 870 2025 l.
896 1997 953 2032 et,
987 1992 1016 2024 si
1039 1995 1270 2035 καταφορεῖν
1296 1993 1344 2027 ita
1369 1993 1511 2037 intelligi

848 2042 1025 2082 oporteat,
1066 2043 1105 2070 ut
1140 2039 1306 2072 intellexit
1343 2040 1511 2073 Matthiae

847 2095 986 2126 gramm.
1013 2096 1046 2128 p.
1067 2085 1158 2125 695.
1183 2085 1262 2118 huic
1286 2086 1384 2118 etiam
1408 2097 1511 2129 prae—

847 2130 1024 2163 ferendum
1047 2130 1195 2164 videtur.
1229 2131 1392 2164 Adhibita
1414 2132 1511 2173 enim,

847 2175 882 2208 id
907 2176 996 2220 quod
1029 2176 1085 2209 ille
1118 2177 1221 2217 fecit,
1248 2178 1385 2221 propria
1409 2189 1511 2222 prae-

848 2221 948 2265 positi
952 2221 1025 2255 onis
1045 2221 1138 2255 κατὰ
1153 2223 1410 2276 significatione,
1425 2235 1511 2269 qua—

847 2267 887 2300 lis
912 2267 946 2300 in
970 2268 1084 2301 verbis
1118 2266 1421 2311 κατασκεδάζειν
1446 2281 1509 2303 κα-

846 2316 970 2356 ταχεῖν
1023 2319 1058 2346 et
1107 2316 1325 2348 καταντλεῖν
1367 2316 1511 2357 obtinet,

847 2371 935 2405 quae
957 2360 1063 2393 verba
1087 2367 1229 2405 propter
1247 2361 1281 2394 id
1306 2361 1415 2416 ipsinn
1436 2374 1513 2395 cum

846 2405 994 2449 genitivo
1028 2410 1290 2449 construuntur,
1321 2408 1391 2441 τοῦ
1430 2405 1511 2442 αδί-

846 2463 913 2485 κου
935 2452 1216 2495 -ιιαταφορηθεὶς
1237 2433 1295 2486 ko:
1282 2453 1409 2497 ,ισμὸς
1432 2467 1512 2500 pro—

845 2499 1080 2531 barifortasse
1099 2506 1225 2551 posset,
1238 2505 1357 2534 contra
1378 2507 1511 2534 utrum-

846 2555 911 2588 que
956 2555 1057 2584 vero,
1100 2545 1223 2578 iustum
1264 2552 1300 2579 et
1339 2547 1511 2588 iniustum,

847 2594 907 2622 ant
929 2594 1047 2622 contra
1071 2602 1187 2623 eorum
1207 2592 1439 2636 dafferentiam
1458 2595 1512 2626 la-

846 2641 920 2670 tam
951 2646 1014 2670 seu
1046 2636 1200 2670 delatam
1232 2640 1405 2672 rationem
1436 2640 1512 2684 quis

846 2681 1033 2715 admittat?
1055 2682 1127 2716 Sed
1149 2684 1426 2728 quemadmodum
1447 2697 1512 2718 κα-

845 2726 1025 2760 τατείνειν
1059 2726 1170 2773 λόγον
1205 2729 1234 2763 is
1275 2731 1419 2772 dicitur,
1450 2732 1510 2776 qui

844 2773 949 2807 multa
973 2774 1079 2808 verba
1102 2776 1217 2810 facere
1243 2757 1426 2818 contendit,
1446 2777 1509 2819 (cf.

843 2819 885 2852 L.
908 2819 956 2852 ΙΙ.
981 2830 1016 2863 p.
1027 2820 1107 2856 358.
1126 2822 1168 2855 D.
1193 2823 1275 2857 367.
1291 2823 1351 2867 Β.)
1376 2823 1426 2857 ita
1445 2835 1508 2857 κα-

843 2866 1024 2909 ταφορεῖν
1057 2867 1305 2902 contentionem
1338 2869 1432 2904 vocis
1465 2870 1508 2904 ad
