1764 3176
193 619 230 660 B

255 67 340 107 238

711 62 1181 106 PLATONIS

256 174 329 219 καὶ
377 172 519 228 ἑαυτῷ
560 171 694 217 οὐδὲν
737 173 919 230 αἶσχρὸν
960 173 1034 227 ὂν,
1078 175 1114 218 εἰ
1155 172 1439 231 ἄλλος’ἆνὴρ
1474 172 1643 230 ἀγαθὸς

254 241 444 298 φάσκων
475 238 586 285 εἶναι
615 242 812 297 οίκαίρως
841 247 1006 295 πενθεῖ,
1039 245 1200 286 τοῦτον
1232 241 1424 286 ἐπαινεῖν
1454 243 1528 286 καὶ
1561 243 1643 287 ἐλε-

255 315 345 354 εῖν·
389 307 488 353 ἀλλ’

533 309 673 354 ἐκεῖνο
711 312 960 365 κερδαίνειν
998 309 1185 367 ἡγεῖται,
1232 307 1312 365 τὴν
1348 309 1537 368 ἡδονὴν,
1569 311 1644 357 καὶ

258 372 347 422 οὐκ
376 378 432 422 ἂν
472 378 642 430 δέξαιτο
685 377 818 435 αὐτῆς
856 383 1124 436 στερηθῆναι
1163 377 1505 434 καταφρονήσας
1532 379 1644 423 ὅλου

255 450 340 490 τοῦ
369 444 624 502 ποιήματος.
668 448 916 508 λογίζεσθαι
944 447 1059 503 γάρ,
1088 444 1234 501 οἶμαι,
1268 443 1431 500 ὀλίγοις
1459 448 1546 491 τισὶ
1573 447 1644 504 μέ-

255 525 419 568 τεστιν,
457 514 528 558 ὅτι
559 514 806 561 ἀπολαύειν
846 514 1015 573 ἀνάγκη
1056 514 1142 559 dm}
1183 518 1271 557 τῶν
1309 512 1552 570 ἀλλοτρίων
1582 517 1643 567 εἰς

306 619 463 662 πενθεῖ]
499 619 654 652 πενθεῖν
688 619 768 653 Par.
792 619 838 652 K.
874 626 921 662 et,

258 664 292 698 in
317 676 360 699 m.
384 665 530 706 πενθεῖ,
554 664 595 697 D.
619 666 761 699 πενθοῖ
782 666 921 701 VemB

257 711 350 745 Mon.
381 711 419 743 B.
453 711 548 754 Flor.
594 710 637 744 U.
673 711 796 757 πενθῇ
842 712 923 745 editi

257 762 338 791 ante
363 756 449 789 Astii
473 768 542 789 sec.

303 799 373 846 τήν
397 799 564 846 ἡδονὴν]
589 803 685 836 Haec
709 804 815 837 verba
840 815 922 847 epe-

257 850 376 892 xegesi
414 848 580 881 inservire
614 849 732 882 Astius
773 850 809 883 in
850 861 919 882 sec.

256 906 339 928 vere
373 905 508 927 monens
541 900 652 927 tamen
687 906 815 928 comma
843 900 923 928 ante

259 953 301 974 ea
325 953 345 973 a
369 940 546 983 Stephano
573 940 719 984 positum
744 947 782 974 ut
810 941 845 974 in
870 952 922 984 pr.

259 986 384 1020 omisit.
431 986 546 1025 Etiam
572 986 728 1040 Ευῑὶι)(1.
728 998 783 1040 p.
794 986 872 1021 284.
883 987 922 1019 Β.

258 1033 293 1066 111
327 1032 441 1066 verbis
477 1027 573 1065 ἐστιν
608 1032 676 1065 οὐν
711 1029 815 1072 ὅπως
839 1031 924 1088 περὶ

258 1078 381 1112 ταῦτα
405 1074 451 1111 τοὶ
482 1075 547 1133 μὴ
560 1073 653 1112 ὄντα
677 1077 851 1131 πράξειεν
876 1076 924 1133 ὄιν

258 1125 315 1164 τίς
338 1137 388 1179 τι,
412 1120 504 1157 (Ε’στ
531 1120 653 1157 ἐκεῖνα
672 1122 857 1179 ποιήσειεν
878 1120 925 1158 ἕὶν

258 1169 322 1204 καὶ
349 1167 524 1204 ὁστισοῦν
549 1168 594 1202 τὰ
614 1171 788 1214 μηδαμοῦ
809 1167 923 1211 ὅντα;

259 1221 338 1262 post
365 1212 540 1250 ὁστισοῦν
563 1216 780 1250 incidendum
806 1222 870 1258 est,
890 1221 926 1249 et

259 1263 351 1304 apud
387 1261 572 1295 Lucianum
607 1262 709 1296 Char.
743 1266 853 1297 0.11.
879 1263 923 1296 T.

257 1309 383 1352 111.p.
413 1310 468 1343 50.
504 1308 623 1342 Lehm.
658 1314 737 1341 ante
762 1306 805 1343 τὸ
836 1310 924 1351 λαμ-

258 1352 356 1411 πρὸν
401 1354 435 1388 111
477 1354 594 1387 veihis
640 1354 807 1388 Charonis
851 1355 923 1387 his:

259 1398 377 1434 ἐκεῖνο
413 1397 502 1454 γάρ
519 1397 615 1433 ἐστιν
658 1397 678 1434 ὁ
713 1397 846 1443 χρυσὸς
878 1398 921 1434 τὸ

260 1443 453 1490 λαμπρόν,
490 1441 510 1480 ὃ
551 1443 787 1491 οἷποστίλβεις
818 1447 925 1479 Bern-

259 1494 368 1537 hardy
400 1493 767 1538 5)1ιῒ.ρ.284.111110
798 1504 926 1537 prono-

259 1539 341 1573 mini
361 1551 439 1572 raro
451 1539 696 1585 appositionem
710 1539 864 1572 adhiberi
876 1538 927 1571 di-

260 1589 325 1623 cit;
343 1585 457 1618 nescio
469 1597 568 1639 quam
581 1597 673 1618 vere.
687 1585 741 1618 Cf.
753 1597 786 1629 p.
791 1585 870 1619 618.
882 1584 924 1618 E.

308 1630 469 1673 δέξαιτο]
497 1629 671 1673 δόυξαιτο
701 1632 787 1674 Ang.
811 1631 852 1664 B.

309 1675 612 1721 καταφρονήσας]
630 1677 850 1710 Masculinum
865 1688 927 1721 pro

263 1729 385 1757 neutro
419 1723 536 1756 eadem
572 1723 730 1756 libertate
768 1723 928 1768 positum,

263 1781 332 1814 qua
357 1781 417 1813 pro
442 1770 601 1802 feminino
628 1769 667 1804 L.
691 1769 748 1804 VI.
784 1781 815 1813 p.
846 1769 927 1804 486.

263 1818 305 1850 A.
331 1820 366 1848 et
390 1816 544 1858 Gorgiae
567 1815 639 1848 loco
663 1815 711 1848 ibi
735 1815 852 1849 citato.
881 1827 935 1840 —-·

264 1874 304 1896 ex
324 1867 519 1904 contemptu
536 1862 646 1903 poesis
670 1862 719 1905 (κ.
749 1857 838 1896 ὅλου
856 1861 925 1895 τοῦ

262 1905 488 1961 ποιήματος)
512 1908 588 1940 Fic.

311 1951 471 2009 ὀλίγοις]
502 1950 641 2008 ὀλίγαις
664 1953 739 1986 Ald.
763 1953 843 1986 Bas.
869 1953 925 1985 ab.

310 1997 538 2053 απολαύειν]
598 1997 803 2033 απολαύειν
850 1998 926 2032 Ald.

265 2043 546 2091 απολαμβάνειν
580 2047 655 2079 Ast.
690 2057 743 2090 pr.
788 2041 928 2078 οἷπολα-

263 2093 343 2138 βεῖν
378 2093 467 2126 idem
501 2092 534 2125 111
569 2103 636 2125 sec.
664 2091 801 2136 scripsit
836 2096 871 2124 et
894 2090 927 2124 in

263 2143 344 2172 tert.
366 2138 581 2172 sc1ibend11m
601 2138 666 2171 sibi
685 2137 794 2171 videri
810 2142 929 2170 osten-

263 2185 325 2218 dit.
373 2185 465 2226 „Pro
504 2181 705 2217 ἄπολανειν
747 2184 837 2230 quod
876 2186 928 2216 est

262 2235 296 2265 in
322 2231 395 2264 Ald.
422 2230 590 2271 editione
625 2230 771 2264 affertur
802 2234 836 2263 et
860 2229 928 2263 alia

262 2277 375 2318 lectio,
402 2274 721 2321 ἁπολαμβάνειν.“
747 2276 867 2321 Steph.
893 2275 928 2308 in

262 2337 305 2359 m.
356 2323 493 2378 „Quod
533 2323 676 2366 margini
720 2322 928 2375 adscriptum

262 2376 316 2405 est
343 2366 569 2412 ἀπολαύειν,
596 2369 761 2414 scriptum
784 2372 854 2407 est,
882 2367 929 2400 li-

263 2421 319 2451 cet
344 2415 524 2457 mendose,
549 2395 587 2448 111
611 2415 645 2449 111
667 2415 742 2448 Ald.
767 2414 929 2447 editione.

263 2464 343 2505 Qua
377 2462 420 2494 de
446 2473 482 2495 re
507 2473 648 2502 moneo,
683 2461 804 2506 nequis
828 2466 930 2505 typo-

261 2508 461 2555 graphicum
495 2508 652 2541 mendum
683 2519 757 2541 esse
783 2506 930 2540 arbitre-

261 2561 331 2590 tur
333 2555 357 2573 “
407 2554 500 2588 Idem
535 2560 649 2588 annot.
680 2565 712 2598 p.
738 2556 794 2589 27.
820 2553 929 2596 (qnod

263 2615 304 2638 es
339 2601 462 2633 alienis
496 2601 532 2632 in
571 2600 730 2644 propria)
768 2601 930 2633 traiicere

262 2647 396 2692 aliquid
420 2647 574 2691 (necesse
597 2647 665 2690 est)
691 2646 762 2680 Fic.
821 2644 929 2681 Verbi

264 2690 472 2729 ἀπολαύειν
504 2692 635 2726 Astium
670 2704 738 2726 non
769 2691 825 2726 hic
849 2696 928 2725 tan-

263 2747 334 2776 tum
360 2739 448 2776 ratio
478 2745 584 2785 atque
615 2750 697 2774 usus
720 2738 824 2784 fugit.
872 2737 928 2772 Cf.

979 618 1055 653 Vol.
1075 618 1104 653 Ι.
1129 629 1162 663 p.
1179 617 1259 659 244,
1281 629 1312 651 a.
1347 623 1383 652 et
1412 617 1513 652 huius
1539 617 1641 652 volu-

979 664 1077 698 minis
1102 677 1134 708 p.
1163 666 1240 704 113,
1262 675 1293 698 a·

1021 708 1118 766 οἷπὸ]
1146 707 1271 743 αὐτῶν
1296 707 1353 752 ἐκ,
1378 713 1411 742 in
1433 720 1522 743 111.3
1549 721 1592 744 m.
1616 720 1644 743 5.

980 753 1118 799 αὐτὸν,
1144 757 1237 789 Mon.
1262 757 1300 789 B.
1328 736 1455 789 αὐτῶν
1481 752 1519 788 ἐκ
1543 756 1646 788 etiam

979 802 1224 836 Stallbaumius
1255 802 1289 834 in
1313 813 1365 845 pr.
1392 805 1645 842 commemorat,

978 848 1107 882 codicis
1126 852 1206 880 nota
1223 847 1360 890 omissa,
1377 859 1476 892 quem
1495 846 1587 880 Flor.
1598 846 1659 881 U..

980 906 1055 928 esse
1079 894 1243 949 suspicor.

1027 937 1066 973 ἐν
1092 937 1257 982 ἐκείνοις]
1289 935 1328 971 ἐν
1352 950 1418 972 om.
1437 939 1533 973 Mon.
1557 938 1598 972 B.

1027 983 1209 1042 ἐλεεινὸν]
1245 984 1496 1018 Antiattieistes
1531 996 1564 1029 p.
1586 986 1645 1028 92,

981 1034 1024 1067 9:
1060 1029 1217 1065 ἐλεινόν·
1256 1027 1340 1087 (Qvi.
1370 1031 1439 1064 τοῦ
1477 1009 1646 1065 ἐλεεινόν.

984 1073 1150 1116 Εὔπολις
1186 1076 1299 1118 Αἰξίν.
1357 1075 1517 1111 Πλάτων
1555 1074 1646 1132 ἕκτῳ

984 1124 1182 1162 Πολιτείας
1219 1120 1316 1156 κατὰ
1359 1121 1543 1168 ἐλεητικοῦ
1578 1121 1648 1157 τὸν

982 1167 1152 1205 ἐλεεινὸν
1164 1166 1342 1203 τέθεικεν.
1378 1169 1416 1202 Id
1435 1169 1479 1202 ad
1496 1172 1648 1203 nostrum

984 1216 1094 1250 locum
1118 1222 1299 1260 spectare,
1326 1219 1477 1249 ceterum
1501 1226 1567 1248 non
1591 1226 1648 1248 so-

981 1262 1050 1295 lum
1074 1262 1247 1303 Platonis,
1280 1261 1343 1294 sed
1373 1261 1476 1294 etiam
1502 1260 1648 1317 Eupoli-

982 1308 1034 1341 dis
1067 1307 1307 1341 auctoritatem
1341 1306 1511 1340 Atticistis
1542 1304 1648 1340 ελεει-

981 1351 1051 1387 νὸν
1092 1353 1329 1386 damnantibus
1386 1353 1515 1406 opponi
1550 1358 1647 1397 puto.

982 1400 1107 1443 Neque
1140 1400 1261 1442 video,
1287 1398 1368 1442 quid
1393 1398 1648 1444 quadrisyllabo

984 1445 1085 1479 obiici
1117 1446 1237 1490 possit.
1286 1444 1376 1477 Nam
1407 1445 1498 1489 quod
1522 1445 1649 1478 Porso-

984 1503 1047 1525 nus
1085 1491 1120 1524 in
1153 1492 1263 1535 praef.
1302 1490 1345 1523 ad
1383 1490 1645 1535 Hec.p.V11.

984 1537 1144 1577 ostendit,
1168 1543 1208 1570 ut
1235 1548 1256 1570 a
1279 1533 1364 1575 δέος
1387 1537 1552 1570 formetur
1576 1536 1649 1570 δει-

985 1581 1064 1626 νὸς,
1085 1595 1104 1616 3
1123 1581 1185 1616 u).
1171 1594 1227 1622 ος
1246 1580 1399 1625 κλεινὸς,
1419 1582 1468 1616 510
1487 1583 1530 1616 ab
1549 1579 1648 1622 ἔλεος

984 1629 1124 1665 formari
1157 1626 1314 1671 ἐλεινὸς,
1349 1634 1384 1662 et
1416 1633 1455 1662 ut
1478 1640 1649 1682 nunquam

985 1673 1138 1717 δεεινὸς,
1163 1673 1322 1714 κλεεινὸς
1346 1679 1513 1730 usurpent
1528 1674 1648 1717 Attici,

985 1721 1036 1755 sic
1069 1733 1237 1764 nunquam
1280 1717 1436 1760 ἐλεεινὸς
1468 1732 1648 1777 usurpare,

984 1780 1048 1801 nec
1072 1767 1253 1801 declinatio
1289 1768 1374 1801 nomi
1378 1767 1430 1801 nis
1465 1764 1564 1806 ἔλεος
1587 1778 1650 1801 nee

983 1813 1084 1847 verbi
1116 1813 1289 1847 interiecti
1321 1810 1432 1847 ἐλεεῖν
1456 1813 1545 1847 ratio
1569 1812 1651 1848 talis

984 1865 1058 1901 est,
1094 1864 1130 1893 ut
1166 1871 1241 1893 cum
1278 1859 1354 1893 istis
1389 1860 1544 1904 componi
1584 1860 1650 1893 1100

983 1912 1154 1950 tamquam
1185 1905 1350 1949 analogon
1384 1905 1560 1948 debuerit,
1588 1905 1650 1938 sed

985 1964 1001 1986 ε
1025 1963 1090 1985 11011
1114 1951 1223 1985 minus
1247 1951 1281 1985 in
1305 1952 1369 1984 hoc
1388 1951 1569 2007 genuinum
1587 1951 1650 1984 ha-

984 1998 1152 2037 bendum,
1194 2009 1294 2042 quam
1331 1997 1366 2030 in
1408 1994 1571 2041 ἐλεήμων
1613 1999 1650 2030 et

985 2041 1187 2087 ἐλεητικός,
1221 2049 1257 2076 et
1290 2042 1319 2075 si
1354 2047 1468 2076 tamen
1493 2054 1513 2076 3
1539 2042 1649 2087 poetis

984 2090 1101 2124 Atticis
1125 2089 1296 2123 abiectum
1319 2094 1385 2128 est,
1404 2100 1515 2133 neque
1540 2089 1572 2121 hi
1590 2100 1650 2122 ne-

985 2135 1146 2169 cessitate
1170 2135 1306 2179 potius,
1331 2146 1433 2179 quam
1457 2135 1592 2168 licentia
1616 2134 1649 2167 id

984 2182 1109 2216 fecisse
1132 2181 1317 2221 statuendi,
1340 2192 1450 2225 neque
1468 2192 1549 2214 vero
1569 2191 1650 2224 pro-

983 2240 1043 2261 sae
1075 2227 1236 2261 orationis
1271 2227 1457 2271 scriptores
1491 2227 1533 2260 ad
1566 2228 1650 2271 poei-

985 2279 1095 2307 tarum
1120 2273 1393 2306 consuetudinem
1417 2273 1535 2306 invitis
1556 2272 1650 2306 codi-

984 2321 1080 2354 cibus
1105 2319 1261 2363 adigendi
1284 2323 1373 2353 sunt.
1412 2319 1564 2352 Platonis
1587 2329 1650 2352 311-

986 2372 1053 2400 tem
1079 2366 1212 2399 codices
1247 2371 1285 2399 ut
1319 2365 1394 2408 hic,
1428 2365 1476 2398 ita
1500 2365 1589 2398 infra
1615 2375 1649 2408 p.

985 2415 1064 2448 620.
1088 2414 1128 2447 A.
1162 2415 1196 2445 et
1235 2413 1344 2454 Gorg.
1379 2423 1412 2456 p.
1436 2411 1517 2446 469.
1539 2413 1580 2444 A.
1610 2411 1650 2445 B.

986 2464 1041 2493 ter
1065 2462 1101 2492 et
1124 2458 1209 2501 Leg.
1234 2457 1274 2491 L.
1296 2459 1338 2493 V.
1365 2469 1398 2502 p.
1414 2459 1492 2493 729.
1511 2457 1549 2491 Ε.
1570 2459 1649 2492 731.

985 2506 1027 2538 C.
1070 2509 1105 2538 et
1145 2505 1219 2539 Ion.
1252 2515 1284 2548 p.
1312 2505 1392 2538 535.
1425 2504 1466 2537 Β.
1498 2509 1536 2536 et
1571 2503 1653 2536 alibi

985 2551 1020 2584 in
1052 2548 1173 2584 ἔλεειν.
1208 2550 1309 2595 plane
1347 2549 1582 2590 consentiunt,
1615 2551 1653 2583 et

985 2598 1130 2631 Pliaedr.
1161 2608 1194 2641 p.
1220 2598 1298 2631 272.
1332 2596 1373 2631 Α,
1407 2601 1539 2629 tantum
1574 2595 1652 2636 duo,

986 2644 1065 2677 Vat,
1090 2644 1132 2677 A.
1157 2648 1192 2676 et
1215 2642 1293 2675 Par.
1316 2643 1384 2683 G.‚
1407 2638 1652 2685 ἐλεινολογίας

987 2690 1168 2730 exhibent,
1201 2700 1286 2732 quos
1313 2692 1450 2722 secutus
1482 2693 1535 2721 est
1557 2687 1651 2722 Bek-

986 2736 1088 2770 kerus
1121 2741 1157 2770 et
1181 2734 1318 2779 Astius,
1353 2734 1410 2782 qui
1444 2734 1547 2770 etiam
1569 2734 1602 2768 h.
1626 2732 1648 2766 1.
