1764 3176
254 109 340 150 280

709 107 1188 153 PLAT01NIS

261 217 335 261 καὶ
372 218 672 262 παντοδαπῶν
712 219 838 275 σφίσι
877 218 1126 275 γεγονότων
1161 222 1323 264 τοῦτον
1358 218 1648 276 ὑπερβάλλειν

255 285 336 329 τὸν
366 283 537 341 φόβον,
569 285 628 342 μὴ
657 286 828 343 γένοιτο
857 285 1025 345 ἑκάστῳ
1056 288 1105 331 τὸ
1137 288 1328 344 φθέγμα,
1361 286 1432 332 ὅτε
1467 286 1647 345 οἷναβαί-

256 369 330 396 vot
344 366 352 375 ⁸

397 353 473 396 καὶ
520 351 814 409 ἀσμενέστατα
868 354 1054 399 ἕκαστον
1103 355 1366 411 σιγήσαντος
1412 354 1645 413 ἀναβῆναι.

194 420 230 462 Β
261 420 334 464 καὶ
368 419 447 472 τοὶς
483 421 563 476 μὲν
594 422 648 478 δὴ
689 424 813 474 δίκας
850 439 893 466 τε
931 423 1005 466 καὶ
1035 424 1243 478 τιμωρίας
1274 422 1482 475 τοιαύτας
1521 423 1646 476 τινας

255 487 368 533 εἶναι
415 489 490 533 καὶ
539 484 598 533 αὖ
643 488 722 540 τοὶς
772 491 1018 546 εὐεργεσίας
1066 491 1247 543 ταύταις
1306 490 1642 548 ἀντιστρόφους.

255 556 403 614 ἐπειδὴ
435 558 482 601 δὲ
510 562 602 608 τοῖς
632 557 679 600 ἐν
717 561 778 614 τῷ
811 562 990 613 λειμῶνι
1021 557 1224 610 ἑκάστοις
1255 558 1360 603 ἑπτὰ
1393 558 1550 616 ἡμέραι
1578 561 1645 616 γε’-

254 642 429 678 νοιντο,
462 624 736 677 ἀναστάντας
769 626 974 671 ἐντεῦθεν
1002 629 1094 671 δεῖν
1121 631 1176 685 τῇ
1209 626 1344 685 ὀγδόῃ
1374 625 1644 682 πορεύεσθαι

300 751 450 796 τοῦτον]
478 749 623 786 τούτων
647 752 749 790 Vind.
770 754 809 787 B.
834 753 918 787 Ven.

254 798 293 832 B.
320 799 393 832 Pal.
418 800 458 831 A.
490 800 569 831 Vat.
595 798 640 831 H.

300 841 368 877 τόν
388 842 525 889 φόβον]
551 856 616 877 om.
639 844 728 878 Lob.
755 844 855 879 Vind.
877 845 918 878 F.

254 890 348 924 Mon.
384 891 424 923 B.
461 891 538 923 Vat.
566 891 604 923 B.
641 891 719 924 Par.
748 890 792 924 K.
827 891 919 924 Flor.

254 936 363 969 URV.
398 935 450 980 (hi
481 936 546 969 duo
580 936 614 968 in
648 947 692 969 m.
719 937 835 970 addita
859 937 921 970 ha-

253 982 351 1021 bent)
376 982 459 1015 lust.
486 982 565 1015 Bas.
592 983 626 1015 b.
653 982 775 1015 Stallb.
802 994 853 1027 pr.

299 1025 348 1071 μή
381 1025 526 1083 γένοιτο
555 1025 695 1073 ἑκάστῳ
727 1026 769 1061 τὸ
797 1025 913 1072 φθέγ-

251 1084 324 1117 μα,
361 1071 423 1107 ὅτε
448 1062 680 1118 οἷναβαίνοι]
708 1074 764 1108 Ita
788 1074 919 1107 codices

253 1119 405 1164 editique
437 1120 560 1161 iidem,
597 1120 655 1165 qui
690 1117 759 1153 τόν
794 1118 919 1176 φόβον

253 1166 431 1207 omittunt,
454 1167 605 1210 (tantum
629 1166 730 1199 Vind.
756 1166 795 1199 F.
827 1164 919 1200 οἰνα-

253 1211 399 1267 βαίνει,
434 1212 513 1245 Bas.
551 1213 585 1245 b.
630 1211 816 1256 διαβαίνει
856 1224 919 1256 pro

254 1255 456 1302 αναβαίνοι
491 1258 613 1302 habet)
660 1261 695 1290 et
729 1259 810 1292 Par.
843 1259 917 1291 AD.

251 1303 324 1337 Pal.
358 1303 399 1336 A.
436 1304 515 1339 Vat.
542 1303 591 1337 M.
624 1302 699 1337 Ast.
733 1316 801 1338 sec.
833 1308 916 1338 tert.

251 1349 433 1384 Bekkerus
458 1355 493 1382 et
520 1349 763 1383 Stallbaumius
787 1350 821 1383 in
846 1362 914 1384 sec.

252 1395 287 1429 εἰ
295 1392 499 1439 μυκήσαιτο
514 1392 556 1429 τὸ
579 1393 732 1438 στόμιον
745 1391 806 1430 ότε
826 1393 916 1429 ἄνα-

252 1441 417 1496 βαίνοιεν
437 1442 520 1475 lust.
535 1453 610 1475 cum
629 1443 664 1475 in
685 1455 825 1476 ascensu
842 1454 918 1476 mu-

251 1489 362 1543 gitus
365 1489 581 1522 excitabatur
597 1487 674 1520 Fic.
695 1486 916 1532 εἰμυκήσαι-

251 1545 294 1567 το
325 1531 368 1567 τὸ
394 1532 546 1576 στόμιον
575 1533 696 1579 reliqui
723 1535 858 1568 codices
883 1539 918 1568 et

251 1579 326 1613 Ald.
351 1580 432 1613 Bas.
457 1592 487 1613 a.
508 1580 628 1624 Steph.
653 1580 726 1614 Ast.
753 1592 804 1626 pr.
827 1580 917 1625 quod

251 1637 354 1670 quum
389 1625 536 1669 genuina
559 1625 659 1659 lectio
692 1638 773 1660 casu
805 1627 917 1671 aliquo

251 1671 506 1714 intercidisset,
531 1672 573 1706 ad
601 1673 801 1717 explendam
824 1673 917 1706 lacu-

251 1729 330 1751 nam
346 1729 412 1751 non
432 1718 548 1762 inepte
559 1718 802 1762 excogitatum,
822 1718 917 1752 dein-

204 1785 210 1788 -
253 1763 296 1797 de
329 1775 371 1797 ex
406 1764 481 1797 aliis
504 1763 618 1806 libris,
641 1765 675 1797 in
711 1766 832 1810 quibus
859 1776 918 1798 ve-

255 1820 329 1842 rum
354 1813 526 1842 servatum
550 1815 662 1853 esset,
687 1811 746 1852 ita,
770 1816 809 1844 ut
828 1811 917 1855 apud

252 1855 417 1889 Iustinum
458 1860 595 1897 exstat,
639 1860 774 1890 auctum
807 1857 918 1890 videri

252 1906 381 1946 potest,
406 1901 468 1935 nisi
492 1901 605 1946 potius
630 1902 778 1936 iteratae
801 1914 917 1936 recen—

253 1947 358 1981 sionis
382 1947 562 1992 vestigium
588 1948 643 1981 hic
669 1949 918 1992 agnoscendum

254 1998 290 2027 et
314 1995 356 2026 ab
381 1994 467 2027 Aldo
491 1994 620 2026 editum
643 1999 764 2038 utpote
789 1994 918 2038 simpli-

253 2039 325 2073 cius
356 2040 399 2072 ad
427 2040 594 2073 secundas
632 2051 733 2074 curas
767 2041 917 2073 referen-

252 2085 352 2127 dum,
388 2085 424 2118 in
463 2086 572 2140 prima
610 2098 692 2120 vero
731 2086 918 2129 scriptione

253 2132 356 2165 etiam
380 2129 448 2166 τὸν
473 2129 599 2177 φόβον
620 2132 755 2177 abipso
776 2133 917 2166 Platone

252 2177 409 2211 omissum
434 2179 618 2223 putandum
642 2183 705 2212 est.
739 2179 825 2212 Illud
842 2178 916 2223 qui-

252 2224 328 2257 dem
355 2229 448 2257 certe
473 2230 526 2258 est
548 2225 679 2267 mirum,
706 2237 779 2258 eam
799 2224 916 2257 lectio-

252 2282 348 2311 nem,
374 2282 462 2315 quae
493 2282 558 2304 non
584 2275 698 2314 potest
722 2282 784 2316 pro
809 2270 915 2303 inter-

253 2315 369 2361 polata
393 2317 528 2359 haberi,
553 2316 678 2370 optimo
714 2316 818 2350 codici
851 2328 916 2349 non

257 2373 331 2395 cum
356 2363 496 2395 asseclis
518 2343 604 2404 ⁹suis,
620 2363 679 2396 sed
705 2374 779 2396 cum
803 2362 915 2396 diver-

254 2419 314 2442 sae
352 2408 499 2442 familiae
539 2409 633 2442 libris
675 2410 917 2453 glossematum

252 2453 386 2487 minime
409 2455 502 2499 puris
517 2466 722 2488 communem
745 2466 842 2496 esse,
867 2454 918 2488 al-

251 2504 362 2534 teram
385 2500 602 2545 simplicitate
626 2506 856 2546 praestantem
880 2500 916 2533 in

252 2546 297 2579 iis
321 2546 477 2590 reperiri,
501 2546 558 2591 qui
584 2547 670 2581 hand
699 2547 802 2581 dubie
822 2547 915 2591 puri-

253 2603 313 2625 ore
337 2592 380 2625 de
397 2593 493 2625 fonte
514 2597 702 2627 manaiunt.
754 2593 916 2626 Ceterum

255 2635 412 2694 ἑκάστῳ,
427 2639 516 2683 quod
528 2639 674 2672 Astins
665 2651 699 2672 ιιι
717 2643 796 2673 tert.
816 2641 915 2672 abes·

253 2695 291 2717 se
322 2687 356 2717 et
389 2681 630 2729 ἀναβαίνοιεν
663 2697 724 2730 pro
757 2683 915 2731 ἀναβαί-

252 2741 313 2763 νοι
335 2730 403 2774 legi
426 2731 591 2772 malebat,
624 2731 708 2764 ferri
739 2737 862 2776 potest,
887 2732 918 2765 si

253 2776 498 2821 interrogatum
520 2776 622 2811 istum
649 2777 788 2823 eiusque
812 2779 916 2813 comi-

977 756 1030 787 tes
1055 765 1122 787 non
1147 756 1278 787 tantum
1303 754 1369 787 sibi
1387 766 1565 800 quemque,
1582 753 1644 788 sed

978 800 1082 833 etiam
1106 800 1207 834 sociis
1239 799 1309 834 suis
1345 800 1501 834 timuisse
1523 800 1647 834 statui-

979 857 1064 879 mus.

1010 900 1095 957 καὶ]
1120 899 1169 945 μὴ
1198 913 1230 936 κ.
1254 904 1341 958 Ang.
1363 903 1401 937 Β.
1428 915 1480 942 ως
1503 915 1536 938 u.
1558 903 1643 937 Just.

1011 945 1304 992 ἅσμενέστατα]’
1283 959 1393 991 ασμεν
1398 947 1550 983 ἕστατον
1558 949 1645 983 Lob.

978 994 1071 1028 Mon.
1097 995 1137 1027 Β.
1165 995 1243 1028 Vat.
1256 996 1335 1028 ΒΜ.
1361 996 1440 1029 Par.
1461 995 1536 1028 DK.
1540 1007 1643 1039 ‚sup.

975 1051 1043 1074 sec.
1081 1040 1161 1084 Bip.
1195 1052 1220 1074 α
1251 1053 1355 1084 super
1391 1053 1454 1085 ov,
1491 1046 1526 1075 et
1556 1041 1642 1075 Iust.

977 1083 1250 1129 ἄσμεναίτατον
1275 1087 1377 1120 Vind.
1401 1089 1442 1121 F.
1470 1084 1643 1130 ἅσμεναί-

976 1142 1093 1166 στατα
1125 1132 1212 1177 Ang.
1246 1134 1287 1166 B.
1357 1133 1437 1167 Non
1470 1133 1645 1167 sufficiunt

976 1179 1060 1211 haec
1094 1178 1136 1210 ad
1167 1179 1441 1222 persuadendum
1469 1180 1644 1212 Platonem

978 1221 1231 1267 ἅσμεναίτατα
1255 1230 1295 1259 ut
1318 1225 1359 1259 L.
1385 1225 1414 1259 I.
1449 1237 1482 1271 p.
1501 1227 1582 1262 329.
1600 1224 1641 1259 C.

976 1270 1164 1314 scripsisse.

1019 1324 1188 1381 ἕκαστον]
1220 1325 1372 1367 ἕκαστος
1398 1327 1498 1361 Vind.
1524 1327 1569 1361 F.

1020 1371 1261 1427 σιγησαντος]
1291 1375 1345 1408 Ita
1369 1374 1462 1408 Mon.
1487 1374 1526 1407 B.
1553 1385 1573 1407 a
1597 1385 1641 1408 m.

973 1430 1025 1474 pr.
1052 1416 1254 1462 σιγήσαντα
1278 1432 1298 1453 a
1327 1432 1370 1453 m.
1396 1431 1423 1453 5.
1449 1431 1641 1464 perperam.

973 1477 1016 1499 το
1043 1463 1194 1509 φθέγμα
1220 1469 1314 1499 recte
1338 1466 1462 1499 dicitur
1481 1465 1641 1509 σιγῆσαι,

974 1523 1179 1556 quamquam
1204 1509 1359 1555 στόμιον
1395 1512 1547 1556 σιγῆσαν
1571 1523 1642 1546 ma-

974 1557 1028 1602 gis
1053 1559 1176 1600 placet.

1021 1602 1083 1647 δή]
1108 1615 1174 1639 om.
1197 1604 1282 1638 Iust.

1021 1659 1147 1707 ἐπειδὴ
1173 1681 1219 1686 -
1243 1660 1500 1706 τεταρταίους]
1526 1661 1644 1696 laudat
1671 1662 1709 1704 Β

974 1709 1132 1743 Clemens
1158 1708 1211 1742 Al.
1237 1708 1361 1740 Strom.
1388 1707 1429 1743 L.
1446 1709 1489 1742 V.
1513 1709 1641 1752 p.712

975 1759 1012 1789 et
1036 1767 1077 1788 ex
1102 1767 1142 1789 eo
1169 1753 1340 1787 Eusebius
1372 1753 1554 1788 l.e.cu1n
1578 1755 1642 1787 hac

974 1801 1209 1857 praefatione.
1235 1797 1305 1842 τήν
1327 1810 1367 1832 τε
1389 1797 1571 1843 κυριακὴν
1598 1797 1641 1844 ἠ-

973 1844 1090 1890 μέραν
1115 1844 1154 1880 ἐν
1186 1846 1237 1892 τῷ
1265 1843 1406 1879 δεκάται
1438 1846 1504 1889 τῆς
1529 1847 1640 1880 Πολι-

974 1893 1075 1932 τείας
1099 1889 1118 1926 ὁ
1148 1890 1307 1926 Πλατων
1332 1880 1396 1924 δια
1413 1890 1558 1926 τούτων
1576 1904 1640 1925 κα-

973 1936 1255 1981 ταμαντεύεται.
1305 1938 1394 1971 Tum
1420 1938 1642 1992 interpretem

974 1996 1079 2028 agens
1110 1984 1272 2039 λειμῶνα
1306 1979 1372 2024 μὲν
1400 1983 1491 2027 οὐν,
1517 1984 1639 2028 inquit,

975 2028 1179 2064 ἀκουστέον
1204 2027 1273 2073 τὴν
1289 2026 1436 2073 οἷπλανῆ
1462 2032 1639 2085 σφαῖραν,

975 2074 1027 2116 ’ως
1050 2073 1190 2131 ἥμερον
1215 2074 1351 2118 χωρίον
1375 2075 1438 2109 καὶ
1459 2073 1642 2131 προσηνὲς

974 2122 1037 2156 καὶ
1064 2123 1139 2155 τῶν
1171 2119 1285 2156 ὁσίων
1311 2121 1452 2165 χῶρον·
1480 2120 1572 2155 ἑπτὰ
1599 2119 1639 2156 δὲ

974 2165 1140 2212 ἡμέρας
1128 2166 1283 2222 ἑκάστην
1301 2167 1445 2224 κίνησιν
1457 2169 1532 2201 τῶν
1545 2166 1638 2202 ἑπτὰ

973 2213 1037 2248 καὶ
1071 2215 1197 2247 πᾶσαν
1235 2211 1304 2268 τήν
1335 2211 1550 2269 ἐργαστικήν
1581 2212 1638 2248 τέ-

974 2272 1063 2304 χνην
1085 2260 1136 2299 εἰς
1148 2258 1251 2298 τέλος
1268 2256 1517 2299 αναπαύσεως
1529 2259 1638 2294 σπεύ-

974 2308 1123 2340 δουσαν.
1149 2303 1172 2349 ’ἡ
1197 2303 1236 2340 δὲ
1261 2304 1351 2348 μετὰ
1382 2304 1474 2345 τοὺς
1493 2308 1638 2340 πλανω-

972 2350 1107 2407 μένους
1131 2351 1265 2407 πορεία
1288 2349 1350 2385 ἐπὶ
1376 2350 1444 2386 τὸν
1472 2349 1639 2396 ου’ρανόν

973 2394 1066 2455 ἄγει,
1088 2396 1255 2432 τουτέστι
1276 2395 1346 2441 τὴν
1371 2396 1512 2442 ὀγδόην
1536 2399 1637 2442 κίνη-

974 2445 1031 2478 σίν
1057 2456 1096 2478 τε
1119 2443 1182 2477 καὶ
1209 2440 1364 2500 ᾐμέραν.
1397 2445 1638 2488 τεταρταίους

975 2488 1014 2524 δὲ
1035 2503 1103 2529 τας
1122 2488 1246 2534 ψυχὰς
1276 2487 1428 2523 οἷπιέναι
1433 2489 1545 2545 λέγει
1571 2491 1638 2535 δη-

971 2537 1047 2570 λῶν
1060 2535 1130 2580 τὴν
1156 2535 1217 2570 διὰ
1238 2536 1314 2569 τῶν
1331 2546 1519 2581 τεσσαρων
1540 2547 1636 2571 στοι-

971 2583 1079 2626 χείων
1101 2582 1269 2626 πορείαν.

1018 2641 1110 2684 τοῖς]
1138 2638 1194 2679 οἷς
1218 2637 1307 2678 τοὺς
1332 2639 1417 2683 Ang.
1445 2639 1486 2674 B.

1018 2686 1178 2742 λειμῶνι]
1206 2685 1334 2740 λιμῶνι
1361 2685 1440 2719 Bas.
1467 2698 1498 2720 a.

1019 2730 1267 2775 ἀναστάντας]
1290 2728 1519 2772 ἀναστάντες
1535 2732 1635 2767 Vind.

973 2779 1017 2814 F.
1042 2779 1128 2823 Ang.
1153 2779 1194 2812 B.
1220 2778 1314 2811 Flor.
1339 2777 1381 2812 R.
