1764 3176
3 782 287 839 496ξυγγενεῖς
317 779 504 832 ἐνούσας
529 781 775 836 ἐπιθυμίας.

230 846 323 893 Οὐκ
356 848 443 904 ἄρα
483 848 539 892 ἂν
578 851 644 906 εἴη
676 847 963 905 ἀστασίαστος
994 846 1017 891 6
1048 849 1249 896 τοιοῦτος
1277 845 1324 889 ἐν
1355 845 1458 889 ἑαυ-

3 1091 47 1133 D

372 191 691 237 CIVITAS
747 189 876 234 LIB.
915 190 1026 233 VIII.
1066 192 1135 231 554

1391 192 1447 232 45

71 306 212 369 λαίοις
241 304 266 348 ὁ
293 308 516 358 τοιοῦτος,
554 303 602 348 ἐν
641 300 707 354 οἷς
739 301 964 357 εὐδοκιμεῖ
1000 303 1146 346 δοκῶν
1186 301 1355 351 δίκαιος
1397 297 1451 343 εἶ-

71 391 167 427 ναι,
205 373 385 421 ἐπιεικεῖ
421 374 509 416 τινὶ
545 371 706 416 ἑαυτοῦ
737 372 811 427 βία
839 369 1004 425 κατέχει
1035 368 1168 419 ἄλλας
1197 368 1336 420 κακὰς
1366 368 1453 412 ἐπι·
1484 373 1523 414 D

71 443 236 498 θυμίας
273 441 480 493 ἐνούσας,
533 439 588 484 οὕ
625 442 816 490 πείθων,
867 438 934 482 ὅτι
973 435 1055 481 οὐκ
1106 437 1309 492 ἄμεινον,
1355 435 1457 480 οὐδ’

70 508 246 566 ἡμερῶν
286 509 431 566 λόγῳ,
454 505 569 558 ,ἀλλ’
601 505 769 564 ἀνάγκη
802 506 874 549 καὶ
905 503 1058 565 φόβῳ,
1092 506 1190 559 περὶ
1220 509 1295 560 τῆς
1325 503 1459 560 ἄλλης

72 576 225 628 οὐσίας
260 577 448 632 τρέμων,·
492 576 582 618 Καὶ
619 575 738 619 πάνυ
781 573 838 629 γ’,
883 574 979 630 ἔφη
1042 574 1128 616 Καὶ
1168 572 1222 627 νὴ
1254 575 1365 623 Δία,
1402 575 1460 630 ἠν

72 644 119 689 δ’
159 645 262 701 ἐγω,
303 647 338 689 ὠ
380 645 500 699 φίλε,

552 649 646 695 τοῖς
684 647 862 694 πολλοῖς
901 659 949 698 γε
999 641 1146 685 αὐτῶν
1195 640 1459 697 ἐνευρήσεις,

71 712 178 757 ὅταν
217 714 293 770 δέῃ
338 711 390 756 τὰ
438 711 641 767 ἀλλότρια
685 711 961 761 ἀναλίσκειν,
1007 727 1083 760 τας
1130 715 1211 754 τοῦ
1261 714 1459 766 κηφῆνος

71 851 167 905 δρα.

70 998 146 1033 Fic.
168 998 326 1043 neglecto
361 997 513 1043 ἑαυτοῦ,
541 1010 646 1043 quam
669 998 734 1032 sibi

69 1045 140 1099 ipsi
158 1046 275 1088 insert.

117 1087 292 1135 ημερῶν]
338 1091 397 1125 Sic
438 1091 519 1124 Par.
552 1092 592 1124 A.
632 1089 732 1124 Vind.

70 1137 177 1171 BEF.
227 1138 311 1192 Aug.
355 1137 412 1170 Β.
444 1138 523 1171 Vat.
558 1137 603 1170 H.
638 1136 730 1169 Flor

69 1183 244 1218 ACRTV.
279 1180 428 1227 ήμέρων
465 1184 549 1216 Ven.
576 1183 616 1215 C.
653 1183 729 1215 Par.

69 1229 113 1264 D.
124 1226 246 1275 ἡμέρῳ
263 1229 381 1274 reliqui
407 1234 442 1262 et
465 1229 629 1262 editiones
653 1232 733 1261 ante

68 1276 274 1309 Bekkerum.
323 1275 438 1316 „Post
475 1271 622 1319 ἡμέρῳ-
620 1272 694 1316 -λόι,
694 1286 731 1319 ῳ

67 1321 174 1355 videri
207 1320 316 1365 possit
336 1301 474 1365 yaliquid
497 1321 634 1353 deesse·
672 1299 731 1352 se‘d

68 1370 155 1421 puto
201 1367 467 1400 subaudiendum
518 1366 732 1422 participium

67 1410 240 1456 κατέχων,
240 1412 348 1469 quod
371 1413 599 1467 praecesserit
623 1410 730 1445 ἐπιει-

67 1462 126 1493 κεῖ
143 1471 215 1492 τινι
236 1456 373 1492 ἑαυτοῦ
403 1458 471 1504 βίῳ
499 1457 650 1515 κατέχει
669 1454 730 1491 ἅλ-

67 1507 133 1545 λας
159 1503 276 1544 κακὰς
321 1501 523 1548 ἐπιθυμίας
564 1502 730 1544 ἐνούσας.

66 1551 192 1596 Neque
222 1562 304 1584 vero
347 1563 484 1584 movere
523 1563 585 1584 nos
627 1551 731 1584 debet

67 1597 210 1632 altenun
250 1597 343 1641 quod
389 1597 542 1642 sequitur
592 1596 730 1641 paltici-

67 1643 176 1696 pium:
211 1654 313 1687 quum
347 1643 397 1676 ita
424 1654 535 1687 saepe
559 1643 624 1676 duo
650 1654 730 1687 par-

67 1688 182 1734 ticipia
205 1694 391 1733 ponantur,
426 1689 517 1722 nulla
549 1688 731 1722 interiecta

68 1734 199 1790 copula.
248 1734 315 1768 Hic
339 1740 451 1768 autem
474 1731 616 1778 τρέμων
645 1732 730 1777 περὶ

67 1781 134 1824 τῆς
161 1776 273 1824 ἄλλης
310 1777 475 1835 ουσίας,
504 1781 645 1835 perinde
678 1783 732 1813 est

69 1826 141 1861 acsi
172 1826 298 1860 dictum
322 1832 414 1860 esset
449 1822 513 1860 ἅτε
551 1825 703 1870 τρέμων.
708 1827 730 1844 “

67 1872 189 1916 steph.
224 1876 336 1907 annot.
366 1885 399 1918 p.
426 1874 483 1908 25.
509 1884 560 1917 sq.
610 1872 678 1912 Qui
703 1871 732 1905 si

66 1918 177 1952 Ficini
204 1920 480 1962 mansuefaciens
511 1919 731 1963 respexisset,

67 1976 89 1998 a
111 1976 193 1999 vero
218 1976 284 1998 non
308 1966 514 1999 aberrasset.

113 2018 229 2067 λόγῳ]
263 2021 298 2056 in
331 2022 428 2056 Vind.
453 2023 494 2055 F.
527 2021 577 2054 ita
610 2032 731 2055 exara-

67 2070 137 2101 tum
162 2073 237 2108 est,
269 2071 309 2101 ut
332 2066 396 2112 λόγ
400 2081 443 2103 ου
468 2079 543 2102 cum
567 2071 730 2102 commate

67 2116 104 2147 et
125 2110 250 2157 λόγοις
272 2081 396 2148 videriy
404 2114 522 2160 possit.

113 2167 216 2214 ἄλλ’]
251 2183 318 2206 om.
349 2172 444 2206 Flor.
471 2171 546 2206 Ac.
581 2174 740 2207 etam.-

67 2228 120 2262 pr.
137 2217 224 2250 Ven.
245 2217 285 2250 B.

112 2264 264 2301 πολλοῖς
287 2262 352 2319 γε]
375 2273 414 2305 γε
438 2275 503 2296 om.
529 2263 630 2296 Vind.
655 2263 693 2297 B.

115 2304 265 2353 αὐτῶν]
303 2306 422 2342 αὐτὸν
454 2309 540 2343 Lob.
577 2309 654 2343 Vat.
680 2309 727 2343 M.

69 2357 105 2388 et
134 2366 155 2388 a
186 2365 229 2387 m.
260 2366 286 2388 s.
321 2354 421 2391 Vind.
455 2355 496 2388 F.
530 2353 730 2401 (αὐτῶνθ.

68 2411 111 2433 m.
136 2400 206 2445 pr.)

115 2443 343 2489 ἐνευρήσεις]
377 2446 431 2480 Ita
450 2447 547 2481 Vind
562 2447 635 2482 ΒΕ.
649 2447 728 2480 Vat.

68 2491 114 2525 H.
138 2492 232 2525 Flor.
255 2492 361 2534 ACV.
386 2489 564 2548 εὑρήσεις,
588 2505 662 2538 sup.
691 2490 730 2526 ἐν

69 2549 173 2590 super
199 2549 262 2578 ευ,
286 2538 366 2572 Par.
390 2540 430 2572 A.
463 2535 628 2583 ευρήσεις
651 2539 731 2573 reli-

69 2584 128 2629 qui
162 2583 294 2617 codices
324 2589 359 2617 et
391 2584 481 2618 editi.
528 2586 568 2619 Id
599 2596 663 2630 per
692 2597 730 2618 se

69 2630 194 2663 bonum
218 2629 326 2663 altero
357 2634 467 2664 tamen
497 2632 648 2665 deterius
680 2631 731 2664 vi-

69 2675 170 2709 detur
197 2675 322 2720 quippe
345 2678 643 2721 exspectationem,
663 2689 729 2722 quo

69 2720 206 2755 dativus
243 2724 322 2760 τοῖς
356 2724 506 2763 πολλοῖς
546 2723 730 2776 pertineat,

69 2767 196 2800 diutius
241 2778 436 2811 suspensam
478 2774 617 2810 tenens,
674 2768 730 2803 cui

70 2809 277 2857 ἐνευρήσεις
299 2814 414 2848 statim
438 2815 616 2849 satisfacit.
656 2814 730 2847 Iam

70 2863 204 2894 constat
226 2858 382 2893 librarios
409 2861 512 2896 etiam
535 2860 729 2905 diligentio-

835 779 923 823 Καὶ
944 776 1080 834 μάλα,
1114 773 1139 833 ἦ
1171 776 1213 821 δ’
1246 776 1316 830 ὃς,
1349 776 1459 832 σφό-

790 1009 846 1031 res
881 997 1092 1031 detrahenda
1126 996 1320 1042 compositis
1352 1007 1455 1040 prae—

790 1043 960 1089 positione
995 1044 1124 1088 pariter
1161 1047 1265 1087 atque
1299 1042 1454 1076 addenda

790 1102 1033 1135 saepenumero
1058 1100 1230 1133 peccasse,
1255 1100 1324 1131 qua
1348 1090 1390 1121 de
1414 1099 1454 1120 re

791 1138 835 1169 cf.
862 1137 936 1169 xol.
961 1137 989 1171 Ι.
1013 1148 1046 1180 p.
1068 1137 1148 1175 356,
1174 1146 1204 1168 a.
1231 1146 1304 1167 cum
1330 1133 1453 1178 p.435‚

789 1182 822 1215 b.
848 1182 908 1215 inf.
944 1183 1066 1226 Itaque
1090 1193 1145 1213 res
1170 1182 1212 1214 ab
1238 1180 1454 1220 auctoritate,

789 1240 878 1272 quae
902 1228 977 1273 ipsa
1001 1228 1032 1260 h.
1060 1227 1079 1260 l.
1107 1226 1211 1259 dubia
1236 1233 1307 1263 est.
1334 1226 1377 1260 ad
1400 1226 1453 1258 in—

789 1274 898 1307 dolem
929 1274 1110 1307 lectionum
1142 1273 1244 1306 redit.
1300 1272 1454 1306 Nostrae

788 1331 870 1353 vero
910 1320 1013 1359 illud,
1048 1319 1136 1364 quod
1183 1318 1281 1352 verbi
1315 1316 1454 1361 ἐνευρί·

790 1376 888 1400 σκειν
927 1365 1050 1399 mentio
1083 1366 1115 1398 in
1140 1365 1260 1398 lexicis
1286 1365 1377 1398 nulla
1401 1365 1454 1406 fit,

789 1424 855 1445 non
880 1414 986 1445 solum
1010 1423 1074 1445 non
1105 1415 1224 1452 nocet,
1258 1411 1317 1444 sed
1352 1410 1456 1444 etiam

787 1458 950 1503 prodest,
991 1470 1098 1502 eaque
1141 1469 1175 1490 re
1216 1457 1338 1490 merito
1387 1468 1456 1490 non

789 1505 993 1537 absterritus
1038 1510 1090 1536 est
1128 1503 1328 1544 Bekkerus,
1373 1503 1455 1556 quin

787 1550 919 1585 Phileb.
942 1562 975 1595 p
1001 1550 1056 1584 40.
1083 1550 1124 1582 A.
1156 1546 1456 1593 s'vsgmwcccprypts'-

788 1607 855 1629 νον
896 1603 931 1629 et
964 1597 1047 1640 Leg.
1084 1596 1124 1630 L.
1152 1596 1211 1628 51.
1249 1607 1281 1640 p.
1309 1596 1388 1631 776.
1412 1595 1454 1628 A.

789 1639 995 1686 ἐγᾳέννησιν
1028 1643 1062 1675 in
1097 1642 1248 1675 ordinem
1271 1642 1456 1696 reciperet.

787 1688 863 1722 Nec
887 1688 1026 1730 dubito,
1058 1688 1138 1733 quin
1164 1685 1374 1731 ἐνευρήσεις
1398 1698 1455 1720 re-

788 1739 948 1779 cepturus
973 1735 1111 1774 fuisset,
1136 1734 1164 1767 si
1190 1739 1331 1778 praeter
1354 1732 1456 1766 Vind.

787 1780 829 1815 B.
872 1780 954 1813 alios
1008 1785 1044 1813 et
1083 1781 1264 1824 plerosque
1306 1779 1457 1813 familiae

787 1826 935 1870 optimae
969 1826 1172 1882 adscriptos
1187 1826 1219 1858 in
1246 1838 1285 1859 eo
1310 1837 1456 1859 consen-

786 1872 852 1905 tire
877 1872 1045 1905 scivisset.
1075 1873 1129 1905 Cf.
1156 1869 1232 1916 ε’,γε
1228 1869 1343 1928 ’γονεν
1367 1871 1454 1914 Leg-

788 1918 828 1951 L.
853 1919 918 1951 ΙΙΙ.
959 1930 994 1964 ιι
1032 1920 1112 1953 695.
1148 1918 1191 1951 Ε.
1225 1915 1365 1951 ἐνεῖναι
1405 1917 1453 1951 ib.

788 1964 828 1997 L.
854 1964 951 1997 VIII.
980 1976 1012 2009 p.
1035 1965 1112 1999 837.
1135 1964 1177 1998 D.
1204 1961 1380 2003 ἐντόνους
1404 1964 1452 1997 ib.

789 2010 830 2045 L.
864 2010 943 2044 XII.
988 2022 1023 2055 p.
1057 2010 1136 2045 945.
1172 2011 1211 2043 C.
1259 2011 1302 2044 ab
1335 2009 1454 2043 codem

786 2057 946 2090 Bekkero
971 2068 1033 2102 pro
1056 2056 1206 2100 vulgatis
1241 2056 1453 2100 simplicibus

785 2102 957 2136 restituta.

832 2169 880 2204 τὰ
907 2168 1107 2214 ἀλλότρια]
1139 2167 1341 2213 τάλλότρια
1363 2170 1454 2203 ven.

788 2217 827 2252 B.
852 2218 953 2251 Vind.
977 2218 1051 2250 BE.
1080 2217 1156 2250 Vat.
1174 2217 1217 2249 H.
1244 2216 1454 2250 Flor.ACV.

785 2264 990 2304 Bekkerus‚
1014 2266 1087 2296 Ast.
1113 2263 1145 2295 in
1172 2266 1250 2296 tert.
1269 2268 1305 2296 et
1329 2263 1453 2296 Stallb.

787 2309 842 2345 cf.
869 2311 941 2344 Vol.
961 2310 1009 2343 II.
1035 2321 1067 2354 p.
1094 2310 1173 2350 225,
1199 2320 1230 2341 a.

832 2364 1013 2412 ἐνούσας]
1053 2363 1211 2405 ἐνούσας
1237 2365 1339 2400 Vind.
1364 2365 1408 2400 F.

834 2421 1035 2468 ἐπιθυμίας
1046 2444 1087 2449 —-
1101 2424 1257 2464 διπλοῦς
1275 2425 1357 2468 τις]
1384 2436 1451 2458 om.

786 2471 875 2504 Lob.
901 2472 993 2505 Mon.
1018 2472 1059 2505 Β.
1087 2472 1166 2505 vat.
1186 2470 1274 2503 BM.
1301 2471 1388 2506 ven.
1414 2470 1455 2504 C.

787 2518 868 2551 Par.
898 2517 974 2550 ΒΚ.
1011 2517 1113 2557 Quod
1137 2516 1383 2550 Stallbaumius
1414 2516 1458 2550 de

787 2563 883 2597 Flor.
909 2563 953 2596 U.
989 2563 1089 2604 silet,
1128 2563 1246 2596 eadem
1278 2563 1458 2607 negligen-

789 2608 838 2642 tia
862 2610 991 2642 factum
1017 2608 1176 2649 videtur,
1210 2620 1279 2652 qua
1304 2609 1385 2643 Par.
1409 2608 1457 2642 K.

786 2654 852 2688 iam
878 2667 896 2688 a
920 2655 1109 2699 Bipontinis
1141 2654 1369 2698 significatam
1396 2655 1456 2687 ho-

787 2712 860 2734 rum
897 2702 1077 2734 verborum
1123 2700 1456 2745 praetermissionem

787 2758 854 2780 non
876 2747 1050 2781 indicavit.

832 2797 860 2847 ἦ
885 2800 922 2836 δ’
956 2799 1020 2848 ὃς]
1055 2801 1165 2842 εἰδώς
1188 2803 1264 2836 Ald.
1291 2804 1375 2838 Bas.
1399 2802 1452 2836 ab.

833 2855 933 2905 ἄρα]
959 2855 1025 2905 ἄρ’
1049 2861 1150 2897 Vind.
1174 2860 1218 2895 F.
