1764 3176
234 133 299 158 „1
661 91 1194 160 ΡΒΑΕΕΑΤῙΟ

237 233 517 278 1neffabilibus.“
547 232 638 276 quod
659 233 686 267 si
706 233 781 277 quis
809 234 902 268 dicat
931 235 976 268 ibi
1006 244 1142 277 quoque
1171 234 1239 268 iam
1271 234 1398 268 dictam
1420 233 1621 277 particulam

235 291 460 335 subintelligi,
492 290 767 333 respondendum
794 291 883 333 quod
903 291 1097 324 Diametros
1115 291 1309 324 lueffabiles
1332 291 1433 324 Plato
1452 302 1514 334 pro
1536 291 1621 324 Dia-

236 351 422 380 metrorum
439 347 663 380 Ineffabilium
680 347 861 388 Potentiis‚
890 358 1012 390 nempe
1028 347 1217 383 Quadratis
1234 348 1381 390 accepit.
1408 348 1500 380 nullo
1517 352 1622 390 pacto

235 414 372 446 nanque
395 404 559 436 Diametri
575 404 674 436 simul
696 404 889 437 Ineffabiles
908 404 1066 447 componi
1084 408 1238 448 possunt,
1270 408 1307 436 ut
1326 414 1370 436 ex
1391 414 1510 437 eorum
1528 414 1622 437 com—

237 460 408 503 positione
427 471 586 493 numerus
610 460 764 493 Effabilis
793 462 924 494 oriatur
942 462 1051 503 qualis
1084 464 1137 493 est
1163 461 1236 503 ipse
1264 461 1384 494 decem
1405 461 1531 500 millia,
1565 461 1623 502 qui

236 516 477 559 producendus
494 521 557 550 est.
615 518 735 550 Omnis
756 517 846 550 enim
870 518 1013 550 effabilis
1035 527 1194 550 numerus
1212 517 1338 550 divisus
1359 527 1420 559 per
1445 526 1624 550 numerum

236 573 438 615 Effabilem‚
469 574 503 606 in
533 583 691 607 numeros
708 574 870 606 Effabiles
888 574 1053 616 perpetuo
1075 573 1253 606 dividitur:
1283 574 1438 607 Effabilis
1461 573 1541 606 vero
1561 583 1624 615 per

238 630 450 663 Ineffabilem
482 630 628 671 divisus,
654 630 686 663 in
709 634 824 673 partes
850 631 1044 664 Ineffabiles
1060 641 1196 671 semper
1234 630 1409 663 dividitur:
1440 629 1623 663 Ineffabilis

238 690 354 720 autem
375 698 435 729 per
455 687 635 719 Effabilem
655 687 683 719 si
711 686 900 727 dividatur,
929 688 962 720 in
983 691 1099 730 partes
1116 687 1310 720 Ineffabiles
1329 697 1463 728 semper
1493 685 1622 719 divide-

238 748 310 776 tur:
341 743 526 776 Ineffabilis
546 743 680 776 demum
697 754 758 786 per
777 743 986 777 Ineffabilem
1007 743 1149 785 divisus,
1180 743 1385 786 quandoque
1413 742 1570 775 dividitur
1588 742 1624 775 in

237 805 353 843 partes
375 800 549 841 Effabiles,
573 800 775 842 quandoque
793 800 827 833 in
846 800 1054 836 ineffabiles.
1111 800 1212 833 Unde
1231 799 1445 833 manifestum
1462 803 1515 832 est
1532 798 1623 841 quod

238 867 281 890 ex
313 857 513 889 Effabilibus
533 856 669 899 quidem
699 857 847 889 numeris
869 857 1013 890 invicem
1058 850 1255 899 compositis
1279 856 1434 890 Effabilis
1461 865 1623 889 numerus

235 924 370 956 semper
391 917 547 946 creatur:
578 924 620 946 ex
641 914 872 946 Ineffabilibus
892 914 971 946 vero
990 914 1187 956 compositis
1207 913 1251 946 ad
1270 914 1433 954 invicem,
1462 911 1624 944 Ineffabi-

235 970 278 1003 lis
296 980 429 1012 semper
446 971 505 1003 fit:
539 980 581 1003 ex
606 969 744 1002 Effabili
771 973 906 1011 autem,
937 974 973 1003 et
998 970 1164 1003 lneffabili
1188 971 1225 1002 fit
1254 980 1388 1013 semper
1413 968 1622 1010 Ineffabili53

236 1031 275 1059 ut
295 1027 335 1059 iis
353 1027 569 1069 perspicuum
588 1030 654 1070 est,
680 1026 735 1068 qui
756 1026 848 1059 circa
866 1037 1025 1060 numeros
1044 1031 1115 1059 tum
1133 1026 1309 1067 Effabiles,
1337 1030 1409 1058 tum
1429 1025 1625 1058 lneffabiles

236 1083 521 1116 consumatissimi
545 1087 640 1124 sunt,
672 1083 779 1125 qualis
811 1087 863 1116 est
889 1083 1201 1126 praestantissimus
1223 1083 1372 1115 omnium
1405 1080 1545 1115 huiusce
1573 1082 1624 1114 rei

235 1139 466 1183 professorum
487 1138 623 1182 Aeques
642 1140 815 1182 Pompeus
836 1140 1063 1182 Bolognettus
1081 1139 1146 1172 hac
1167 1143 1285 1172 nostra
1303 1142 1509 1182 tempestate
1529 1138 1624 1171 certe

235 1197 426 1230 mirandum
453 1197 675 1229 Individuum.
734 1196 830 1230 Talis
850 1198 953 1239 igitur
973 1201 1026 1230 est
1047 1196 1328 1239 circunscriptio,
1357 1206 1424 1238 qua
1445 1205 1624 1228 numerum

236 1253 357 1287 decem
377 1254 480 1286 millia
490 1254 591 1286 Plato
608 1254 875 1286 circumscribere
891 1254 1005 1287 voluit.
1063 1253 1110 1286 Ut
1122 1257 1238 1286 autem
1254 1253 1327 1295 ipsa
1346 1252 1455 1294 magis
1475 1253 1622 1294 eluceat,

237 1310 402 1353 exemplis
434 1321 568 1352 quoque
592 1309 801 1343 declaranda
831 1314 894 1344 est.
953 1310 1168 1353 Suscipiatur
1187 1310 1303 1351 itaque
1323 1309 1539 1352 septenarius
1557 1318 1622 1341 nu-

237 1378 370 1409 merus,
404 1368 459 1409 qui
485 1367 641 1400 Effabilis
667 1367 844 1400 Diameter
872 1371 924 1400 est
950 1367 1108 1409 quinarii,
1136 1367 1271 1408 unoque
1300 1366 1431 1407 indiget
1451 1366 1493 1398 ad
1522 1375 1623 1398 com·

236 1424 396 1468 plendam
419 1424 615 1456 Potentiam
645 1423 783 1466 duplam
806 1424 979 1466 potentiae
999 1423 1148 1456 eiusdem
1172 1423 1336 1465 quinarii3
1367 1426 1403 1455 et
1419 1423 1623 1465 multiplice-

237 1485 294 1514 tur
323 1491 385 1523 per
416 1491 592 1513 numerum
614 1481 702 1513 mille
724 1480 973 1523 quadringenta
1007 1480 1145 1513 decem:
1176 1479 1387 1522 producetur
1412 1478 1548 1522 quidem
1579 1489 1623 1511 ex

238 1549 279 1571 ea
308 1537 589 1579 multiplicatione
611 1547 770 1570 numerus
793 1548 912 1570 novem
940 1537 1043 1570 millia
1064 1537 1261 1579 octingenta
1291 1537 1533 1580 septuaginta,
1566 1535 1624 1578 qui

238 1594 474 1637 complectitur
504 1594 538 1626 in
567 1604 604 1627 se
634 1594 725 1626 mille
756 1594 1024 1636 quadringentos
1047 1593 1166 1626 decem
1196 1593 1428 1635 septenarios,
1473 1591 1539 1625 hoc
1571 1595 1624 1624 est

236 1651 401 1685 Effabiles
426 1650 571 1692 quinarii
592 1650 786 1683 Diametros
816 1650 1009 1692 indigentes
1038 1660 1106 1683 uno
1138 1650 1301 1692 singulos.
1338 1648 1505 1692 posthaec
1529 1648 1625 1681 acci-

237 1708 374 1751 piantur
402 1707 490 1739 duae
519 1707 743 1740 lneffabilium
773 1707 1026 1740 Diametrorum
1054 1707 1256 1749 potentiae,
1287 1716 1430 1748 quarum
1456 1716 1522 1738 una
1547 1705 1624 1748 qui-

239 1764 315 1798 dem
336 1765 380 1797 sit
398 1765 539 1805 triginta
557 1764 640 1804 tria,
670 1763 830 1796 Potentia
864 1763 995 1796 scilicet
1015 1763 1180 1795 Diametri
1202 1763 1372 1797 Quadrati
1395 1763 1415 1795 a
1438 1766 1625 1804 quaterna-

239 1822 291 1855 rio
313 1820 483 1863 producti:
516 1821 623 1852 altera
641 1819 721 1852 vero
741 1820 929 1861 nonaginta
947 1824 1091 1862 septem,
1110 1819 1267 1851 videlicet
1279 1819 1440 1851 Potentia
1454 1818 1625 1854 Quadrati

240 1877 261 1911 a
282 1881 378 1910 costa
406 1882 537 1920 septem
563 1876 741 1921 producti,
772 1887 860 1918 quae
891 1876 994 1919 porro
1015 1876 1103 1908 duae
1119 1876 1294 1918 potentiae
1317 1875 1483 1917 superiori
1502 1885 1624 1908 novem

239 1935 343 1967 millia
368 1935 566 1976 octingenta
596 1934 814 1976 septuaginta
843 1943 986 1965 numero
1016 1932 1204 1973 addantur,
1233 1932 1376 1974 totaque
1391 1941 1524 1964 summa
1544 1931 1624 1964 inde

239 1991 440 2034 proveniens
473 1991 505 2023 in
537 2001 640 2023 unum
671 1991 866 2031 colligaturt
898 1989 1002 2022 dubio
1028 1990 1147 2032 procul
1181 1999 1341 2022 numerus
1374 1988 1493 2021 decem
1520 1989 1624 2021 millia

131 2028 466 2111 1412pr0ducetun
495 2051 533 2079 ut
562 2047 597 2080 in
630 2047 822 2090 subscripto
851 2050 948 2088 patet
975 2047 1142 2089 exemplo.
1171 2055 1329 2078 numerus
1359 2045 1474 2087 itaque
1503 2045 1623 2078 decem

92 2105 341 2137 *millia
364 2108 500 2137 constat
527 2114 569 2137 ex
598 2104 689 2137 mille
713 2103 972 2146 quadringentis
999 2103 1117 2136 decem
1145 2102 1367 2145 septenariis,
1404 2101 1438 2134 id
1470 2105 1522 2134 est
1541 2102 1624 2135 Dia-

130 2150 223 2184 9870
238 2161 353 2194 metris
377 2161 577 2194 Effabilibus
610 2160 773 2203 quinariis
800 2160 1030 2202 indigentibus
1064 2169 1131 2192 uno
1161 2159 1321 2203 singulis,
1351 2159 1407 2200 qui
1435 2159 1533 2191 simul
1553 2159 1626 2192 col-

177 2210 223 2244 33
238 2218 318 2251 lecti
338 2217 466 2250 faciunt
496 2228 615 2250 novem
644 2218 744 2250 millia
767 2218 966 2258 octingenta
993 2216 1231 2260 septuaginta:
1264 2220 1299 2248 et
1319 2215 1448 2248 duabus
1465 2215 1627 2248 Ineffabi-

178 2256 224 2290 97
238 2275 347 2318 libus,
378 2273 445 2307 hoc
477 2278 529 2307 est
563 2274 694 2307 duabus
723 2274 948 2307 Inesfabilium
980 2274 1231 2307 Diametrorum
1265 2272 1456 2313 Potentiis‚
1485 2272 1626 2314 triginta

110 2328 226 2362 10000
239 2332 345 2364 tribus
379 2331 530 2373 scilicet,
560 2336 594 2364 et
618 2331 805 2373 nonaginta
837 2334 980 2373 septem.
1039 2330 1202 2362 Similiter
1234 2333 1348 2361 autem
1380 2332 1494 2371 potest
1523 2328 1626 2361 etiam

157 2388 225 2422 890
239 2389 311 2431 ipse
332 2387 451 2421 decem
483 2388 585 2420 millia
612 2398 772 2421 numerus
792 2388 901 2420 creari
923 2398 965 2420 ex
987 2387 1118 2420 duabus
1138 2385 1211 2418 aliis
1240 2386 1464 2418 Ineffabilium
1485 2385 1626 2418 Diame-

203 2435 367 2478 7tr0rum
392 2444 584 2487 Potentiis‚
629 2445 696 2477 una
728 2455 804 2477 cum
835 2444 1054 2486 paucioribus
1084 2443 1300 2485 septenarii&
1342 2446 1380 2474 ut
1406 2442 1439 2475 in
1472 2442 1624 2475 secundo

135 2505 227 2541 6230
240 2502 430 2544 subscripto
451 2505 563 2534 exstat
584 2502 751 2543 exemplo.
809 2500 921 2534 Recte
940 2501 1042 2543 igitur
1061 2499 1200 2542 quanvis
1222 2499 1368 2531 obscure
1385 2498 1487 2531 Plato
1514 2499 1626 2541 ipsum

181 2567 226 2600 73
241 2558 356 2593 decem
384 2558 486 2591 millia
515 2568 691 2590 numerum
721 2558 975 2600 circunscripsit
1007 2557 1123 2590 dicens
1162 2565 1239 2588 eum
1271 2556 1345 2588 fieri
1376 2565 1418 2588 ex
1443 2554 1626 2588 Diametris

135 2614 226 2649 3697
240 2615 440 2649 Effabilibus
460 2615 620 2656 quinariis
641 2614 870 2656 indigentibus
893 2624 961 2647 uno
983 2613 1146 2656 singulis,
1176 2612 1307 2645 duabus
1329 2616 1443 2644 autem
1464 2611 1626 2644 Ineffabi-

115 2673 338 2720 100001ibus.
407 2671 583 2704 Hactenus
623 2675 736 2704 autem
763 2670 977 2704 manifestum
1011 2674 1063 2703 est
1093 2679 1259 2712 quaenam
1300 2669 1345 2702 sit
1369 2668 1472 2701 etiam
1506 2669 1625 2709 altera,

244 2728 460 2771 secundaque
493 2726 691 2769 harmonia,
721 2738 783 2771 per
805 2728 899 2761 cuius
929 2726 1181 2760 similitudinem
1202 2725 1364 2768 explicuit
1379 2725 1481 2758 Plato
1502 2734 1625 2757 secun-

244 2785 324 2820 dam
341 2784 554 2820 harmoniam
579 2784 720 2819 duarum
734 2809 744 2827 ‚
774 2794 860 2828 quas
889 2784 964 2828 ipsa
979 2783 1210 2828 Sesquitertia
1231 2781 1348 2826 radix,
1378 2782 1449 2816 sive
1465 2784 1626 2825 septena-
