1764 3176
573 162 1054 229 EDITORI'S.
1406 201 1516 226 mn

126 312 182 341 tur
199 305 288 340 duae
319 306 451 350 primae
469 305 621 349 figurae,
649 315 739 348 quae
760 309 841 340 sunt
865 305 927 347 17,
957 305 1192 347 relinquuntur
1221 302 1290 346 283
1323 301 1344 336 a
1369 313 1437 347 quo
1453 313 1518 337 nu-

126 374 220 398 mero
241 364 270 397 si
285 362 486 396 detrahatur
507 362 641 403 unitas,
671 363 841 406 supererit
867 361 911 394 27
929 362 1045 394 Cubus
1063 361 1215 394 ternarii.
1246 364 1300 393 ter
1326 360 1415 394 enim
1439 360 1519 402 tria,

124 431 266 461 novem3
284 422 332 453 'et
360 424 413 453 ter
436 419 479 460 9,
516 419 766 462 vigintiseptem
785 419 926 452 faciunt.
959 418 1049 460 quod
1079 422 1193 450 autem
1212 417 1261 449 ait
1281 417 1416 460 Faber,
1450 417 1521 451 tale

124 481 191 510 est.
224 477 268 510 sit
292 477 311 509 a
329 476 514 510 novenario
540 475 727 518 productus
746 476 861 509 Cubus
877 474 958 515 7:³9,
989 475 1008 507 a
1029 484 1095 516 quo
1113 475 1226 506 unitas
1250 473 1436 515 auferatur,
1464 484 1523 507 re-

123 534 275 567 manebit
295 544 456 567 numerus
476 531 564 572 7283
594 532 628 565 in
649 533 744 565 cuius
765 532 933 576 principio
951 531 978 564 si
998 535 1146 573 ponatur
1168 530 1292 570 unitas,
1312 531 1523 573 producetur

123 591 196 633 ipse
215 589 305 623 1728
330 589 570 622 Geometricus
592 588 766 624 numerus.
823 589 917 622 Ecce
946 587 1118 630 quomodo
1147 597 1308 619 numerus
1332 588 1405 630 ipse
1426 588 1522 620 Geo-

122 647 286 680 metricus
297 656 339 679 ex
351 646 537 680 novenario
554 645 766 688 producitur.
799 646 853 678 Sit
865 648 1046 688 praeterea
1057 644 1173 676 Cubus
1192 644 1212 676 a
1231 645 1382 677 ternario
1394 644 1524 687 produ-

122 707 198 737 ctus
218 702 275 744 27,
297 703 350 736 cui
366 693 513 736 addatur
531 702 658 743 unitas,
688 703 771 735 fient
788 702 857 743 28;
890 706 970 735 ante
990 711 1089 744 quem
1110 710 1288 733 numerum
1309 701 1337 733 si
1353 705 1524 744 ponantur

121 759 186 793 hae
205 760 294 793 duae
312 760 444 802 figurae
467 759 530 800 17,
560 758 732 792 creabitur
751 760 874 792 iterum
895 767 1056 792 numerus
1081 756 1170 791 1723
1190 757 1455 799 Geometricus,
1485 760 1523 790 ut

120 817 155 851 in
176 816 369 860 subscripto
390 815 497 850 videri
511 820 629 859 potest
645 817 814 859 exemplo.

120 1099 201 1133 Hoc
217 1100 321 1143 igitur
348 1099 450 1132 modo
465 1098 583 1133 Faber
601 1108 779 1131 numerum
807 1096 1066 1130 Geometricum
1093 1105 1136 1128 ex
1154 1095 1263 1128 tribus
1283 1094 1422 1127 Cubicis
1444 1093 1520 1127 Ra-

121 1156 252 1190 dicibus
271 1156 424 1189 ternario
457 1155 609 1196 scilicet,
640 1154 848 1194 novenario,
877 1152 1160 1194 duodenarioque
1186 1151 1361 1195 producit.
1420 1151 1520 1186 Quo-

120 1213 213 1247 niam
229 1217 344 1247 autem
361 1211 490 1257 (inquit
509 1208 601 1257 ipse)
622 1215 694 1245 tres
711 1211 799 1244 istae
819 1209 983 1252 Radices,
1012 1219 1136 1252 nempe
1156 1208 1190 1250 3,
1224 1207 1258 1251 9,
1290 1212 1326 1241 et
1346 1206 1389 1240 12
1409 1207 1520 1240 maxi-

119 1280 212 1304 mam
232 1270 266 1303 in
284 1280 323 1303 se
341 1269 544 1311 dignitatem
563 1267 713 1311 habent,
745 1271 886 1310 propter
915 1267 1041 1299 multas
1072 1262 1177 1310 (quas
1212 1265 1286 1308 ipse
1314 1264 1361 1297 ibi
1378 1259 1520 1309 narrat)

121 1327 284 1368 ternarii,
325 1325 523 1367 novenarii,
561 1324 833 1367 duodenariique
871 1323 1122 1367 perfectiones3
1167 1322 1297 1355 idcirco
1336 1321 1404 1355 iam
1436 1320 1520 1354 dicti

121 1388 192 1417 tres
207 1383 297 1417 Cubi
314 1393 428 1417 rerum
455 1387 566 1415 status
587 1381 781 1424 designant.
840 1381 1014 1416 Quoniam
1036 1380 1116 1413 vero
1139 1390 1182 1413 ex
1200 1379 1310 1412 tribus
1326 1378 1394 1411 iam
1419 1377 1520 1410 dictis

120 1441 226 1474 Cubis
245 1450 332 1473 unus
343 1444 398 1473 est
416 1440 491 1483 ipse
513 1439 604 1472 mille
619 1438 840 1482 septingenta
861 1437 1062 1479 vigintiocto
1084 1436 1327 1469 Geometricus
1344 1445 1520 1476 numerus,

119 1498 244 1542 quippe
279 1497 337 1539 qui
356 1507 397 1529 ex
415 1496 549 1529 duobus
567 1495 670 1529 etiam
687 1495 828 1537 reliquis
850 1494 1018 1528 dictorum
1040 1494 1142 1526 trium
1162 1493 1336 1526 Cuborum
1358 1489 1416 1536 (ut
1433 1491 1521 1525 vidi-

119 1548 213 1600 mus)
237 1553 454 1597 producitur:
484 1557 667 1595 propterea
698 1549 826 1596 (iuquit
851 1548 985 1596 Faber)
1004 1560 1164 1584 numerus
1184 1550 1258 1593 ipse
1278 1548 1520 1583 Geometricus

120 1612 418 1654 complementum,
437 1615 634 1652 statumque
650 1609 884 1641 universorum
904 1607 994 1651 apud
1014 1607 1217 1640 Platonicos
1237 1607 1430 1648 significat3
1461 1605 1520 1648 qui

119 1669 203 1701 sane
221 1673 333 1700 status
360 1667 491 1710 (inquit
518 1664 610 1711 ipse)
640 1665 778 1708 quando
812 1665 992 1705 adveniet,
1023 1664 1088 1697 soli
1118 1664 1216 1696 DEO
1248 1663 1423 1705 cognitum
1454 1666 1519 1696 est.

120 1723 392 1767 Quartodecimo
423 1723 527 1756 docet
557 1723 631 1765 ipse
657 1722 771 1755 Faber
801 1722 939 1763 regulas
973 1721 1048 1753 illas
1076 1718 1343 1762 pulcherrimas,
1389 1729 1473 1762 quas
1498 1719 1519 1752 a

119 1780 265 1815 Theonc
285 1780 477 1822 Smyrnaeo
498 1779 693 1822 excerpsit,
723 1778 844 1820 quibus
872 1781 1013 1810 utuntur
1035 1775 1248 1809 Arithmetici
1278 1776 1321 1810 ad
1341 1776 1519 1809 invenien-

119 1837 182 1871 dos
212 1846 372 1884 numeros
400 1836 605 1876 Laterales‚
637 1838 672 1868 et
698 1835 924 1867 Diametrales
958 1833 1215 1869 Quadratorum
1239 1837 1311 1866 tum
1340 1833 1518 1874 Eflabiles‚

119 1901 190 1928 tum
206 1893 413 1934 lneffabiles‚
442 1897 480 1925 ut
497 1902 559 1925 uos
581 1892 683 1925 etiam
702 1891 735 1924 in
755 1891 985 1934 superioribus
1005 1890 1192 1923 docuimus.
1250 1889 1517 1925 Quintodecimo

120 1955 155 1985 et
173 1950 292 1984 ultimo
313 1949 493 1993 postquam
511 1947 599 1982 haec
618 1947 733 1982 omnia
751 1948 867 1981 Faber
887 1948 935 1981 ita
962 1947 1169 1988 declaravit,
1199 1946 1327 1980 adiecit
1352 1956 1515 1989 magnum

117 2007 276 2042 Platonis
298 2007 538 2049 magnanima,
569 2005 612 2038 de
640 2014 708 2047 quo
736 2005 944 2038 mentionem
963 2003 1044 2037 fecit
1063 2002 1266 2041 Aristoteles
1286 2014 1394 2046 prope
1412 2004 1515 2037 finem

118 2064 227 2108 quinti
245 2063 493 2103 Politicorum‚
522 2062 580 2095 ubi
601 2061 739 2095 dicebat
768 2061 931 2106 „quando
961 2072 1123 2096 numerus
1139 2060 1423 2105 Diagrammatis
1448 2060 1515 2093 hn-

116 2120 267 2156 iusmodi
285 2110 461 2164 efficiatur
480 2119 661 2153 Solidus.“
717 2118 874 2152 Platonis
895 2122 1011 2151 autem
1029 2118 1252 2160 Diagramma
1269 2117 1315 2150 nil
1335 2116 1426 2150 aliud
1448 2120 1514 2158 est,

117 2178 182 2212 nisi
207 2178 319 2220 figura
346 2175 536 2219 quaedam,
565 2176 598 2209 in
625 2186 692 2218 qua
721 2175 926 2208 describitur
953 2174 997 2208 ad
1035 2174 1214 2208 denarium
1244 2184 1352 2216 usque
1379 2173 1515 2217 species

118 2244 345 2277 unaquaeque
361 2243 601 2273 numerorum,
630 2233 673 2266 de
700 2232 821 2275 quibus
847 2233 881 2265 in
899 2232 1073 2275 praesenti
1094 2232 1170 2264 loco
1189 2230 1291 2263 Plato
1320 2240 1514 2264 sermonem

120 2290 245 2332 habet}
281 2295 320 2323 ut
353 2301 471 2323 omnes
508 2288 613 2323 hosce
643 2290 845 2323 Platonicos
867 2299 1026 2322 numeros
1058 2289 1092 2321 in
1120 2288 1177 2321 illa
1204 2288 1315 2329 figura
1349 2292 1514 2330 tanquam

121 2358 182 2391 per
219 2347 458 2390 compendium
487 2346 679 2390 descriptos
708 2345 847 2388 affigere
882 2346 1068 2379 memoriae
1103 2344 1281 2388 possimus.
1348 2344 1516 2386 Magnum

120 2405 236 2447 itaque
268 2404 484 2438 Platonicum
514 2404 757 2447 magi-amma,
797 2403 887 2446 quod
913 2402 1090 2448 Faberjn
1117 2401 1266 2435 medium
1294 2402 1433 2443 attulit,
1463 2404 1516 2436 est

119 2460 324 2496 huiusmodi.
