1764 3176
432 185 770 229 CIVITAS
811 187 1167 229 LIB.*V111.546

1417 192 1472 231 17

88 299 139 344 δὲ
163 295 292 350 οὗτος
320 296 509 356 ἀριθμός
547 298 857 354 γεωμετρικός,
896 301 1105 344 τοιούτου
1145 298 1332 354 κύριος,.
1353 297 1469 355 ἀμει-

84 364 233 412 νόνων
261 381 306 409 τε
337 369 413 411 καὶ
450 365 665 424 χειρόνων
703 365 939 422 γενέσεων·
980 365 1032 418 ἃς
1072 385 1179 411 οταν
1221 365 1468 424 ἀγνοήσαν-

81 436 153 487 τες
178 433 288 490 ὑμῖν
316 435 360 482 οἱ
389 435 582 492 φύλακες
610 434 886 486 συνοικίζωσι
923 432 1102 490 νύμφας
1140 437 1351 491 νυμφίοις
1380 450 1465 478 πα-
1488 432 1528 473 D

83 502 140 558 ρὰ
179 499 358 556 καιρόν,
400 502 486 547 οὐκ
511 502 690 557 εὐφυεῖς
721 499 824 545 ουδ’
861 499 1055 558 εὐτυχεῖς
1084 506 1235 554 παῖδες
1270 504 1464 547 ἔσονται·

83 566 145 615 ὠν
168 570 522 627 καταστήσονται
550 570 629 627 μὲν
657 570 761 621 τοὺς
791 568 996 624 ἀρίστους
1016 572 1061 613 οἱ
1089 570 1312 625 πρότεροι,
1348 569 1467 626 ὅμως

83 639 145 683 δὲ
169 637 292 690 ὄντες
335 636 537 690 ἀνάξιοι,
569 639 637 689 εἰς
675 636 754 688 τὰς
791 655 880 681 των
918 638 1121 691 πατέρων
1162 640 1218 681 αὐ
1259 639 1467 695 δυνάμεις

81 707 286 759 ἐλθόντες
320 705 446 763 ἡμων
485 721 663 762 πρωτον
704 704 908 761 ἄρξονται
950 703 1124 763 ἀμελεῖν
1161 705 1356 762 φύλακες
1391 707 1467 751 ὄν-

84 883 222 928 quidem
263 892 502 922 numerorum,
554 881 607 915 ita
651 886 689 915 ut
722 893 745 914 a

86 929 268 963 diametris
303 928 473 962 dictarum
506 928 745 972 quinariarum

85 975 256 1020 singulis,
280 986 386 1008 unu-m
406 975 516 1008 desit.-
541 975 585 1007 ab
604 975 657 1008 his
681 987 746 1008 au-

85 1026 154 1056 tem
168 1046 178 1062 ‚
203 1032 292 1065 quae
304 1018 387 1054 dici
392 1032 460 1054 non
483 1025 633 1063 possunt,
659 1021 745 1054 duo.
739 1033 748 1042 ·

87 1079 111 1102 a·
132 1072 268 1101 centum
298 1078 378 1100 vero
408 1067 527 1107 cubis,
562 1068 748 1100 ternarius.

86 1112 246 1147 Commii
291 1113 517 1146 coniecturam
552 1112 747 1157 Stephanus

86 1162 202 1193 annot.
227 1169 260 1203 p.
286 1158 344 1192 25.
375 1161 546 1203 tamquam
570 1158 669 1191 aliam
698 1158 748 1191 le-

85 1205 253 1245 ctionem,
276 1203 326 1237 uti
350 1204 459 1245 solet,
479 1208 747 1239 ,comme-morat:

85 1250 196 1285 Huius
219 1250 287 1284 loci
310 1250 378 1283 alia
402 1249 503 1282 etiam
527 1250 673 1283 affertur
696 1251 746 1283 le—

86 1296 181 1331 ctiot.
201 1296 286 1329 haec
309 1295 487 1336 nimirum,
510 1292 579 1338 τήν
613 1293 653 1329 δὲ
678 1301 743 1330 etc.

84 1353 194 1387 usque
226 1342 269 1375 ad
305 1338 477 1375 ἑκάστων.
525 1341 564 1374 In
601 1353 746 1388 sequen-

84 1387 176 1422 tibus
199 1392 332 1429 autem,
359 1390 438 1420 ante
465 1387 573 1421 δυοῖν
600 1392 635 1422 et
666 1391 746 1422 ante

84 1431 238 1478 τριάδος
285 1433 469 1478 ponendae·
508 1433 746 1479 hypostigmae

85 1479 224 1513 suerint.
235 1481 259 1498 “

131 1521 297 1581 εκατὸν]
305 1521 461 1558 εκοιστον
485 1525 559 1558 Ald.
577 1526 664 1559 Bas.
691 1538 721 1560 a.

131 1568 331 1615 ἀριθμῶν]
368 1567 534 1614 ἀριθμὸν
566 1572 665 1607 Vind.
699 1573 744 1607 Ε.

83 1617 160 1652 ΑΙᾶ.
193 1617 276 1652 Bas.
302 1618 357 1650 ab.
385 1617 562 1672 „Legitur
585 1617 618 1650 in
641 1630 745 1673 prae-

85 1663 218 1697 cedent.
231 1662 311 1696 edit.
325 1660 478 1696 ἕκαστον
494 1674 561 1706 μεν
580 1660 745 1707 ἀριθμὸν

85 1706 162 1743 ἀπὸ
186 1709 287 1752 διαμ.
292 1710 315 1727 “
339 1709 566 1764 Stephanus'
556 1721 592 1742 ιιι
608 1721 650 1744 ιιι.

132 1752 207 1789 ἀπὸ
222 1751 440 1799 διαμέτρων]
454 1752 634 1799 οἷποδιαμ.
645 1756 744 1791 Vind.

130 1843 349 1901 πεμπάδος]
375 1843 559 1886 πεντάδος
593 1848 671 1881 Vat.
696 1847 745 1881 Μ.

85 1889 312 1936 πεμπανδων
343 1892 436 1925 Μοιι.
464 1893 505 1928 Β.
540 1891 744 1936 πεμπάδων

85 1939 170 1973 Ven.
197 1938 237 1971 C.
262 1938 343 1971 Par.
367 1938 443 1972 ΒΚ.
468 1938 564 1972 Flor.
590 1939 634 1972 U.

85 1983 188 2019 editis
212 1988 292 2018 ante
316 1984 520 2018 Bekkerum.

132 2029 260 2074 δνεῖν]
286 2030 356 2064 -Ita
387 2030 468 2064 Par.
500 2032 541 2064 A.
583 2031 666 2065 Ven.
700 2032 743 2065 C.

85 2075 176 2110 Flor.
204 2076 245 2110 C.
278 2076 415 2120 Reliqui
438 2076 546 2110 δυοῖν
570 2088 644 2110 cum
669 2078 742 2111 edi-

81 2121 279 2202 τὶοιὲὺιιε
256 2125 336 2156 ante
359 2122 501 2156 Astium.
528 2123 583 2157 Cf.
610 2123 684 2159 Vol.
696 2124 742 2159 II.

84 2179 108 2213 p
168 2170 190 2202 2
225 2179 265 2212 sq

85 2180 369 2294 Εὶὲζιξιζᾜῐεζιύ
372 2213 512 2293 ‘igneis
514 2214 744 2306 1ῃδίεεοιέιρίῑιῑ

84 2315 163 2338 nem
186 2305 237 2338 sic
261 2305 446 2339 convertit.
480 2307 516 2340 in
543 2319 608 2351 quo
630 2309 743 2352 primo

88 2352 392 2396 augmentationes
409 2359 611 2396 superantes
629 2359 663 2388 et
684 2366 742 2388 su-

669 1951 744 1974 culn

84 2402 230 2441 pen-atae
267 2402 337 2431 tres
378 2398 588 2440 distantiae,
638 2405 742 2445 atque

18 2447 21 2450 ⁴
86 2448 234 2487 quatuor
251 2445 416 2478 terminos
438 2446 664 2488 accipientes,
695 2448 743 2481 si-

86 2490 293 2522 mulantium
317 2495 352 2524 et
375 2491 675 2533 dissimilantium,
710 2498 744 2527 et

88 2535 311 2569 crescentium
366 2541 399 2570 et
462 2538 742 2580 decrescentium,

87 2586 211 2614 cuncta
256 2584 554 2636 coo-respondentia
585 2590 620 2619 et
653 2597 742 2618 com-

84 2628 265 2671 parabilia
283 2629 425 2662 invicem
440 2631 643 2674 effecerunt:
661 2644 743 2676 quo-

86 2684 163 2707 rum
195 2675 412 2718 sesquitertia
445 2678 549 2710 radix
581 2678 745 2721 quinitati

87 2720 270 2754 coniuncta
297 2721 385 2754 duas
411 2722 611 2756 harmonias
639 2735 744 2767 prae-

87 2766 144 2800 bet
161 2771 214 2799 ter
236 2772 361 2800 aucta.-
384 2779 489 2801 unam
512 2770 649 2813 quidem
681 2782 743 2804 ae-

85 2812 222 2855 qualem
251 2814 464 2857 aequaliter,
499 2821 634 2849 centum
660 2828 742 2849 cen—

86 2857 169 2892 ties.-
203 2859 350 2893 alteram
377 2871 458 2894 vero
486 2862 642 2905 aequalis
666 2863 742 2906 qui-

159 2915 365 2957 PLA'roms
395 2918 455 2958 01>
466 2950 473 2958 .
488 2917 559 2958 ΙΙΙ.

803 881 880 915 dem
908 881 1158 926 longitudinis,
1195 881 1256 914 sed
1289 880 1467 926 oblongio-

802 929 869 969 ris,
903 932 1039 960 centum
1077 927 1213 971 quidem
1249 939 1467 960 numerorum

804 986 844 1008 ex
860 974 1041 1008 diametris
1062 974 1348 1016 comparabilibus
1376 975 1466 1007 invi-

804 1032 876 1053 cem
901 1018 1099 1063 duinitatis,
1135 1019 1370 1064 indigentibus
1400 1031 1466 1053 uno

805 1078 845 1100 ex
877 1067 1049 1110 singulis3
1095 1066 1224 1098 duobus
1264 1077 1364 1106 vero,
1409 1066 1467 1110 qui

804 1113 949 1146 invicem
985 1112 1054 1145 dici
1090 1116 1287 1155 nequeant5
1331 1116 1467 1145 centum

804 1170 884 1192 vero
902 1158 1061 1191 cuborum
1087 1158 1258 1191 trinitatis
1279 1158 1396 1212 ipsius.

850 1201 1023 1247 ξύμπας
1044 1200 1083 1236 δε
1133 1215 1246 1243 ουτος
1304 1200 1470 1247 αριθμός

803 1247 1067 1294 γεωμετρικὸς]
1094 1249 1224 1282 Horum
1248 1249 1394 1283 imitatio
1416 1251 1469 1283 vi-

803 1297 903 1330 detur
935 1296 1034 1337 illud,
1076 1296 1167 1339 quod
1206 1295 1332 1338 legitur
1377 1296 1468 1353 apud

803 1342 960 1381 ΡιοοῙιιιιι
983 1342 1019 1375 in
1044 1341 1134 1374 Tim.
1161 1353 1194 1398 Ρ.
1206 1343 1287 1383 225,
1311 1343 1378 1376 28:
1404 1354 1468 1377 και

805 1384 825 1422 ὁ
851 1385 998 1430 σύμπας
1032 1384 1198 1442 οἷριθμὸς
1222 1387 1466 1452 γεωμετρικὸς

806 1430 853 1468 ὂὶν
874 1434 930 1489 εἴη
955 1445 1009 1473 τις
1033 1430 1209 1487 ἀριθμός.

847 1478 997 1524 κύριος]
1029 1491 1162 1523 κυριον
1186 1479 1279 1513 Μοιι.
1304 1480 1344 1514 Β.
1370 1480 1464 1517 Flor

850 1568 917 1627 ἃς]
944 1573 1049 1628 quod
1065 1571 1138 1605 Fic.

850 1585 963 1674 ὅταν]
984 1614 1049 1652 ὅτ’
1075 1614 1125 1651 ὂὶν
1146 1617 1222 1651 Ald.
1248 1618 1330 1652 Bas.
1352 1618 1407 1652 ab.

848 1661 961 1709 ὗμιν]
986 1661 1078 1708 ημῖν
1102 1663 1202 1697 Vind.
1224 1665 1296 1698 BF.
1324 1665 1410 1699 Ven.
1426 1665 1462 1698 Β.

803 1711 887 1755 Ang.
918 1711 957 1744 B.
982 1711 1078 1743 Flor.
1104 1710 1146 1743 R.

849 1756 1078 1797 συνοικίζωσι
1098 1756 1110 1799 ]

804 1803 903 1836 Vind.
927 1803 968 1837 F.
994 1801 1245 1842 συνοικίζωσιν
1280 1802 1355 1835 Ald.
1381 1803 1463 1836 Bas.

803 1850 857 1882 ab.
871 1849 993 1893 steph.
1017 1849 1092 1882 Ast.
1110 1859 1195 1892 quos
1218 1849 1326 1882 tacite
1348 1849 1464 1894 sequi-

801 1900 858 1928 tur
883 1895 1072 1928 Bekkerus.

847 1938 1164 1985 καταστήσονται]
1191 1937 1466 1984 καταστήσουσι

802 1986 902 2022 Vind..
928 1987 968 2020 F.
995 1988 1080 2030 Aug.
1106 1987 1147 2020 B.
1173 1986 1265 2019 F.lor
1292 1987 1335 2020 R.

845 2031 936 2077 μεν]
963 2045 1006 2087 με
1031 2033 1208 2066 A1d.Bas
1235 2044 1266 2066 a.

847 2079 884 2113 οἱ
907 2076 1106 2123 πρότεροι]
1134 2080 1281 2112 maiores
1304 2078 1465 2112 Fic.1m-

800 2136 853 2159 mo
880 2126 1039 2170 proxime
1074 2126 1339 2167 antecedentes,
1374 2125 1465 2159 nulla

801 2172 879 2205 dum
903 2173 980 2205 labe
1004 2171 1132 2206 affecti.

845 2214 972 2262 ἡμων]
1017 2214 1124 2261 υμῶν
1160 2217 1256 2250 Μοιι.
1291 2217 1332 2249 Β.
1368 2217 1464 2250 Fior.

799 2264 911 2298 RTU.
936 2264 976 2297 In
1000 2265 1080 2298 Par.
1105 2264 1148 2298 D.
1175 2275 1197 2296 v
1227 2273 1331 2308 super
1356 2275 1379 2318 ἰζ
1402 2275 1465 2307 Ρο-

799 2310 909 2344 situm.
960 2310 1076 2344 Etiam
1102 2309 1237 2342 Ficinus
1274 2313 1333 2342 aut
1356 2309 1464 2351 υμῶν

798 2357 924 2399 legisse
949 2363 1008 2390 aut
1039 2353 1146 2400 ἡμῶν
1179 2355 1370 2398 neglexisse
1401 2366 1465 2389 nec

799 2402 932 2447 reliqua
967 2402 1052 2436 satis
1087 2404 1269 2446 peispecta
1303 2401 1465 2435 habuisse

798 2448 956 2502 videtur,
988 2459 1091 2493 quum
1124 2449 1232 2481 verba
1267 2447 1352 2480 haec
1384 2448 1464 2481 inde

799 2495 842 2528 ab
869 2490 968 2538 ὅμως
1000 2505 1109 2538 usque
1142 2493 1184 2527 ad
1212 2491 1375 2536 φύλακες
1401 2489 1463 2534 ὄν-

798 2551 858 2579 τες
888 2541 937 2574 sic
962 2541 1209 2584 interpretatus
1246 2539 1310 2573 sit.
1347 2546 1464 2573 tamen

799 2588 882 2630 quia
906 2587 1046 2631 indigni
1065 2592 1163 2619 erunt
1184 2592 1366 2630 parentum
1387 2598 1464 2620 suc-

801 2634 969 2673 cessione,
1014 2634 1050 2665 in
1082 2633 1164 2676 ipsis
1197 2634 1465 2677 magistratibus

800 2680 967 2712 subiectos
992 2679 1186 2723 negligent.
1210 2679 1353 2712 Rectius
1378 2679 1463 2712 Pro-

801 2725 872 2758 clus
896 2725 931 2757 in
957 2724 1032 2758 civ.
1037 2736 1100 2779 p.
1125 2725 1206 2767 411,
1227 2726 1299 2760 29:
1332 2722 1461 2768 τεκμή-

825 2782 882 2806 ιον
921 2767 960 2803 δε
1003 2781 1047 2803 ου
1084 2768 1174 2814 λέγω
1211 2769 1254 2804 τὸ
1291 2769 1354 2804 καὶ
1391 2769 1462 2826 τὴν

802 2813 894 2860 όλην
922 2813 1077 2850 λύεσθαι
1105 2817 1296 2850 πολιτείαν
1325 2813 1371 2850 ον’
1397 2814 1461 2850 δια

799 2861 1046 2905 γυμναστικῆς
1112 2860 1305 2906 οἷμέλειοιν,
1368 2859 1460 2896 ἀλλὰ

1236 2920 1272 2960 Β

1214 1756 1463 1797 συνοικίζονσι
1493 1746 1531 1788 D
