1764 3176
196 319 233 360 B
261 319 373 364 Ἀλλ’

263 146 348 187 220

705 145 1181 189 PLATONIS

261 252 490 310 μιμητικός
528 254 636 308 πρὸς
674 258 836 313 σοφίαν
879 258 979 312 περὶ
1023 252 1087 301 ὦν
1128 257 1183 300 ἂν
1218 261 1335 314 ποιῇ.
1400 257 1464 303 Οὐ
1503 258 1638 304 πάνυ.

428 316 510 365 οὖν
566 322 620 378 δὴ
653 322 794 379 ’ὅμως
837 343 886 382 γε
936 326 1187 382 μιμήσεται,
1235 323 1318 369 οὐκ
1368 327 1492 379 εἰδώς
1538 328 1639 382 περὶ

258 387 465 441 ἑκάστου,
507 389 594 446 ὅπη
632 392 831 447 πονηρόν
876 393 904 450 ἢ
939 392 1150 450 χρηστόν·
1190 391 1314 448 ἀλλ’,
1365 394 1423 446 ὥς
1473 395 1638 448 ἔοικεν,

260 454 357 500 οἷον
404 459 604 513 φαίνεται
651 460 788 503 καλὸν
835 459 948 504 εἶναι
994 467 1087 514 τοῖς
1132 466 1310 513 πολλοῖς
1353 479 1397 506 τε
1438 464 1511 506 καὶ
1556 480 1640 519 μη-

258 524 334 568 δὲν
382 524 541 577 εἰδόσι,
592 531 722 571 τοῦτο
769 529 1010 584 μιμήσεται.

1094 531 1146 572 Τί
1192 529 1275 585 γὰρ
1326 529 1456 580 ἄλλος
1515 534 1640 574 Ταῦ-

257 608 312 635 τα
349 592 428 648 μὲν
478 594 554 651 δὴ,
605 595 664 646 ὥς
705 613 751 652 γε
803 599 1030 652 φαίνεται,
1087 597 1285 649 ἐπιεικῶς
1331 596 1437 653 ἡμῖν
1485 599 1639 654 διωμο-

257 658 460 716 λόγηται,
491 660 570 705 τόν
609 679 652 705 τε
691 664 924 720 μιμητικὸν
963 665 1097 719 μηδὲν
1136 667 1296 708 εἰδέναι
1341 663 1467 716 ἄξιον
1502 665 1638 721 λόγου

257 729 359 783 περὶ
391 724 454 772 οἷν
481 736 685 786 μιμεῖται,
718 731 814 775 ἀλλ’
849 731 961 776 εἶναι
990 732 1172 775 παιδιάν
1200 750 1297 776 τινα
1326 734 1401 776 καὶ
1431 732 1486 777 ου’
1509 741 1640 777 σίτου-

259 795 342 851 δὴν
370 796 450 852 τήν
481 800 681 855 μίμησιν,
712 800 816 851 τούς
844 816 889 843 τε
921 804 997 856 τῆς
1026 805 1231 856 τραγικῆς
1260 800 1477 856 ποιήσεως
1506 800 1640 845 ἁπτο-

257 863 418 920 μένους
447 866 495 909 ἐν
524 868 734 923 ἰαμβείοις
772 869 846 912 καὶ
883 868 932 912 ἐν
969 868 1087 911 ἔπεσι
1127 867 1292 921 πάντας
1325 866 1438 913 εἶναι
1468 886 1639 927 μιμητι-

1526 927 1568 951 a..

258 1025 366 1071 prium
390 1026 583 1072 {ungentem
614 1030 770 1071 tulimus,
794 1030 844 1064 ita
867 1030 922 1064 hic

257 1083 320 1117 pro
344 1084 490 1117 genere,
515 1075 610 1109 cuius
636 1077 815 1110 secundum
840 1088 920 1121 pro-

256 1118 348 1152 xima
381 1122 598 1164 reprehensio
642 1124 915 1167 exspectabatur,

257 1164 384 1217 speciei
416 1166 608 1201 illudentem
638 1170 808 1210 feramus,
832 1181 920 1212 quo-

255 1210 346 1242 niam
366 1223 596 1257 quaecumque
613 1215 730 1257 generi
751 1215 918 1255 accidunt,

255 1256 373 1289 eadem
398 1258 439 1290 ad
465 1259 612 1303 speciem
640 1260 831 1304 pertinent,
858 1273 918 1303 ge-

255 1303 329 1334 neri
355 1308 467 1337 autem
491 1311 528 1337 et
552 1306 729 1339 scientiam
749 1311 783 1339 et
804 1318 917 1339 veram

256 1347 447 1391 opinionem
471 1350 590 1383 deesse
613 1351 679 1384 iam
705 1351 828 1385 dictum
854 1356 918 1394 est,

254 1399 291 1426 et
308 1394 465 1438 quoniam
484 1399 620 1440 poetam
639 1397 847 1441 potissimum
864 1410 918 1431 sa-

253 1439 381 1484 pientia
393 1452 511 1474 carere
523 1443 819 1476 demonstrandum
833 1447 918 1477 erat.

253 1486 398 1529 Atque
389 1498 423 1519 in
449 1489 669 1532 sequentibus
689 1490 849 1523 Socrates
872 1490 919 1522 si-

254 1537 312 1564 cut
345 1536 424 1565 ante
455 1546 475 1567 a
508 1534 658 1578 pictore,
692 1547 712 1568 a
740 1539 844 1579 poeta
875 1535 917 1568 ad

252 1576 457 1612 imitatorem
494 1580 605 1623 redit,
639 1581 688 1614 ita
722 1587 854 1624 tamen,
880 1587 918 1614 ut

253 1623 398 1657 maxime
434 1629 569 1669 poetam
604 1627 765 1670 respiciat
799 1632 918 1671 utpote

252 1669 396 1702 maxime
415 1671 508 1715 vu¹gi
530 1684 566 1705 se
588 1672 712 1706 iudicio
733 1673 917 1706 subiicien-

252 1721 332 1748 tem.
380 1716 456 1749 Hoc
490 1719 598 1759 ipsum
631 1730 714 1751 vero
749 1720 791 1752 de
815 1723 917 1764 poeta

252 1759 424 1795 imitatore
454 1763 611 1797 iudicium
631 1765 758 1797 v‘elut
748 1777 782 1798 in
804 1772 917 1798 trans-

252 1818 354 1840 cursu
390 1809 474 1841 facit
510 1822 652 1854 eamque
687 1812 728 1843 ob
763 1823 915 1844 caussam

252 1853 344 1886 nulla
352 1855 533 1907 particula
553 1856 624 1896 tali,
647 1857 753 1900 qualiS
773 1864 825 1889 est
846 1856 915 1890 οὖν

253 1899 308 1932 vel
336 1895 430 1943 ἄρα,
471 1902 701 1945 superioribus
733 1903 914 1946 coniungit.

251 1945 408 2000 Denique
449 1947 654 1981 imitatorem
700 1948 843 1992 aliquem
882 1949 915 1981 in

253 1992 349 2036 poesi
374 1992 488 2025 dicens
513 1994 602 2026 aliud
626 1995 856 2037 praestantius
881 2000 916 2027 et

254 2049 358 2081 supra
382 2038 602 2072 imitationem
627 2040 748 2072 elatum
774 2051 916 2084 poeseos

255 2095 362 2127 genus
386 2088 539 2118 statuere
572 2086 722 2126 videtur,
749 2085 842 2118 cuius
867 2085 917 2118 rei

255 2135 292 2163 et
333 2135 455 2174 postea
502 2132 707 2175 significatio
751 2131 916 2175 quaedam

252 2175 342 2208 haud
367 2177 512 2209 obscura
534 2161 584 2210 Dfit
612 2184 646 2210 et
670 2178 703 2210 in
730 2177 916 2210 diiudican-

253 2221 298 2254 da
321 2223 383 2255 hac
407 2226 479 2255 tota
503 2223 742 2277 disputatione,
758 2224 787 2257 si
807 2235 916 2268 aeque

253 2267 404 2300 iudicare
426 2269 590 2312 volumus,
610 2269 770 2303 rationem
789 2270 916 2302 habere

251 2313 422 2347 debemus.

298 2358 508 2404 μιμητικὸς]
532 2360 684 2404 μιμηταὶ
707 2361 808 2394 Vind.
835 2361 877 2394 E.

299 2407 401 2459 ποιῇ.
415 2407 424 2449 ]
450 2417 562 2450 ποιῃ;
588 2408 667 2440 Bas.
693 2409 747 2440 ab.

302 2449 515 2506 μιμήσεται]
542 2451 740 2501 μιμήσηται
763 2453 841 2486 Vat.
866 2453 916 2486 M.

301 2495 418 2531 καλὸν
439 2495 547 2541 εἶναι]
575 2502 668 2532 εἰναι
689 2512 752 2532 om.
768 2500 859 2532 Flor.
871 2500 915 2533 T.

301 2539 353 2582 ὥς
377 2544 469 2587 γε],
470 2555 495 2577 ε
519 2557 583 2578 om.
610 2546 691 2579 Ven.
718 2547 757 2579 Β.
784 2546 862 2580 Bas.
882 2546 914 2578 b.

252 2589 287 2623 in
319 2601 388 2634 qua
423 2597 536 2623 tamen
572 2587 624 2630 ὥς
659 2603 733 2625 cum
773 2595 915 2626 accentu

253 2640 316 2670 est.

299 2681 487 2725 φαίνεται]
513 2679 629 2715 ἔοικεν
653 2684 684 2717 ἲ
687 2695 740 2716 en.
764 2683 802 2716 B.
827 2682 913 2726 φαί-

253 2739 355 2762 νεται
379 2726 494 2761 ἔοικεν
518 2729 597 2760 Bas.
623 2729 655 2761 b.

298 2775 471 2817 μιμεῖται]
499 2774 653 2817 μιμῆται
678 2776 760 2812 Ana.
787 2775 827 2808 B.

300 2817 477 2866 παιδιάν]
514 2820 686 2854 παιδείαν
714 2820 815 2855 Vind.
838 2821 910 2855 BF.

977 1031 1063 1064 Ven.
1089 1029 1129 1064 Β.
1165 1029 1244 1064 Vat.
1269 1030 1314 1064 H.
1351 1029 1444 1064 Flor.
1467 1030 1542 1064 AC.
1600 1031 1639 1064 In

977 1077 1069 1110 Mon.
1104 1076 1145 1111 C.
1179 1076 1211 1110 εί
1244 1087 1347 1121 super
1379 1074 1442 1110 ca'v
1477 1077 1638 1122 scriptum

977 1128 1086 1212 85ἰού]
1112 1180 1176 1201 om.
1202 1167 1287 1201 Lob.
1311 1169 1392 1201 Vat.
1417 1168 1466 1202 M.
1491 1168 1569 1201 Par.
1594 1168 1637 1201 K.

975 1214 1073 1247 Vind.
1099 1214 1140 1248 F.
1180 1215 1265 1255 Aug.
1290 1214 1331 1247 Β.
1362 1214 1455 1247 Flor.
1479 1214 1522 1249 R.
1557 1218 1592 1247 et
1615 1225 1637 1248 a

974 1271 1017 1294 m.
1044 1271 1095 1304 pr.
1122 1261 1202 1293 Vat.
1225 1260 1269 1292 Η.

1019 1306 1208 1349 τραγικῆς]
1229 1305 1424 1349 στραῃικῆς
1447 1305 1533 1339 Lob.
1558 1307 1638 1339 ante

976 1362 1064 1384 corr.
1090 1352 1332 1394 στρατηγικῆς
1359 1351 1433 1384 Vat.
1460 1351 1508 1384 M.

1022 1397 1216 1453 ἰαμβείοις]
1243 1396 1396 1441 ἰάμβοις
1420 1397 1512 1431 Flor.
1536 1397 1580 1430 Τ.

1021 1441 1063 1476 τὸ
1092 1441 1131 1477 δὲ
1158 1442 1228 1487 δὴ]
1271 1444 1326 1476 Ita
1359 1443 1437 1475 Par.
1463 1445 1502 1476 A.
1535 1441 1634 1477 Vind.

975 1489 1077 1523 BEF.
1113 1489 1204 1522 Mon.
1232 1489 1273 1522 C.
1310 1489 1392 1521 Ven.
1418 1488 1458 1520 B.
1483 1490 1570 1531 Ang.
1595 1489 1636 1521 B.

975 1536 1066 1568 Flor.
1092 1536 1197 1568 ACR.
1231 1536 1310 1568 Bas.
1336 1535 1369 1568 b.
1417 1534 1556 1577 Reliqui
1582 1546 1641 1567 co-

975 1581 1066 1614 dices
1092 1586 1127 1613 et
1151 1581 1225 1614 Ald.
1251 1582 1330 1614 Bas.
1356 1592 1386 1613 a.
1419 1581 1540 1624 Steph.
1563 1580 1638 1614 Ast.

976 1625 1020 1670 δὴ
1050 1626 1218 1660 omittunt.
1267 1628 1410 1671 Spectat
1436 1625 1469 1658 id
1493 1637 1639 1671 sequen-

974 1673 1036 1713 tia,
1061 1673 1097 1706 in
1122 1673 1244 1717 quibus
1268 1673 1417 1705 futilitas
1440 1671 1638 1705 imitationis

974 1731 1060 1752 novo
1086 1719 1335 1751 demonstratur
1368 1722 1565 1761 argumento
1594 1718 1637 1751 ab

974 1765 1069 1805 eius,
1108 1776 1208 1809 quam
1234 1765 1367 1805 afficit,
1398 1764 1499 1797 animi
1527 1764 1637 1807 partis

973 1811 1134 1843 futilitate
1163 1812 1284 1855 petito.
1333 1810 1372 1843 Id
1404 1815 1637 1852 argumentum

973 1858 1135 1889 Socrates
1158 1869 1230 1889 cum
1249 1857 1356 1900 primo
1374 1856 1406 1888 in
1425 1867 1546 1895 rerum,
1569 1855 1637 1888 cir-

975 1913 1016 1935 ca
1039 1914 1123 1954 quas
1146 1908 1315 1944 versatur,
1340 1901 1502 1935 inanitate
1526 1901 1636 1953 posito

975 1949 1229 1981 conjuncturus.
1255 1959 1355 1992 quum
1377 1948 1505 1990 absque
1529 1948 1635 1980 inter-

975 1993 1154 2036 rogatione
1186 1994 1235 2026 sic
1272 1995 1345 2026 fere
1377 1993 1549 2025 dicendum
1580 2004 1635 2025 es·-

974 2044 1045 2072 set:
1071 2041 1084 2072 i
1095 2051 1157 2071 am
1179 2051 1279 2072 vero
1297 2040 1382 2071 haec
1401 2034 1552 2071 imitat&
1568 2051 1635 2071 non

975 2087 1082 2118 solum
1094 2086 1218 2128 sutilza
1241 2087 1359 2128 efficit,
1374 2085 1431 2117 sed
1452 2086 1557 2117 etiam
1569 2088 1632 2126 fu-

975 2133 1068 2164 mem
1089 2133 1197 2164 animi
1222 2132 1332 2164 nostri
1349 2135 1486 2174 partem
1513 2132 1634 2173 afficit,

973 2177 1068 2210 initio
1101 2178 1143 2210 ab
1169 2177 1234 2210 illis
1259 2177 1436 2221 particulis
1467 2178 1559 2209 facto
1583 2177 1633 2210 in—

973 2224 1237 2266 terrogationem
1256 2235 1341 2256 novo
1360 2226 1556 2265 argumento
1574 2223 1634 2256 de-

972 2269 1132 2302 stinatam
1165 2269 1266 2301 etiam
1299 2269 1339 2302 ad
1374 2269 1514 2312 primum
1539 2268 1635 2301 adhi-

973 2315 1032 2347 bet
1057 2315 1194 2360 eiusque
1217 2315 1281 2348 vim
1306 2314 1454 2347 dictione
1478 2325 1581 2358 supra
1600 2326 1630 2358 p.

974 2362 1051 2395 599.
1091 2361 1133 2394 D.
1177 2361 1369 2394 introducta
1410 2361 1634 2405 complectens

973 2408 1044 2440 iam
1077 2418 1156 2440 vero
1191 2408 1276 2440 haec
1308 2408 1478 2442 imitatio.
1512 2406 1634 2451 inquit,

973 2465 1085 2486 nonne
1110 2454 1200 2486 circa
1221 2454 1365 2497 aliquid,
1387 2453 1476 2495 quod
1495 2454 1634 2485 tertium

975 2505 1024 2532 est
1045 2511 1067 2531 a
1093 2501 1257 2538 veritate,
1282 2498 1469 2532 versatur?
1492 2498 1634 2531 iterata-

973 2557 1038 2588 que
1075 2545 1358 2588 interrogatione,
1395 2556 1529 2586 nonne,
1565 2555 1633 2588 quo

971 2590 1079 2634 magis
1115 2592 1177 2623 hoc
1211 2603 1252 2623 ex·
1277 2598 1356 2624 ante
1380 2591 1478 2623 dictis
1503 2590 1632 2634 repeti-

971 2642 1041 2669 tum
1064 2636 1282 2680 intelligatur,
1298 2649 1398 2681 quum
1414 2636 1547 2669 Glauco
1570 2647 1631 2669 an-

970 2682 1119 2723 nuisset,
1151 2684 1194 2716 ad
1234 2695 1356 2716 novum
1398 2686 1631 2725 argumentum

969 2729 1133 2762 accedens
1159 2729 1266 2761 denuo
1293 2730 1363 2761 iam
1387 2739 1481 2768 vcro,
1505 2727 1628 2771 inquit,

969 2776 1070 2818 quale
1095 2776 1180 2808 illud
1214 2780 1265 2809 est
1297 2775 1333 2808 ἰη
1356 2776 1514 2815 homine,
1540 2774 1629 2817 quod

969 2832 1012 2854 ca
1036 2820 1218 2865 afficitur?

1672 1442 1704 1485 C
