1764 3176
281 107 458 135 xxxxv1
727 93 1252 137 PRAEFATIO

281 210 383 244 modo
403 209 620 253 sesquitertia
639 210 749 253 ratio,
780 211 1003 246 Diatessaron
1021 213 1196 256 quinquies
1217 211 1373 255 additur,
1401 216 1436 247 et
1453 212 1669 247 constituitur

280 267 509 310 Disdiapason
530 277 605 299 cum
633 268 814 301 semitonio
833 270 981 311 minore,
1018 269 1052 302 id
1075 274 1146 311 est,
1178 269 1431 311 decimasexta,
1462 280 1551 312 quae
1573 275 1668 302 ‹som-

277 325 439 367 plectitnr
464 328 634 366 utranque
675 324 921 359 dissonantiam
967 327 1105 370 politias
1132 326 1379 360 destruentem.
1450 326 1532 360 Ideo
1565 326 1668 359 Plato

277 384 439 422 tanquam
461 380 495 413 in
519 381 662 414 termino
677 381 724 413 ibi
743 383 919 424 consistit,
951 388 986 416 et
1007 383 1135 425 colligit
1163 394 1271 416 annos
1289 383 1394 415 totius
1419 383 1669 425 progressionis

277 437 321 469 ab
338 437 491 477 unitate,
522 448 582 470 seu
605 437 769 481 principio
790 440 940 482 politiae.
999 436 1118 484 (Haec
1148 451 1209 482 per
1232 450 1269 472 se
1285 439 1371 472 satis
1388 440 1534 472 obscura
1559 439 1669 482 magis

277 494 382 526 etiam
411 494 671 535 implicabantur
699 495 779 528 vitio
803 496 1025 539 typothetae,
1068 496 1160 539 quod
1187 497 1364 529 sustulisse
1391 496 1490 528 nobis
1517 496 1669 528 videmur

278 550 496 584 surdesolida
523 556 729 594 reponentes
757 563 820 595 pro
840 553 1032 597 sursozida,
1063 557 1098 586 et
1130 558 1300 586 commate
1327 556 1404 595 post
1431 552 1667 597 quintuplatz'o

276 608 310 640 in
343 611 505 650 punctum
534 618 634 640 verso
662 608 717 641 Eo
756 610 845 643 enim
876 610 978 654 modo
1015 610 1205 643 scribentes
1243 621 1306 652 pro
1335 611 1407 643 Deo
1433 610 1524 643 enim
1551 610 1667 645 modo.

277 663 535 696 Surdesolidum
557 665 644 697 enim
681 675 741 697 seu
769 667 1017 708 supersolidum
1048 677 1110 700 seu
1139 667 1282 709 primum
1318 668 1462 699 relatum
1488 670 1567 699 ante
1584 657 1679 699 Dio·v

278 720 441 764 phantum
473 721 599 754 editum
621 722 837 764 appellabant
861 723 1152 765 quadratocubum
1182 734 1243 756 seu
1262 733 1439 756 numerum
1453 748 1463 764 ,
1495 723 1551 765 qui
1570 723 1608 755 fit
1627 732 1668 755 ex

277 777 447 820 quadrato
475 778 508 810 in
538 778 659 810 cubum
692 779 734 810 ab
754 778 874 812 eodem
900 779 1087 822 profectum
1115 781 1242 820 latere,
1274 784 1364 813 teste
1386 778 1537 812 Bacheto
1560 778 1671 812 Mezi-

277 835 373 867 riaco
395 834 438 866 ad
459 833 688 876 Diophantum
716 845 748 877 p.
767 835 800 868 3.
858 836 978 879 Itaque
996 836 1161 869 Matthias
1182 838 1281 869 aliam
1303 836 1368 869 hoc
1395 837 1472 869 loco
1500 836 1670 879 interpre-

281 891 444 930 tationem
465 891 645 923 rerborum
667 885 833 930 πεμπάδι
852 892 1015 933 συζυγεὶς
1041 894 1220 936 proponit,
1255 894 1349 926 cuius
1376 893 1424 925 vis
1441 892 1582 933 intelligi
1607 902 1670 934 po-

281 948 361 980 terit
377 958 419 980 ex
440 947 589 980 numeris
622 948 654 980 in
682 952 834 981 extrema
852 949 1085 982 declaratione
1102 950 1144 982 ab
1174 960 1214 983 eo
1236 949 1428 992 descriptis,
1487 949 1672 981 Caeterum

281 1014 370 1046 quae
387 1004 541 1046 proxime
564 1006 784 1046 sequentibus
804 1006 944 1038 iunctim
964 1008 1138 1050 praefixae
1169 1011 1203 1038 et
1221 1006 1343 1039 vitiose
1362 1005 1522 1048 depictae
1541 1006 1672 1047 figurae

281 1061 410 1094 suntin
433 1061 541 1101 libro,
571 1071 629 1093 eas
654 1072 717 1094 nos
742 1068 917 1095 correctas
948 1064 1018 1096 suis
1037 1062 1246 1096 reddidimus
1265 1060 1381 1107 locis.)
1440 1062 1539 1094 Haec
1559 1061 1672 1094 omnia

282 1122 320 1150 ut
338 1118 587 1159 intelligantur,
624 1118 668 1151 sit
683 1119 953 1161 quadrangulum
972 1131 1032 1152 seu
1054 1115 1210 1163 πυθμὴν
1230 1118 1291 1152 ΑΒ
1316 1118 1576 1163 sesquitertius,
1607 1117 1673 1151 hoc

282 1178 336 1208 est
354 1175 464 1207 latera
482 1173 542 1207 Ac
566 1179 601 1208 et
618 1175 700 1218 AD,
732 1176 802 1209 sive
817 1176 878 1208 DB
898 1181 932 1210 et
947 1177 1026 1219 Bc,
1059 1187 1136 1210 eam

744 1285 788 1328 A
1181 1284 1216 1335 C

735 1635 784 1674 D
1170 1640 1213 1684 B

281 1737 370 1770 inter
388 1747 425 1769 se
446 1735 595 1769 habeant
619 1737 802 1771 rationem.
863 1739 1047 1773 Quantitas
1067 1744 1180 1772 autem
1207 1739 1341 1771 illorum
1358 1737 1504 1771 laterum
1523 1736 1567 1769 sit
1583 1736 1674 1777 talis,

281 1798 320 1827 ut
340 1794 538 1835 Diagonalis
559 1792 620 1825 AB
648 1794 795 1835 quinque
825 1796 972 1836 partium
1002 1797 1138 1829 existat.
1198 1796 1345 1828 Constat
1372 1795 1452 1826 verb
1473 1804 1515 1826 ex
1541 1792 1674 1826 erudita

283 1851 529 1890 calculatione,
561 1850 651 1891 qnod
670 1851 751 1882 nulli
783 1850 836 1892 (in
857 1852 940 1884 libro
964 1857 1016 1884 est
1033 1854 1152 1897 multi)
1176 1853 1231 1885 alii
1250 1851 1382 1884 numeri
1401 1860 1462 1892 per
1483 1850 1673 1891 quinarium

283 1906 350 1940 hoc
371 1906 475 1940 modo
497 1907 741 1948 coniugentur,
773 1917 873 1949 quam
893 1908 914 1940 3
935 1913 969 1941 et
985 1906 1019 1941 4.
1078 1910 1171 1952 Ergo
1195 1909 1258 1941 Dss
1284 1907 1348 1940 erit
1363 1906 1384 1939 3
1406 1910 1441 1938 et
1458 1904 1520 1938 AD
1542 1902 1588 1946 4,
1618 1905 1676 1948 qui

285 1964 416 1998 numeri
433 1967 510 1996 sunt
530 1963 664 1995 termini
687 1964 925 2005 sesquitertiae
942 1967 1097 2006 rationis,
1120 1968 1139 1999 ὲι
1159 1976 1225 2008 qua
1241 1964 1306 1997 hoc
1321 1962 1594 2006 quadrangulum
1614 1961 1676 1995 de-

285 2021 491 2054 nominatur.
551 2020 608 2052 Ait
630 2020 734 2062 igitur
758 2020 882 2064 Plato,
914 2022 1005 2063 quod
1033 2024 1066 2055 in
1095 2021 1275 2055 universali
1303 2019 1491 2053 mutatione
1510 2020 1623 2061 legum
1641 2023 1676 2051 et

285 2082 437 2110 statuum
476 2077 717 2119 imperiorum,
747 2076 782 2109 in
803 2078 922 2119 quibus
940 2083 993 2111 est
1014 2080 1232 2122 principium,
1262 2076 1432 2116 medium,
1460 2075 1557 2116 finis,
1587 2075 1676 2108 ratio

286 2133 453 2168 dulcisoni
473 2133 708 2174 diatessaron,
740 2134 925 2166 secundum
944 2134 1005 2167 has
1024 2141 1094 2168 tres
1122 2135 1291 2178 perfectas
1322 2132 1593 2173 vicissitudines,
1623 2135 1677 2165 ter

285 2197 400 2231 aucta,
430 2190 599 2233 producat
613 2190 698 2222 duas
715 2190 957 2224 diversissimas
973 2193 1179 2234 harmonias,
1208 2193 1277 2225 sive
1294 2190 1406 2233 potius
1433 2189 1676 2229 dissonantias,

285 2248 411 2291 prioris
445 2247 643 2280 harmoniae
659 2247 871 2280 dulcedinem
895 2252 931 2280 et
962 2251 1152 2282 naturalem
1176 2256 1379 2282 consensum
1398 2246 1598 2288 turbantes,
1627 2245 1675 2278 si-

283 2305 422 2346 mulque
454 2304 598 2337 eaedem
625 2303 815 2336 ascendunt
842 2305 929 2337 ultra
965 2310 1074 2339 totum
1101 2306 1276 2349 Diapason
1305 2304 1539 2342 dissonantes,
1577 2311 1675 2334 ever-

286 2363 430 2403 tuntque
451 2371 513 2393 sua
547 2361 760 2393 clamositate
789 2371 906 2393 omnes
925 2361 1142 2403 harmonias,
1172 2373 1261 2405 quae
1293 2363 1373 2393 sunt
1403 2358 1490 2391 iufra
1509 2358 1675 2401 diapason

285 2417 571 2461 perfectissimae,
604 2422 637 2450 et
661 2422 801 2460 propter
820 2428 980 2451 sonorum
1000 2420 1202 2461 gravitatem
1226 2417 1445 2452 mollissimae
1465 2415 1676 2448 modulatio-

285 2474 350 2515 nis,
380 2479 418 2506 ut
442 2475 549 2516 liquet
570 2484 611 2506 ex
636 2473 678 2507 19
698 2474 850 2507 sectione
870 2474 1014 2510 Aristot.
1039 2476 1176 2510 Proble.
1205 2468 1345 2520 50.‘(ne
1365 2471 1420 2505 hic
1442 2471 1577 2514 quidem
1596 2469 1675 2504 Ari-

285 2532 444 2564 stotelem
467 2531 633 2563 intellexit
662 2530 825 2564 Matthias
852 2536 979 2566 noster.
1051 2533 1196 2568 Quaerit
1223 2531 1312 2565 enim
1340 2530 1417 2564 ille:
1451 2524 1515 2560 διὰ
1543 2526 1579 2559 τί
1602 2525 1677 2560 τῶν

287 2586 508 2629 συμφωνίαν
536 2583 747 2619 ποιούντων
773 2584 952 2630 φθόγγων
986 2585 1025 2621 ἐν
1045 2588 1094 2634 τῷ
1118 2585 1306 2633 βαρυτέρῳ
1327 2584 1368 2620 τὸ
1389 2579 1674 2627 μαλακώῑδρθνὶ

285 2644 402 2687 itaque
429 2649 463 2677 et
484 2643 644 2686 diapente
673 2648 708 2677 et
724 2644 937 2679 diatessaron
956 2645 990 2679 in
1009 2647 1219 2689 gravioribus
1241 2646 1385 2685 mollius,
1415 2652 1515 2685 quam
1533 2642 1568 2674 in
1590 2650 1674 2674 acu-

287 2701 432 2735 tioribus
466 2711 591 2735 sonare
626 2698 777 2746 statuit.)
853 2703 1032 2737 Communi
1068 2703 1202 2747 quidem
1238 2701 1461 2746 persuasione
1499 2701 1676 2742 oporteret
