1764 3176
319 149 400 177 ΧΠ
758 133 1287 178 PRAEFATIO

318 251 521 296 θεωρεῖται
547 249 621 286 ταῖν
642 246 866 295 πυθμένων,
897 246 937 285 ἐν
962 247 1003 286 δὲ
1019 252 1099 290 τοῖς
1115 251 1280 295 μείζοσιν
1303 246 1487 297 οὐδαμῶς.
1544 254 1623 290 Non
1643 265 1702 290 ve-

318 320 420 351 reor,
450 320 494 343 ne
520 309 594 351 quis
616 309 754 343 Barocii
775 309 968 353 opinionem
993 310 1186 343 confirmari
1211 313 1308 353 putet
1326 320 1390 352 eo,
1420 310 1512 354 quod
1532 311 1577 345 ad
1595 313 1703 346 ratio-

315 377 393 400 nem
417 366 668 408 sesquitertiam
687 365 918 400 Nicomachus
938 366 1097 408 coniungi
1124 366 1219 400 iubet
1235 367 1475 410 quadruplices
1492 378 1568 402 cum
1590 368 1701 411 tripli-

316 424 432 464 cibus,
464 433 607 464 eamque
643 418 810 463 σύζευξιν
840 433 908 455 non
927 422 1162 464 additionem,
1191 423 1252 457 sed
1282 418 1468 465 σύγκρισιν
1489 435 1566 458 esse
1585 428 1702 467 neget.

315 479 405 513 Nam
432 479 488 522 qui
518 479 586 512 duo
610 475 826 521 πυθμένας,
857 479 1021 512 maiorem
1043 480 1185 513 alterum
1204 490 1347 522 eumque
1375 475 1584 524 ἐπίτριτον,
1614 482 1702 515 alte-

313 547 389 569 rum
410 536 574 569 minorem
597 540 632 569 et
649 530 892 577 ’ὖπεπίτριτον
906 535 1102 578 distinguit,
1135 537 1306 579 quomodo
1323 537 1352 570 is
1372 547 1549 571 numerum
1566 537 1704 580 utrique

314 593 497 626 coniuncto
527 603 646 635 parem
673 588 852 633 πυθμένα
882 586 1068 633 ἐπίτριτον
1097 591 1190 626 dicat
1219 597 1279 626 aut
1299 593 1500 627 existimet?
1530 594 1702 627 Minorem

313 649 450 692 quidem
477 650 614 692 poterit,
647 660 749 692 quum
773 648 1054 691 subsesquitertia
1075 650 1165 682 ratio
1187 654 1311 683 natura
1327 661 1395 683 non
1412 650 1550 683 differat
1568 651 1611 683 ab
1627 661 1702 683 ses-

312 707 486 749 quitertia.
545 706 649 739 Certe
675 705 763 738 idem
783 704 1013 738 Nicomachus
1035 705 1112 738 Lib.
1128 706 1172 740 II.
1193 717 1222 740 c.
1245 706 1300 740 19.
1327 718 1360 750 p.
1385 704 1461 740 134.
1481 707 1701 741 novenarium

313 758 502 805 ἐπίτριτον
519 758 697 803 πυθμένα
718 762 932 803 duodenarii,
958 773 1028 795 non
1047 755 1299 804 ὑπεπίτριτον,
1328 763 1423 797 dicit.

427 819 582 852 Tertium
613 818 716 852 falsus
734 824 786 852 est
806 819 992 859 Barocius,
1024 818 1115 861 quod
1135 819 1219 852 duas
1241 818 1436 853 harmonias
1452 818 1535 853 nihil
1551 819 1617 853 nisi
1636 829 1703 853 nu-

315 886 429 910 meros
447 876 650 918 quadratum
678 880 713 909 et
734 876 855 909 cubum
886 875 1077 918 significare
1097 877 1239 918 putavit,
1268 886 1397 918 eosque
1418 887 1487 910 non
1506 881 1622 910 certae
1641 886 1703 909 cu-

314 932 616 973 iusdam-radicis,
647 932 707 966 sed
729 933 920 966 cuiuslibet.
979 931 1068 965 Nam
1090 933 1201 965 verbis
1219 933 1291 965 eius
1307 934 1502 966 accuratius
1524 933 1703 975 perpensis

315 993 448 1023 tantum
480 989 524 1022 ad
555 990 705 1032 speciem
731 994 766 1022 et
791 989 937 1031 exempli
959 989 1070 1030 gratia
1089 990 1235 1031 positam
1268 989 1515 1023 duodenariam
1537 989 1703 1030 radicem,

315 1057 355 1080 re
384 1047 459 1089 ipsa
487 1045 627 1089 perinde
656 1056 731 1079 esse
755 1045 977 1087 intelligitur,
1007 1055 1228 1088 quaecunque
1256 1051 1426 1088 ponatur,
1456 1046 1639 1079 dummodo
1660 1055 1703 1079 ea

316 1103 520 1146 quadratum
548 1107 584 1135 et
609 1104 731 1135 cubum
759 1113 917 1135 numeros
944 1102 1135 1144 producere
1164 1103 1294 1144 valeat,
1326 1102 1417 1145 quod
1439 1103 1531 1136 nulla
1551 1113 1621 1136 non
1641 1112 1703 1135 va-

316 1161 376 1193 let.
435 1160 557 1202 Itaque
587 1170 709 1193 vanum
739 1164 832 1201 erat,
862 1169 965 1192 unum
996 1169 1040 1191 ex
1071 1159 1208 1201 reliquis
1235 1159 1348 1202 potins
1379 1159 1506 1201 eligere
1523 1168 1702 1193 numerum

317 1216 584 1256 duodenarium,
613 1227 714 1258 quam
734 1226 830 1257 eum,
862 1216 918 1258 qui
942 1216 975 1249 in
997 1216 1229 1259 superioribus
1246 1216 1459 1258 significatus
1477 1219 1586 1257 esset,
1617 1214 1703 1249 reti-

316 1284 399 1308 nere
435 1273 695 1316 orationemque
718 1273 766 1305 ita
788 1272 983 1306 instituere:
1013 1289 1070 1296 —-
1103 1265 1327 1314 ἀπέφηναν·
1358 1265 1400 1310 ὃς
1418 1269 1497 1315 τρὶς
1521 1266 1705 1315 αὐξηθεὶς

316 1333 384 1364 etc.
443 1329 505 1363 Sin
523 1323 636 1363 autem
657 1330 735 1373 eligi
757 1329 904 1362 debebat
933 1329 1009 1370 ille,
1040 1329 1135 1362 cuius
1153 1329 1284 1362 scilicet
1304 1329 1410 1362 cubus
1429 1333 1522 1362 esset
1539 1338 1703 1362 numerus

317 1397 339 1420 a
360 1385 468 1420 Musis
492 1386 734 1428 significandus
747 1399 769 1427 ‚⁴
788 1397 909 1419 vanum
934 1389 1009 1419 erat
1032 1386 1133 1419 etiam
1153 1386 1299 1429 priorem
1320 1384 1532 1430 harmoniam
1563 1386 1615 1419 vel
1632 1395 1703 1418 uno

313 1444 418 1477 verbo
446 1444 638 1486 attingere,
670 1454 772 1486 quum
801 1443 1000 1486 praesertim
1031 1443 1120 1476 inter
1157 1443 1306 1485 priorem
1334 1446 1369 1475 et
1398 1443 1624 1486 posteriorem
1646 1452 1702 1475 se-

315 1500 464 1534 cundum
488 1500 717 1534 Barocianam
748 1499 884 1542 quidem
923 1498 1122 1533 harmoniae
1151 1499 1418 1532 declarationem
1453 1498 1536 1532 nihil
1563 1508 1703 1542 prorsus

313 1558 507 1590 interesset.
575 1555 688 1599 Atque
712 1556 776 1590 hoc
817 1556 928 1599 ipsum
968 1557 1094 1590 certius
1131 1556 1233 1589 etiam
1256 1555 1497 1590 documentum
1526 1554 1703 1597 habemus,

314 1624 450 1648 errasse
478 1612 544 1645 hac
571 1613 605 1646 in
631 1624 670 1646 re
690 1613 884 1649 Barocium.
944 1614 1195 1655 Aequalitatem
1227 1623 1387 1646 sonorum
1413 1613 1522 1655 enim,
1551 1622 1618 1654 qua
1645 1612 1704 1645 ille

314 1670 598 1714 perfectissimam
628 1674 789 1703 constare
815 1668 1026 1703 harmoniam
1057 1670 1160 1710 dicit,
1191 1669 1261 1702 sive
1281 1669 1315 1702 in
1332 1670 1407 1711 pari
1427 1669 1618 1702 intentione
1641 1678 1704 1701 vo-

316 1727 377 1768 cis,
408 1727 476 1759 sive
494 1727 529 1759 in
553 1737 607 1767 e0‚
638 1726 729 1769 quod
748 1726 927 1759 unisonum
945 1732 1098 1767 vocatur,
1128 1736 1189 1759 seu
1211 1725 1359 1768 denique
1377 1726 1411 1759 in
1429 1725 1649 1758 similitudine
1669 1728 1706 1758 et

315 1793 484 1818 consensu
508 1793 645 1822 eorum,
679 1792 768 1825 quae
789 1783 939 1824 quamvis
957 1783 1090 1815 diversa
1106 1783 1192 1823 sint,
1223 1787 1338 1815 tamen
1362 1793 1515 1815 consona
1533 1782 1705 1820 dicuntur,

315 1840 463 1883 positam
483 1849 559 1872 esse
580 1839 763 1881 intelligas,
795 1849 863 1871 non
885 1849 959 1871 eam
992 1840 1090 1871 aliter
1116 1839 1242 1871 referet
1260 1842 1294 1871 et
1312 1839 1409 1881 quasi
1430 1838 1705 1881 repraesentabit

316 1906 478 1930 numerus
507 1895 715 1938 quadratus,
746 1895 845 1928 aliter
862 1896 988 1938 cubus,
1018 1896 1143 1938 quippe
1164 1895 1220 1937 qui
1242 1895 1381 1937 ¹pariter
1408 1895 1608 1937 aequilateri
1625 1895 1704 1928 sint.

318 1952 440 1995 Neque
459 1953 508 1985 ita
527 1953 684 1985 excusari
704 1955 818 1994 potest
837 1952 1014 1993 Barocius,
1044 1956 1082 1984 ut
1102 1951 1245 1984 duorum
1263 1961 1423 1984 sonorum
1444 1951 1705 1985 consonantiam

318 2010 542 2053 quadratam,
571 2009 671 2041 trium
692 2008 846 2042 cubicam
877 2007 1088 2041 harmoniam
1109 2008 1317 2041 intellexisse
1348 2007 1492 2041 dicatur.
1548 2008 1704 2041 Primum

318 2067 407 2100 enim
428 2077 496 2099 non
515 2064 581 2098 hoc
601 2065 700 2106 dicit,
731 2064 855 2098 deinde
883 2065 910 2097 si
941 2065 1093 2106 diceret,
1120 2064 1320 2106 falleretur,
1357 2074 1460 2106 quum
1487 2065 1705 2107 aequalitatis

317 2123 407 2157 ratio
433 2133 501 2156 non
529 2126 677 2155 mutetur
705 2122 927 2155 terminorum
954 2132 1117 2163 numero,
1149 2132 1216 2164 qua
1248 2121 1291 2154 de
1323 2118 1433 2154 causa'
1448 2131 1489 2154 ea
1511 2120 1704 2163 harmonia,

319 2191 408 2223 quae
438 2179 582 2213 duorum
620 2179 829 2221 aequalitate
860 2189 1022 2212 sonorum
1047 2178 1213 2220 efficitur,
1244 2178 1273 2211 si
1300 2188 1361 2220 per
1383 2175 1474 2211 hanc
1501 2178 1612 2222 ipsam
1643 2188 1704 2211 ae·-

318 2237 518 2279 qualitatem
542 2234 720 2269 harmonia
749 2240 817 2275 est,
851 2236 943 2269 nullo
964 2235 1068 2269 modo
1087 2235 1225 2268 differre
1244 2237 1360 2278 potest
1379 2235 1421 2267 ab
1441 2245 1502 2277 ea,
1534 2245 1621 2278 quae
1642 2234 1706 2267 tri-

317 2294 381 2327 bus
400 2294 481 2327 item
500 2293 700 2335 aequalibus
731 2293 824 2325 sonis
846 2296 992 2326 constat.
1048 2293 1170 2335 Itaque
1199 2291 1288 2324 duae
1318 2290 1518 2325 harmoniae
1541 2291 1609 2324 dici
1635 2301 1704 2324 non

318 2354 488 2393 poterant.
546 2347 691 2382 Accedit
720 2348 833 2391 quod,
862 2349 890 2381 si
919 2349 1122 2391 quadratum
1150 2353 1185 2382 et
1205 2348 1326 2381 cubum
1343 2348 1540 2390 simpliciter
1562 2346 1706 2389 intelligi

317 2407 419 2440 vellet
446 2407 614 2450 scriptor,
645 2405 804 2439 omittere
833 2405 982 2439 debebat
1007 2405 1111 2438 verba
1139 2402 1217 2446 τρὶς
1233 2398 1436 2446 αὐξηθείς,
1466 2405 1588 2446 quibus
1609 2404 1706 2437 adie*

318 2463 382 2497 ctis
412 2467 446 2496 et
478 2474 518 2497 eo
548 2462 684 2505 quidem
713 2473 837 2504 sensu,
867 2473 934 2505 quo
955 2472 1037 2495 usus
1065 2462 1218 2503 iubebat,
1247 2461 1347 2494 dictis
1365 2471 1433 2493 non
1452 2461 1551 2495 aliter
1571 2462 1706 2494 locutus

319 2523 423 2561 esset,
454 2530 495 2553 ac
519 2520 547 2552 si
569 2519 643 2561 quis
663 2520 866 2552 nostratium
886 2519 1036 2552 diceret:
1066 2514 1178 2561 melche
1194 2517 1277 2562 §abl
1293 2516 1441 2562 gmeimal
1461 2516 1523 2551 mit
1541 2513 1595 2559 sub
1615 2514 1706 2559 selbst

318 2575 533 2619 multiplicitt
561 2575 639 2619 gmei
673 2571 878 2618 glestbseitige
912 2576 1078 2617 §pcobucte
1101 2574 1209 2618 giebt'
1240 2574 1290 2609 ein
1327 2573 1490 2608 muabtat
1519 2573 1585 2608 uni)
1612 2572 1705 2608 einen
1730 2593 1734 2598 ·

319 2631 450 2667 Qubus.
495 2632 615 2665 'Cuius
648 2632 828 2665 locutionis
856 2632 973 2666 vitium
1001 2633 1074 2674 ipse
1101 2632 1248 2666 sensisse
1261 2630 1395 2664 videtur
1416 2630 1581 2663 Barocius
1602 2629 1706 2672 idque

317 2690 512 2723 sublaturus
537 2689 636 2721 aliam
665 2688 837 2722 addidisse
868 2690 1048 2722 verborum
1076 2685 1156 2731 τρὶς
1179 2683 1356 2729 αὐξηθεὶς
1375 2686 1704 2730 interpretationem,

316 2757 386 2780 non
405 2746 514 2788 magis
535 2745 756 2789 probabilem.
816 2745 908 2778 Casu
927 2746 1015 2779 enim
1039 2745 1180 2787 accidit,
1206 2749 1245 2777 ut
1267 2739 1452 2785 ἐπίτριτος
1472 2744 1528 2776 ille
1549 2737 1705 2785 πυθμὴν

318 2798 485 2845 πεμπάδι
505 2798 670 2845 συζυγεὶς
688 2811 865 2835 numerum
892 2801 1019 2836 efficiat
1037 2802 1201 2844 solidum,
1229 2811 1339 2844 neque
1356 2800 1442 2834 haec
1460 2800 1532 2833 eius
1548 2798 1704 2835 soliditas
