<?xml version="1.0" encoding="UTF-8"?>
<!DOCTYPE html PUBLIC "-//W3C//DTD XHTML 1.0 Transitional//EN"
    "http://www.w3.org/TR/xhtml1/DTD/xhtml1-transitional.dtd">
<html xmlns="http://www.w3.org/1999/xhtml" xml:lang="en" lang="en">
 <head>
  <title>
</title>
<meta http-equiv="Content-Type" content="text/html;charset=utf-8" />
  <meta name='ocr-system' content='tesseract 3.04.00' />
  <meta name='ocr-capabilities' content='ocr_page ocr_carea ocr_par ocr_line ocrx_word'/>
</head>
<body>
  <div class='ocr_page' id='page_1' title='image "./operagraecerecen01platuoft_0547.png"; bbox 0 0 1764 3176; ppageno 0'>
   <div class='ocr_carea' id='block_1_1' title="bbox 702 107 1635 158">
    <p class='ocr_par' dir='ltr' id='par_1_1' title="bbox 702 107 1635 158">
     <span class='ocr_line' id='line_1_1' title="bbox 702 107 1635 158; baseline 0.005 -14"><span class='ocrx_word' id='word_1_1' title='bbox 702 107 794 158; x_wconf 73' lang='lat' dir='ltr'><strong>pag.</strong></span> <span class='ocrx_word' id='word_1_2' title='bbox 826 108 905 147; x_wconf 85' lang='lat'><strong>156</strong></span> <span class='ocrx_word' id='word_1_3' title='bbox 922 129 966 133; x_wconf 93' lang='lat'>—</span> <span class='ocrx_word' id='word_1_4' title='bbox 987 110 1076 149; x_wconf 85' lang='lat'><strong>189.</strong></span> <span class='ocrx_word' id='word_1_5' title='bbox 1584 108 1635 149; x_wconf 89' lang='lat'><strong>15</strong></span> 
     </span>
    </p>
   </div>
   <div class='ocr_carea' id='block_1_2' title="bbox 126 217 1637 1273">
    <p class='ocr_par' dir='ltr' id='par_1_2' title="bbox 126 217 1637 1273">
     <span class='ocr_line' id='line_1_2' title="bbox 130 217 1498 274; baseline 0 -16"><span class='ocrx_word' id='word_1_6' title='bbox 130 225 222 274; x_wconf 74' lang='lat' dir='ltr'><strong>Pag</strong></span> <span class='ocrx_word' id='word_1_7' title='bbox 238 224 329 268; x_wconf 87' lang='lat'><strong>168,</strong></span> <span class='ocrx_word' id='word_1_8' title='bbox 342 234 377 269; x_wconf 87' lang='lat' dir='ltr'><strong>a,</strong></span> <span class='ocrx_word' id='word_1_9' title='bbox 405 219 471 256; x_wconf 81' lang='lat' dir='ltr'><strong>ult.</strong></span> <span class='ocrx_word' id='word_1_10' title='bbox 501 222 589 268; x_wconf 87' lang='lat' dir='ltr'><strong>post</strong></span> <span class='ocrx_word' id='word_1_11' title='bbox 617 217 789 270; x_wconf 80' lang='grc' dir='ltr'><strong><em>λέγωμεν</em></strong></span> <span class='ocrx_word' id='word_1_12' title='bbox 820 219 893 256; x_wconf 85' lang='lat' dir='ltr'><strong>ins</strong></span> <span class='ocrx_word' id='word_1_13' title='bbox 894 232 984 257; x_wconf 83' lang='lat' dir='ltr'><strong>·:ras</strong></span> <span class='ocrx_word' id='word_1_14' title='bbox 1013 233 1035 257; x_wconf 92' lang='lat' dir='ltr'><strong>a</strong></span> <span class='ocrx_word' id='word_1_15' title='bbox 1065 234 1113 258; x_wconf 92' lang='lat' dir='ltr'><strong>m.</strong></span> <span class='ocrx_word' id='word_1_16' title='bbox 1146 233 1201 270; x_wconf 88' lang='lat' dir='ltr'><strong>pr.</strong></span> <span class='ocrx_word' id='word_1_17' title='bbox 1232 219 1318 258; x_wconf 86' lang='lat' dir='ltr'><strong>Par.</strong></span> <span class='ocrx_word' id='word_1_18' title='bbox 1351 218 1394 256; x_wconf 90' lang='lat' dir='ltr'><strong>A.</strong></span> <span class='ocrx_word' id='word_1_19' title='bbox 1425 220 1498 261; x_wconf 76' lang='lat' dir='ltr'><strong>Dii.</strong></span> 
     </span>
     <span class='ocr_line' id='line_1_3' title="bbox 350 273 1449 328; baseline 0.003 -15"><span class='ocrx_word' id='word_1_20' title='bbox 350 279 385 321; x_wconf 91' lang='lat' dir='ltr'><strong>b,</strong></span> <span class='ocrx_word' id='word_1_21' title='bbox 415 273 469 315; x_wconf 85' lang='lat'><strong>14</strong></span> <span class='ocrx_word' id='word_1_22' title='bbox 500 275 639 312; x_wconf 82' lang='lat' dir='ltr'><strong>addas.</strong></span> <span class='ocrx_word' id='word_1_23' title='bbox 673 275 756 313; x_wconf 90' lang='lat' dir='ltr'><strong>Vid.</strong></span> <span class='ocrx_word' id='word_1_24' title='bbox 790 274 887 323; x_wconf 87' lang='lat' dir='ltr'><strong>Leg.</strong></span> <span class='ocrx_word' id='word_1_25' title='bbox 921 276 968 313; x_wconf 91' lang='lat' dir='ltr'><strong>X.</strong></span> <span class='ocrx_word' id='word_1_26' title='bbox 999 278 1092 316; x_wconf 89' lang='grc'><strong>886.</strong></span> <span class='ocrx_word' id='word_1_27' title='bbox 1125 277 1177 313; x_wconf 87' lang='grc' dir='ltr'><strong>Ε;</strong></span> <span class='ocrx_word' id='word_1_28' title='bbox 1209 275 1247 315; x_wconf 86' lang='grc' dir='ltr'><strong>τί</strong></span> <span class='ocrx_word' id='word_1_29' title='bbox 1274 275 1449 328; x_wconf 80' lang='grc' dir='ltr'><strong>λέγομεν.</strong></span> 
     </span>
     <span class='ocr_line' id='line_1_4' title="bbox 407 331 1412 372; baseline 0.002 -5"><span class='ocrx_word' id='word_1_30' title='bbox 407 334 432 372; x_wconf 86' lang='grc'>9</span> <span class='ocrx_word' id='word_1_31' title='bbox 461 343 482 367; x_wconf 91' lang='lat' dir='ltr'><strong>a</strong></span> <span class='ocrx_word' id='word_1_32' title='bbox 513 331 538 367; x_wconf 91' lang='lat' dir='ltr'><strong>f.</strong></span> <span class='ocrx_word' id='word_1_33' title='bbox 566 332 708 367; x_wconf 84' lang='lat' dir='ltr'>addas:</span> <span class='ocrx_word' id='word_1_34' title='bbox 735 353 783 357; x_wconf 97' lang='lat'><strong>—</strong></span> <span class='ocrx_word' id='word_1_35' title='bbox 804 345 907 369; x_wconf 84' lang='grc' dir='ltr'><strong>οι-</strong></span> <span class='ocrx_word' id='word_1_36' title='bbox 937 333 972 368; x_wconf 92' lang='lat' dir='ltr'><strong>in</strong></span> <span class='ocrx_word' id='word_1_37' title='bbox 1004 332 1114 368; x_wconf 86' lang='lat' dir='ltr'><strong>litura</strong></span> <span class='ocrx_word' id='word_1_38' title='bbox 1144 332 1231 371; x_wconf 85' lang='lat' dir='ltr'><strong>Par.</strong></span> <span class='ocrx_word' id='word_1_39' title='bbox 1264 332 1311 369; x_wconf 91' lang='lat' dir='ltr'><strong>A.</strong></span> <span class='ocrx_word' id='word_1_40' title='bbox 1340 332 1412 369; x_wconf 79' lang='lat' dir='ltr'><strong>Dii.</strong></span> 
     </span>
     <span class='ocr_line' id='line_1_5' title="bbox 128 385 1633 442; baseline -0.003 -13"><span class='ocrx_word' id='word_1_41' title='bbox 128 390 221 439; x_wconf 84' lang='lat' dir='ltr'><strong>Pag.</strong></span> <span class='ocrx_word' id='word_1_42' title='bbox 239 389 331 435; x_wconf 91' lang='lat'><strong>169,</strong></span> <span class='ocrx_word' id='word_1_43' title='bbox 343 388 380 435; x_wconf 87' lang='lat' dir='ltr'><strong>b,</strong></span> <span class='ocrx_word' id='word_1_44' title='bbox 408 389 444 424; x_wconf 86' lang='lat' dir='ltr'><strong>in</strong></span> <span class='ocrx_word' id='word_1_45' title='bbox 475 386 549 422; x_wconf 84' lang='lat' dir='ltr'><strong>fine</strong></span> <span class='ocrx_word' id='word_1_46' title='bbox 586 387 721 423; x_wconf 82' lang='lat' dir='ltr'>addas:</span> <span class='ocrx_word' id='word_1_47' title='bbox 762 385 828 424; x_wconf 84' lang='grc' dir='ltr'><strong>καὶ</strong></span> <span class='ocrx_word' id='word_1_48' title='bbox 854 385 936 426; x_wconf 81' lang='grc' dir='ltr'><em>ἰδία</em></span> <span class='ocrx_word' id='word_1_49' title='bbox 963 388 1030 426; x_wconf 84' lang='grc' dir='ltr'><strong>καὶ</strong></span> <span class='ocrx_word' id='word_1_50' title='bbox 1061 387 1251 442; x_wconf 73' lang='grc' dir='ltr'>δημοσίᾳ)</span> <span class='ocrx_word' id='word_1_51' title='bbox 1284 389 1320 425; x_wconf 89' lang='lat' dir='ltr'><strong>in</strong></span> <span class='ocrx_word' id='word_1_52' title='bbox 1349 388 1517 438; x_wconf 80' lang='lat' dir='ltr'><strong>margine</strong></span> <span class='ocrx_word' id='word_1_53' title='bbox 1542 388 1633 424; x_wconf 89' lang='lat' dir='ltr'><strong>scri</strong></span> 
     </span>
     <span class='ocr_line' id='line_1_6' title="bbox 353 441 848 493; baseline -0.002 -14"><span class='ocrx_word' id='word_1_54' title='bbox 353 448 418 493; x_wconf 89' lang='lat' dir='ltr'><strong>pta</strong></span> <span class='ocrx_word' id='word_1_55' title='bbox 446 442 559 478; x_wconf 89' lang='lat' dir='ltr'><strong>habet</strong></span> <span class='ocrx_word' id='word_1_56' title='bbox 587 441 673 484; x_wconf 85' lang='lat' dir='ltr'><strong>Par,</strong></span> <span class='ocrx_word' id='word_1_57' title='bbox 706 446 748 479; x_wconf 81' lang='lat' dir='ltr'><strong>A.</strong></span> <span class='ocrx_word' id='word_1_58' title='bbox 775 442 848 478; x_wconf 86' lang='lat' dir='ltr'><strong>Dii.</strong></span> 
     </span>
     <span class='ocr_line' id='line_1_7' title="bbox 129 499 1632 551; baseline -0.001 -16"><span class='ocrx_word' id='word_1_59' title='bbox 129 500 380 548; x_wconf 73' lang='lat' dir='ltr'><strong>Pag.170,a‚</strong></span> <span class='ocrx_word' id='word_1_60' title='bbox 409 499 507 535; x_wconf 82' lang='lat' dir='ltr'><strong>inter</strong></span> <span class='ocrx_word' id='word_1_61' title='bbox 541 510 573 533; x_wconf 75' lang='lat' dir='ltr'><strong>v.</strong></span> <span class='ocrx_word' id='word_1_62' title='bbox 604 499 626 537; x_wconf 85' lang='lat'>2</span> <span class='ocrx_word' id='word_1_63' title='bbox 663 503 700 534; x_wconf 82' lang='lat' dir='ltr'><strong>et</strong></span> <span class='ocrx_word' id='word_1_64' title='bbox 737 499 763 537; x_wconf 86' lang='lat'><strong>3</strong></span> <span class='ocrx_word' id='word_1_65' title='bbox 793 499 957 534; x_wconf 84' lang='lat' dir='ltr'><strong>inseras:</strong></span> <span class='ocrx_word' id='word_1_66' title='bbox 1000 499 1201 551; x_wconf 81' lang='grc' dir='ltr'><strong>γίγνηται)</strong></span> <span class='ocrx_word' id='word_1_67' title='bbox 1236 516 1422 551; x_wconf 66' lang='lat' dir='ltr'><strong>—nt—</strong></span> <span class='ocrx_word' id='word_1_68' title='bbox 1452 499 1490 536; x_wconf 86' lang='lat' dir='ltr'><strong>in</strong></span> <span class='ocrx_word' id='word_1_69' title='bbox 1526 499 1632 535; x_wconf 90' lang='lat' dir='ltr'><strong>unius</strong></span> 
     </span>
     <span class='ocr_line' id='line_1_8' title="bbox 375 553 953 593; baseline -0.002 -2"><span class='ocrx_word' id='word_1_70' title='bbox 375 555 523 591; x_wconf 76' lang='lat' dir='ltr'><strong>litterae</strong></span> <span class='ocrx_word' id='word_1_71' title='bbox 552 553 663 589; x_wconf 88' lang='lat' dir='ltr'><strong>litura</strong></span> <span class='ocrx_word' id='word_1_72' title='bbox 689 553 774 590; x_wconf 87' lang='lat' dir='ltr'><strong>Par.</strong></span> <span class='ocrx_word' id='word_1_73' title='bbox 806 556 849 593; x_wconf 89' lang='lat' dir='ltr'><strong>A.</strong></span> <span class='ocrx_word' id='word_1_74' title='bbox 882 554 953 590; x_wconf 74' lang='lat' dir='ltr'><strong>Dii.</strong></span> 
     </span>
     <span class='ocr_line' id='line_1_9' title="bbox 402 607 1632 661; baseline -0.002 -15"><span class='ocrx_word' id='word_1_75' title='bbox 402 611 454 649; x_wconf 85' lang='lat'><strong>13</strong></span> <span class='ocrx_word' id='word_1_76' title='bbox 481 622 503 646; x_wconf 89' lang='lat' dir='ltr'><strong>a</strong></span> <span class='ocrx_word' id='word_1_77' title='bbox 531 609 555 648; x_wconf 88' lang='lat' dir='ltr'><strong>f.</strong></span> <span class='ocrx_word' id='word_1_78' title='bbox 588 610 728 646; x_wconf 87' lang='lat' dir='ltr'><strong>addas:</strong></span> <span class='ocrx_word' id='word_1_79' title='bbox 767 615 804 646; x_wconf 87' lang='lat' dir='ltr'><strong>et</strong></span> <span class='ocrx_word' id='word_1_80' title='bbox 834 610 899 648; x_wconf 81' lang='grc' dir='ltr'><strong>δαί</strong></span> <span class='ocrx_word' id='word_1_81' title='bbox 927 622 948 646; x_wconf 83' lang='lat' dir='ltr'><strong>a</strong></span> <span class='ocrx_word' id='word_1_82' title='bbox 975 623 1024 647; x_wconf 91' lang='lat' dir='ltr'><strong>m.</strong></span> <span class='ocrx_word' id='word_1_83' title='bbox 1056 623 1133 647; x_wconf 86' lang='lat' dir='ltr'><strong>sec.</strong></span> <span class='ocrx_word' id='word_1_84' title='bbox 1160 611 1342 661; x_wconf 82' lang='lat' dir='ltr'><strong>scriptum</strong></span> <span class='ocrx_word' id='word_1_85' title='bbox 1374 623 1459 648; x_wconf 87' lang='lat' dir='ltr'><strong>esse</strong></span> <span class='ocrx_word' id='word_1_86' title='bbox 1489 610 1526 646; x_wconf 86' lang='lat' dir='ltr'><strong>in</strong></span> <span class='ocrx_word' id='word_1_87' title='bbox 1548 607 1632 646; x_wconf 88' lang='lat' dir='ltr'><strong>Par.</strong></span> 
     </span>
     <span class='ocr_line' id='line_1_10' title="bbox 433 664 915 703; baseline 0.004 -3"><span class='ocrx_word' id='word_1_88' title='bbox 433 666 477 703; x_wconf 84' lang='lat' dir='ltr'><strong>A.</strong></span> <span class='ocrx_word' id='word_1_89' title='bbox 509 669 668 701; x_wconf 79' lang='lat' dir='ltr'><strong>testatur</strong></span> <span class='ocrx_word' id='word_1_90' title='bbox 697 664 915 703; x_wconf 73' lang='lat' dir='ltr'><strong>Diibnerus.</strong></span> 
     </span>
     <span class='ocr_line' id='line_1_11' title="bbox 346 717 1122 770; baseline 0 -13"><span class='ocrx_word' id='word_1_91' title='bbox 346 720 384 769; x_wconf 85' lang='lat' dir='ltr'><strong>b,</strong></span> <span class='ocrx_word' id='word_1_92' title='bbox 416 723 467 760; x_wconf 89' lang='lat'><strong>17</strong></span> <span class='ocrx_word' id='word_1_93' title='bbox 498 725 585 770; x_wconf 85' lang='lat' dir='ltr'><strong>post</strong></span> <span class='ocrx_word' id='word_1_94' title='bbox 615 717 643 770; x_wconf 78' lang='grc' dir='ltr'><em>ἢ</em></span> <span class='ocrx_word' id='word_1_95' title='bbox 672 722 836 758; x_wconf 89' lang='lat' dir='ltr'><strong>inseras:</strong></span> <span class='ocrx_word' id='word_1_96' title='bbox 866 721 952 761; x_wconf 84' lang='lat' dir='ltr'><strong>Par.</strong></span> <span class='ocrx_word' id='word_1_97' title='bbox 981 720 1024 760; x_wconf 89' lang='lat' dir='ltr'><strong>A.</strong></span> <span class='ocrx_word' id='word_1_98' title='bbox 1051 719 1122 757; x_wconf 80' lang='lat' dir='ltr'><strong>Dii.</strong></span> 
     </span>
     <span class='ocr_line' id='line_1_12' title="bbox 127 775 1634 830; baseline 0.001 -18"><span class='ocrx_word' id='word_1_99' title='bbox 127 777 378 826; x_wconf 79' lang='lat' dir='ltr'><strong>Pag.173,a,</strong></span> <span class='ocrx_word' id='word_1_100' title='bbox 403 777 499 813; x_wconf 85' lang='lat' dir='ltr'><strong>inter</strong></span> <span class='ocrx_word' id='word_1_101' title='bbox 529 790 563 815; x_wconf 70' lang='lat' dir='ltr'><strong>V.</strong></span> <span class='ocrx_word' id='word_1_102' title='bbox 595 778 620 815; x_wconf 91' lang='lat'><strong>9</strong></span> <span class='ocrx_word' id='word_1_103' title='bbox 646 781 683 813; x_wconf 78' lang='lat' dir='ltr'><strong>et</strong></span> <span class='ocrx_word' id='word_1_104' title='bbox 715 778 766 816; x_wconf 88' lang='lat'><strong>10</strong></span> <span class='ocrx_word' id='word_1_105' title='bbox 795 779 962 814; x_wconf 87' lang='lat' dir='ltr'><strong>inseras:</strong></span> <span class='ocrx_word' id='word_1_106' title='bbox 994 775 1300 830; x_wconf 76' lang='grc' dir='ltr'>παρασχομένῳ)</span> <span class='ocrx_word' id='word_1_107' title='bbox 1330 797 1383 802; x_wconf 92' lang='grc'><strong>-</strong></span> <span class='ocrx_word' id='word_1_108' title='bbox 1402 791 1493 816; x_wconf 89' lang='grc' dir='ltr'><strong>ο-</strong></span> <span class='ocrx_word' id='word_1_109' title='bbox 1522 776 1557 813; x_wconf 85' lang='lat' dir='ltr'><strong>in</strong></span> <span class='ocrx_word' id='word_1_110' title='bbox 1591 776 1634 812; x_wconf 83' lang='lat' dir='ltr'><strong>li-</strong></span> 
     </span>
     <span class='ocr_line' id='line_1_13' title="bbox 374 832 1349 882; baseline 0 -14"><span class='ocrx_word' id='word_1_111' title='bbox 374 837 479 879; x_wconf 87' lang='lat' dir='ltr'><strong>tura,</strong></span> <span class='ocrx_word' id='word_1_112' title='bbox 507 837 592 869; x_wconf 88' lang='lat' dir='ltr'><strong>ante</strong></span> <span class='ocrx_word' id='word_1_113' title='bbox 624 832 771 869; x_wconf 84' lang='lat' dir='ltr'><strong>lituram</strong></span> <span class='ocrx_word' id='word_1_114' title='bbox 806 834 970 870; x_wconf 81' lang='lat' dir='ltr'><strong>fortasse</strong></span> <span class='ocrx_word' id='word_1_115' title='bbox 1002 848 1054 882; x_wconf 86' lang='grc' dir='ltr'><strong>ω,</strong></span> <span class='ocrx_word' id='word_1_116' title='bbox 1083 833 1169 869; x_wconf 89' lang='lat' dir='ltr'><strong>Par.</strong></span> <span class='ocrx_word' id='word_1_117' title='bbox 1201 832 1247 871; x_wconf 90' lang='lat' dir='ltr'><strong>A.</strong></span> <span class='ocrx_word' id='word_1_118' title='bbox 1274 832 1349 870; x_wconf 73' lang='lat' dir='ltr'><strong>Dii.</strong></span> 
     </span>
     <span class='ocr_line' id='line_1_14' title="bbox 127 887 1614 937; baseline 0 -13"><span class='ocrx_word' id='word_1_119' title='bbox 127 887 370 937; x_wconf 82' lang='lat' dir='ltr'><strong>Pag.174‚a,</strong></span> <span class='ocrx_word' id='word_1_120' title='bbox 405 888 456 927; x_wconf 86' lang='lat'><strong>13</strong></span> <span class='ocrx_word' id='word_1_121' title='bbox 483 900 504 924; x_wconf 91' lang='lat' dir='ltr'><strong>a</strong></span> <span class='ocrx_word' id='word_1_122' title='bbox 536 887 562 925; x_wconf 86' lang='lat' dir='ltr'><strong>f.</strong></span> <span class='ocrx_word' id='word_1_123' title='bbox 592 896 680 937; x_wconf 84' lang='lat' dir='ltr'><strong>post</strong></span> <span class='ocrx_word' id='word_1_124' title='bbox 706 888 797 928; x_wconf 83' lang='lat' dir='ltr'><strong>Par.</strong></span> <span class='ocrx_word' id='word_1_125' title='bbox 825 889 871 925; x_wconf 88' lang='lat' dir='ltr'><strong>A.</strong></span> <span class='ocrx_word' id='word_1_126' title='bbox 902 889 1073 925; x_wconf 85' lang='lat' dir='ltr'><strong>inseras:</strong></span> <span class='ocrx_word' id='word_1_127' title='bbox 1113 888 1185 937; x_wconf 85' lang='lat'><strong>(—</strong></span> <span class='ocrx_word' id='word_1_128' title='bbox 1204 903 1238 928; x_wconf 84' lang='grc' dir='ltr'><strong>ει</strong></span> <span class='ocrx_word' id='word_1_129' title='bbox 1261 911 1309 916; x_wconf 86' lang='grc'>-</span> <span class='ocrx_word' id='word_1_130' title='bbox 1355 888 1391 924; x_wconf 88' lang='lat' dir='ltr'><strong>in</strong></span> <span class='ocrx_word' id='word_1_131' title='bbox 1424 888 1534 926; x_wconf 87' lang='lat' dir='ltr'><strong>litura</strong></span> <span class='ocrx_word' id='word_1_132' title='bbox 1572 900 1614 924; x_wconf 92' lang='lat' dir='ltr'><strong>se</strong></span> 
     </span>
     <span class='ocr_line' id='line_1_15' title="bbox 374 943 821 994; baseline -0.002 -13"><span class='ocrx_word' id='word_1_133' title='bbox 374 944 534 981; x_wconf 86' lang='lat' dir='ltr'><strong>cundum</strong></span> <span class='ocrx_word' id='word_1_134' title='bbox 566 943 821 994; x_wconf 75' lang='lat' dir='ltr'><strong>Diibnerum.)</strong></span> 
     </span>
     <span class='ocr_line' id='line_1_16' title="bbox 347 995 1635 1050; baseline -0.002 -14"><span class='ocrx_word' id='word_1_135' title='bbox 347 1000 385 1047; x_wconf 92' lang='lat' dir='ltr'><strong>b,</strong></span> <span class='ocrx_word' id='word_1_136' title='bbox 414 1002 438 1039; x_wconf 89' lang='grc'>6</span> <span class='ocrx_word' id='word_1_137' title='bbox 459 999 600 1037; x_wconf 85' lang='lat' dir='ltr'><strong>addas:</strong></span> <span class='ocrx_word' id='word_1_138' title='bbox 630 1000 672 1036; x_wconf 92' lang='lat' dir='ltr'><strong>In</strong></span> <span class='ocrx_word' id='word_1_139' title='bbox 689 1000 775 1039; x_wconf 92' lang='lat' dir='ltr'><strong>Par.</strong></span> <span class='ocrx_word' id='word_1_140' title='bbox 793 1002 838 1040; x_wconf 88' lang='lat' dir='ltr'><strong>A.</strong></span> <span class='ocrx_word' id='word_1_141' title='bbox 857 1000 930 1038; x_wconf 83' lang='lat' dir='ltr'><strong>Dii.</strong></span> <span class='ocrx_word' id='word_1_142' title='bbox 949 999 1114 1036; x_wconf 84' lang='lat' dir='ltr'><strong>scholion</strong></span> <span class='ocrx_word' id='word_1_143' title='bbox 1132 1000 1363 1050; x_wconf 88' lang='lat' dir='ltr'><strong>adscriptum</strong></span> <span class='ocrx_word' id='word_1_144' title='bbox 1385 1003 1443 1036; x_wconf 86' lang='lat' dir='ltr'><strong>est</strong></span> <span class='ocrx_word' id='word_1_145' title='bbox 1460 995 1635 1038; x_wconf 74' lang='grc' dir='ltr'><strong>διώκειν.</strong></span> 
     </span>
     <span class='ocr_line' id='line_1_17' title="bbox 126 1054 1077 1105; baseline 0.001 -13"><span class='ocrx_word' id='word_1_146' title='bbox 126 1054 378 1105; x_wconf 79' lang='lat' dir='ltr'><strong>Pag.175,a,</strong></span> <span class='ocrx_word' id='word_1_147' title='bbox 404 1058 428 1095; x_wconf 88' lang='grc'>9</span> <span class='ocrx_word' id='word_1_148' title='bbox 459 1061 545 1104; x_wconf 84' lang='lat' dir='ltr'><strong>post</strong></span> <span class='ocrx_word' id='word_1_149' title='bbox 574 1057 610 1091; x_wconf 80' lang='grc' dir='ltr'><strong><em>ιή</em></strong></span> <span class='ocrx_word' id='word_1_150' title='bbox 641 1057 785 1092; x_wconf 86' lang='lat' dir='ltr'><strong>inseras</strong></span> <span class='ocrx_word' id='word_1_151' title='bbox 809 1055 896 1095; x_wconf 89' lang='lat' dir='ltr'><strong>Par.</strong></span> <span class='ocrx_word' id='word_1_152' title='bbox 926 1058 972 1097; x_wconf 83' lang='lat' dir='ltr'><strong>A.</strong></span> <span class='ocrx_word' id='word_1_153' title='bbox 1004 1055 1077 1093; x_wconf 72' lang='lat' dir='ltr'><strong>Dii.</strong></span> 
     </span>
     <span class='ocr_line' id='line_1_18' title="bbox 343 1109 1412 1161; baseline -0.002 -12"><span class='ocrx_word' id='word_1_154' title='bbox 343 1112 381 1159; x_wconf 91' lang='lat' dir='ltr'><strong>b,</strong></span> <span class='ocrx_word' id='word_1_155' title='bbox 416 1111 466 1150; x_wconf 84' lang='lat'><strong>15</strong></span> <span class='ocrx_word' id='word_1_156' title='bbox 498 1110 570 1152; x_wconf 86' lang='lat' dir='ltr'><strong>af</strong></span> <span class='ocrx_word' id='word_1_157' title='bbox 601 1112 738 1148; x_wconf 83' lang='lat' dir='ltr'><strong>addas:</strong></span> <span class='ocrx_word' id='word_1_158' title='bbox 772 1109 893 1150; x_wconf 67' lang='grc' dir='ltr'><strong><em>ἄλλον</em></strong></span> <span class='ocrx_word' id='word_1_159' title='bbox 923 1124 944 1148; x_wconf 88' lang='lat' dir='ltr'><strong>a</strong></span> <span class='ocrx_word' id='word_1_160' title='bbox 976 1125 1023 1150; x_wconf 78' lang='lat' dir='ltr'><strong>in</strong></span> <span class='ocrx_word' id='word_1_161' title='bbox 1054 1124 1113 1161; x_wconf 89' lang='lat' dir='ltr'><strong>pr.</strong></span> <span class='ocrx_word' id='word_1_162' title='bbox 1143 1111 1231 1151; x_wconf 86' lang='lat' dir='ltr'><strong>Par.</strong></span> <span class='ocrx_word' id='word_1_163' title='bbox 1264 1110 1306 1148; x_wconf 87' lang='lat' dir='ltr'><strong>A.</strong></span> <span class='ocrx_word' id='word_1_164' title='bbox 1336 1109 1412 1147; x_wconf 74' lang='lat' dir='ltr'><strong>Dii.</strong></span> 
     </span>
     <span class='ocr_line' id='line_1_19' title="bbox 399 1162 1635 1216; baseline -0.004 -10"><span class='ocrx_word' id='word_1_165' title='bbox 399 1167 497 1203; x_wconf 87' lang='lat' dir='ltr'><strong>inter</strong></span> <span class='ocrx_word' id='word_1_166' title='bbox 526 1179 560 1206; x_wconf 81' lang='lat' dir='ltr'><strong>v,</strong></span> <span class='ocrx_word' id='word_1_167' title='bbox 585 1167 635 1206; x_wconf 85' lang='lat'><strong>15</strong></span> <span class='ocrx_word' id='word_1_168' title='bbox 667 1171 703 1204; x_wconf 84' lang='lat' dir='ltr'><strong>et</strong></span> <span class='ocrx_word' id='word_1_169' title='bbox 736 1166 788 1207; x_wconf 84' lang='lat'><strong>14</strong></span> <span class='ocrx_word' id='word_1_170' title='bbox 817 1181 838 1204; x_wconf 86' lang='lat' dir='ltr'><strong>a</strong></span> <span class='ocrx_word' id='word_1_171' title='bbox 864 1168 888 1204; x_wconf 90' lang='lat' dir='ltr'><strong>f.</strong></span> <span class='ocrx_word' id='word_1_172' title='bbox 920 1168 1082 1204; x_wconf 80' lang='lat' dir='ltr'><strong>inseras:</strong></span> <span class='ocrx_word' id='word_1_173' title='bbox 1115 1166 1237 1216; x_wconf 77' lang='grc' dir='ltr'>σφᾶς)</span> <span class='ocrx_word' id='word_1_174' title='bbox 1255 1162 1365 1216; x_wconf 76' lang='grc' dir='ltr'><strong>σφοῖσ</strong></span> <span class='ocrx_word' id='word_1_175' title='bbox 1387 1165 1473 1205; x_wconf 78' lang='lat' dir='ltr'><strong>Par.</strong></span> <span class='ocrx_word' id='word_1_176' title='bbox 1495 1165 1540 1202; x_wconf 83' lang='lat' dir='ltr'><strong>A.</strong></span> <span class='ocrx_word' id='word_1_177' title='bbox 1559 1164 1635 1202; x_wconf 77' lang='lat' dir='ltr'><strong>Dii.</strong></span> 
     </span>
     <span class='ocr_line' id='line_1_20' title="bbox 127 1217 1637 1273; baseline 0.001 -15"><span class='ocrx_word' id='word_1_178' title='bbox 127 1222 222 1272; x_wconf 80' lang='lat' dir='ltr'><strong>Pag.</strong></span> <span class='ocrx_word' id='word_1_179' title='bbox 237 1224 331 1271; x_wconf 87' lang='lat'><strong>176,</strong></span> <span class='ocrx_word' id='word_1_180' title='bbox 344 1223 380 1271; x_wconf 90' lang='lat' dir='ltr'><strong>b,</strong></span> <span class='ocrx_word' id='word_1_181' title='bbox 395 1222 444 1262; x_wconf 86' lang='lat'><strong>13</strong></span> <span class='ocrx_word' id='word_1_182' title='bbox 478 1222 616 1259; x_wconf 87' lang='lat' dir='ltr'><strong>a‹l:das</strong></span> <span class='ocrx_word' id='word_1_183' title='bbox 654 1223 753 1260; x_wconf 87' lang='lat' dir='ltr'><strong>Tim.</strong></span> <span class='ocrx_word' id='word_1_184' title='bbox 784 1224 850 1263; x_wconf 85' lang='lat'><strong>37.</strong></span> <span class='ocrx_word' id='word_1_185' title='bbox 883 1222 934 1259; x_wconf 95' lang='lat' dir='ltr'><strong>C·</strong></span> <span class='ocrx_word' id='word_1_186' title='bbox 974 1238 1026 1269; x_wconf 84' lang='grc' dir='ltr'><strong>ως</strong></span> <span class='ocrx_word' id='word_1_187' title='bbox 1058 1220 1100 1263; x_wconf 76' lang='grc' dir='ltr'><strong>δὲ</strong></span> <span class='ocrx_word' id='word_1_188' title='bbox 1130 1221 1302 1273; x_wconf 79' lang='grc' dir='ltr'><strong><em>κινηθὲν</em></strong></span> <span class='ocrx_word' id='word_1_189' title='bbox 1333 1217 1432 1260; x_wconf 67' lang='lat' dir='ltr'><strong>avito*</strong></span> <span class='ocrx_word' id='word_1_190' title='bbox 1462 1220 1530 1260; x_wconf 85' lang='grc' dir='ltr'><strong>καὶ</strong></span> <span class='ocrx_word' id='word_1_191' title='bbox 1560 1223 1637 1268; x_wconf 84' lang='grc' dir='ltr'><strong>ζων</strong></span> 
     </span>
    </p>
   </div>
   <div class='ocr_carea' id='block_1_3' title="bbox 128 1273 1639 1384">
    <p class='ocr_par' dir='ltr' id='par_1_3' title="bbox 128 1273 1639 1384">
     <span class='ocr_line' id='line_1_21' title="bbox 128 1273 1639 1384; baseline -0.001 -14"><span class='ocrx_word' id='word_1_192' title='bbox 128 1273 666 1384; x_wconf 54' lang='lat' dir='ltr'><strong>Pag.178‚b,g¹1⁰7maef.(p0st</strong></span> <span class='ocrx_word' id='word_1_193' title='bbox 703 1334 805 1370; x_wconf 69' lang='lat' dir='ltr'><strong>lecim</strong></span> <span class='ocrx_word' id='word_1_194' title='bbox 842 1333 1010 1370; x_wconf 86' lang='lat' dir='ltr'><strong>inseras:</strong></span> <span class='ocrx_word' id='word_1_195' title='bbox 1053 1346 1164 1382; x_wconf 86' lang='lat' dir='ltr'><strong>quam</strong></span> <span class='ocrx_word' id='word_1_196' title='bbox 1202 1333 1371 1382; x_wconf 83' lang='lat' dir='ltr'><strong>sequitur</strong></span> <span class='ocrx_word' id='word_1_197' title='bbox 1399 1331 1639 1369; x_wconf 81' lang='lat' dir='ltr'><strong>Hei-mannus</strong></span> 
     </span>
    </p>
   </div>
   <div class='ocr_carea' id='block_1_4' title="bbox 131 1387 1643 2832">
    <p class='ocr_par' dir='ltr' id='par_1_4' title="bbox 131 1387 1643 2832">
     <span class='ocr_line' id='line_1_22' title="bbox 374 1387 1638 1427; baseline 0.001 -2"><span class='ocrx_word' id='word_1_198' title='bbox 374 1391 411 1426; x_wconf 86' lang='lat' dir='ltr'><strong>in</strong></span> <span class='ocrx_word' id='word_1_199' title='bbox 429 1389 577 1426; x_wconf 88' lang='lat' dir='ltr'><strong>Scholis</strong></span> <span class='ocrx_word' id='word_1_200' title='bbox 598 1389 838 1426; x_wconf 87' lang='lat' dir='ltr'><strong>Theocriteis</strong></span> <span class='ocrx_word' id='word_1_201' title='bbox 856 1390 892 1425; x_wconf 86' lang='lat' dir='ltr'><strong>in</strong></span> <span class='ocrx_word' id='word_1_202' title='bbox 914 1389 1135 1426; x_wconf 75' lang='lat' dir='ltr'><strong>zeitschrift</strong></span> <span class='ocrx_word' id='word_1_203' title='bbox 1159 1390 1184 1425; x_wconf 87' lang='lat' dir='ltr'><strong>f.</strong></span> <span class='ocrx_word' id='word_1_204' title='bbox 1208 1391 1245 1427; x_wconf 90' lang='lat' dir='ltr'><strong>d.</strong></span> <span class='ocrx_word' id='word_1_205' title='bbox 1267 1387 1480 1427; x_wconf 83' lang='lat' dir='ltr'><strong>Alt.-Wiss.</strong></span> <span class='ocrx_word' id='word_1_206' title='bbox 1518 1387 1638 1427; x_wconf 83' lang='lat'><strong>1840.</strong></span> 
     </span>
     <span class='ocr_line' id='line_1_23' title="bbox 374 1443 1637 1494; baseline -0.003 -11"><span class='ocrx_word' id='word_1_207' title='bbox 374 1445 460 1483; x_wconf 83' lang='lat' dir='ltr'><strong>Oct.</strong></span> <span class='ocrx_word' id='word_1_208' title='bbox 480 1444 531 1481; x_wconf 86' lang='lat' dir='ltr'><strong>N.</strong></span> <span class='ocrx_word' id='word_1_209' title='bbox 554 1447 645 1484; x_wconf 89' lang='lat'><strong>119.</strong></span> <span class='ocrx_word' id='word_1_210' title='bbox 669 1458 704 1494; x_wconf 88' lang='lat' dir='ltr'><strong>p.</strong></span> <span class='ocrx_word' id='word_1_211' title='bbox 722 1445 818 1493; x_wconf 82' lang='lat'><strong>975,</strong></span> <span class='ocrx_word' id='word_1_212' title='bbox 846 1444 905 1481; x_wconf 86' lang='lat' dir='ltr'><strong>ubi</strong></span> <span class='ocrx_word' id='word_1_213' title='bbox 924 1445 1023 1482; x_wconf 85' lang='lat' dir='ltr'><strong>hunc</strong></span> <span class='ocrx_word' id='word_1_214' title='bbox 1040 1445 1208 1482; x_wconf 86' lang='lat' dir='ltr'><strong>Platonis</strong></span> <span class='ocrx_word' id='word_1_215' title='bbox 1228 1445 1348 1481; x_wconf 89' lang='lat' dir='ltr'><strong>locum</strong></span> <span class='ocrx_word' id='word_1_216' title='bbox 1368 1456 1450 1480; x_wconf 86' lang='lat' dir='ltr'><strong>cnm</strong></span> <span class='ocrx_word' id='word_1_217' title='bbox 1470 1443 1637 1481; x_wconf 84' lang='lat' dir='ltr'><strong>Theocr.</strong></span> 
     </span>
     <span class='ocr_line' id='line_1_24' title="bbox 377 1500 809 1550; baseline -0.002 -13"><span class='ocrx_word' id='word_1_218' title='bbox 377 1500 493 1540; x_wconf 89' lang='lat' dir='ltr'><strong>XXV.</strong></span> <span class='ocrx_word' id='word_1_219' title='bbox 523 1502 572 1540; x_wconf 91' lang='lat'><strong>81</strong></span> <span class='ocrx_word' id='word_1_220' title='bbox 601 1506 809 1550; x_wconf 83' lang='lat' dir='ltr'><strong>comparat,</strong></span> 
     </span>
     <span class='ocr_line' id='line_1_25' title="bbox 404 1555 1639 1605; baseline -0.002 -13"><span class='ocrx_word' id='word_1_221' title='bbox 404 1557 427 1596; x_wconf 85' lang='lat'>5</span> <span class='ocrx_word' id='word_1_222' title='bbox 460 1569 481 1592; x_wconf 92' lang='lat' dir='ltr'><strong>a</strong></span> <span class='ocrx_word' id='word_1_223' title='bbox 512 1557 537 1595; x_wconf 81' lang='lat' dir='ltr'><strong>f,</strong></span> <span class='ocrx_word' id='word_1_224' title='bbox 566 1556 706 1595; x_wconf 83' lang='lat' dir='ltr'><strong>addas:</strong></span> <span class='ocrx_word' id='word_1_225' title='bbox 755 1557 792 1593; x_wconf 92' lang='lat' dir='ltr'><strong>ln</strong></span> <span class='ocrx_word' id='word_1_226' title='bbox 824 1555 910 1596; x_wconf 86' lang='lat' dir='ltr'><strong>Par,</strong></span> <span class='ocrx_word' id='word_1_227' title='bbox 945 1556 988 1592; x_wconf 93' lang='lat' dir='ltr'><strong>A.</strong></span> <span class='ocrx_word' id='word_1_228' title='bbox 1017 1555 1089 1592; x_wconf 78' lang='lat' dir='ltr'><strong>Dii.</strong></span> <span class='ocrx_word' id='word_1_229' title='bbox 1130 1556 1229 1592; x_wconf 83' lang='lat' dir='ltr'><strong>inter</strong></span> <span class='ocrx_word' id='word_1_230' title='bbox 1270 1570 1347 1605; x_wconf 77' lang='grc' dir='ltr'><strong>προ</strong></span> <span class='ocrx_word' id='word_1_231' title='bbox 1384 1559 1421 1590; x_wconf 87' lang='lat' dir='ltr'><strong>et</strong></span> <span class='ocrx_word' id='word_1_232' title='bbox 1451 1569 1499 1592; x_wconf 83' lang='grc' dir='ltr'><strong>πε</strong></span> <span class='ocrx_word' id='word_1_233' title='bbox 1531 1555 1639 1591; x_wconf 83' lang='lat' dir='ltr'><strong>unius</strong></span> 
     </span>
     <span class='ocr_line' id='line_1_26' title="bbox 432 1609 1637 1662; baseline -0.002 -14"><span class='ocrx_word' id='word_1_234' title='bbox 432 1612 579 1648; x_wconf 79' lang='lat' dir='ltr'><strong>litterae</strong></span> <span class='ocrx_word' id='word_1_235' title='bbox 599 1612 709 1648; x_wconf 79' lang='lat' dir='ltr'><strong>litura</strong></span> <span class='ocrx_word' id='word_1_236' title='bbox 731 1618 768 1648; x_wconf 89' lang='lat' dir='ltr'><strong>et</strong></span> <span class='ocrx_word' id='word_1_237' title='bbox 785 1625 855 1662; x_wconf 90' lang='lat' dir='ltr'><strong>pro</strong></span> <span class='ocrx_word' id='word_1_238' title='bbox 879 1634 934 1639; x_wconf 98' lang='lat'>—</span> <span class='ocrx_word' id='word_1_239' title='bbox 955 1609 1044 1658; x_wconf 66' lang='grc' dir='ltr'><strong>θῶς</strong></span> <span class='ocrx_word' id='word_1_240' title='bbox 1061 1625 1081 1648; x_wconf 89' lang='lat' dir='ltr'><strong>a</strong></span> <span class='ocrx_word' id='word_1_241' title='bbox 1100 1624 1149 1649; x_wconf 88' lang='lat' dir='ltr'><strong>m.</strong></span> <span class='ocrx_word' id='word_1_242' title='bbox 1169 1624 1244 1648; x_wconf 88' lang='lat' dir='ltr'><strong>sec.</strong></span> <span class='ocrx_word' id='word_1_243' title='bbox 1270 1609 1348 1657; x_wconf 79' lang='grc' dir='ltr'><strong>θός</strong></span> <span class='ocrx_word' id='word_1_244' title='bbox 1369 1611 1548 1659; x_wconf 82' lang='lat' dir='ltr'><strong>scriptum</strong></span> <span class='ocrx_word' id='word_1_245' title='bbox 1568 1616 1637 1650; x_wconf 79' lang='lat' dir='ltr'><strong>est,</strong></span> 
     </span>
     <span class='ocr_line' id='line_1_27' title="bbox 405 1665 1638 1717; baseline -0.002 -13"><span class='ocrx_word' id='word_1_246' title='bbox 405 1667 469 1705; x_wconf 89' lang='lat' dir='ltr'><strong>ult.</strong></span> <span class='ocrx_word' id='word_1_247' title='bbox 489 1668 629 1704; x_wconf 83' lang='lat' dir='ltr'><strong>addas:</strong></span> <span class='ocrx_word' id='word_1_248' title='bbox 662 1666 775 1717; x_wconf 72' lang='grc' dir='ltr'><strong>μηδὲ,</strong></span> <span class='ocrx_word' id='word_1_249' title='bbox 795 1681 816 1704; x_wconf 88' lang='lat' dir='ltr'><strong>a</strong></span> <span class='ocrx_word' id='word_1_250' title='bbox 838 1682 883 1705; x_wconf 88' lang='lat' dir='ltr'><strong>m.</strong></span> <span class='ocrx_word' id='word_1_251' title='bbox 903 1673 978 1707; x_wconf 81' lang='lat' dir='ltr'><strong>vet,</strong></span> <span class='ocrx_word' id='word_1_252' title='bbox 998 1680 1161 1717; x_wconf 83' lang='lat' dir='ltr'><strong>superne</strong></span> <span class='ocrx_word' id='word_1_253' title='bbox 1183 1667 1313 1703; x_wconf 80' lang='lat' dir='ltr'><strong>addito</strong></span> <span class='ocrx_word' id='word_1_254' title='bbox 1335 1682 1369 1712; x_wconf 85' lang='lat' dir='ltr'><strong>v,</strong></span> <span class='ocrx_word' id='word_1_255' title='bbox 1392 1665 1477 1701; x_wconf 89' lang='lat' dir='ltr'><strong>Par.</strong></span> <span class='ocrx_word' id='word_1_256' title='bbox 1501 1666 1542 1703; x_wconf 89' lang='lat' dir='ltr'><strong>A.</strong></span> <span class='ocrx_word' id='word_1_257' title='bbox 1565 1665 1638 1702; x_wconf 78' lang='lat' dir='ltr'><strong>Dii.</strong></span> 
     </span>
     <span class='ocr_line' id='line_1_28' title="bbox 131 1721 1638 1773; baseline 0 -14"><span class='ocrx_word' id='word_1_258' title='bbox 131 1724 221 1773; x_wconf 82' lang='lat' dir='ltr'><strong>Pag.</strong></span> <span class='ocrx_word' id='word_1_259' title='bbox 240 1724 380 1773; x_wconf 82' lang='lat' dir='ltr'><strong>180‚a,</strong></span> <span class='ocrx_word' id='word_1_260' title='bbox 414 1721 466 1763; x_wconf 82' lang='lat'><strong>24</strong></span> <span class='ocrx_word' id='word_1_261' title='bbox 493 1728 581 1773; x_wconf 85' lang='lat' dir='ltr'><strong>post</strong></span> <span class='ocrx_word' id='word_1_262' title='bbox 617 1723 725 1762; x_wconf 73' lang='lat' dir='ltr'><strong>Vincl.</strong></span> <span class='ocrx_word' id='word_1_263' title='bbox 755 1724 799 1761; x_wconf 90' lang='lat' dir='ltr'><strong>F.</strong></span> <span class='ocrx_word' id='word_1_264' title='bbox 838 1725 977 1761; x_wconf 88' lang='lat' dir='ltr'><strong>addas:</strong></span> <span class='ocrx_word' id='word_1_265' title='bbox 1017 1729 1053 1759; x_wconf 89' lang='lat' dir='ltr'><strong>et</strong></span> <span class='ocrx_word' id='word_1_266' title='bbox 1084 1724 1183 1759; x_wconf 87' lang='lat' dir='ltr'><strong>inter</strong></span> <span class='ocrx_word' id='word_1_267' title='bbox 1212 1736 1310 1763; x_wconf 83' lang='lat' dir='ltr'><strong>vers.</strong></span> <span class='ocrx_word' id='word_1_268' title='bbox 1343 1735 1364 1759; x_wconf 91' lang='lat' dir='ltr'><strong>a</strong></span> <span class='ocrx_word' id='word_1_269' title='bbox 1395 1734 1442 1760; x_wconf 90' lang='lat' dir='ltr'><strong>m.</strong></span> <span class='ocrx_word' id='word_1_270' title='bbox 1469 1734 1525 1772; x_wconf 83' lang='lat' dir='ltr'><strong>pr,</strong></span> <span class='ocrx_word' id='word_1_271' title='bbox 1553 1721 1638 1759; x_wconf 84' lang='lat' dir='ltr'><strong>Par.</strong></span> 
     </span>
     <span class='ocr_line' id='line_1_29' title="bbox 377 1778 525 1816; baseline -0.007 -1"><span class='ocrx_word' id='word_1_272' title='bbox 377 1780 422 1816; x_wconf 89' lang='lat' dir='ltr'><strong>A.</strong></span> <span class='ocrx_word' id='word_1_273' title='bbox 454 1778 525 1815; x_wconf 74' lang='lat' dir='ltr'><strong>Dii.</strong></span> 
     </span>
     <span class='ocr_line' id='line_1_30' title="bbox 133 1832 1638 1885; baseline -0.002 -13"><span class='ocrx_word' id='word_1_274' title='bbox 133 1835 222 1884; x_wconf 80' lang='lat' dir='ltr'><strong>Pag.</strong></span> <span class='ocrx_word' id='word_1_275' title='bbox 237 1836 311 1874; x_wconf 87' lang='lat'><strong>181</strong></span> <span class='ocrx_word' id='word_1_276' title='bbox 321 1847 377 1883; x_wconf 87' lang='lat' dir='ltr'><strong>,a,</strong></span> <span class='ocrx_word' id='word_1_277' title='bbox 410 1835 462 1875; x_wconf 89' lang='lat'><strong>16</strong></span> <span class='ocrx_word' id='word_1_278' title='bbox 493 1834 632 1870; x_wconf 86' lang='lat' dir='ltr'><strong>addas.</strong></span> <span class='ocrx_word' id='word_1_279' title='bbox 673 1834 741 1873; x_wconf 75' lang='grc' dir='ltr'><strong>ἵνα</strong></span> <span class='ocrx_word' id='word_1_280' title='bbox 775 1851 828 1885; x_wconf 82' lang='grc' dir='ltr'><strong>μη</strong></span> <span class='ocrx_word' id='word_1_281' title='bbox 858 1856 913 1861; x_wconf 82' lang='grc'>-</span> <span class='ocrx_word' id='word_1_282' title='bbox 947 1832 1153 1883; x_wconf 76' lang='grc' dir='ltr'><em>διεξίωμεν</em></span> <span class='ocrx_word' id='word_1_283' title='bbox 1187 1834 1223 1869; x_wconf 86' lang='lat' dir='ltr'><strong>in</strong></span> <span class='ocrx_word' id='word_1_284' title='bbox 1265 1844 1384 1881; x_wconf 86' lang='lat' dir='ltr'><strong>marg.</strong></span> <span class='ocrx_word' id='word_1_285' title='bbox 1423 1844 1444 1868; x_wconf 87' lang='lat' dir='ltr'><strong>a</strong></span> <span class='ocrx_word' id='word_1_286' title='bbox 1485 1845 1534 1869; x_wconf 92' lang='lat' dir='ltr'><strong>m.</strong></span> <span class='ocrx_word' id='word_1_287' title='bbox 1563 1838 1638 1870; x_wconf 84' lang='lat' dir='ltr'><strong>vet.</strong></span> 
     </span>
     <span class='ocr_line' id='line_1_31' title="bbox 373 1890 948 1940; baseline -0.002 -13"><span class='ocrx_word' id='word_1_288' title='bbox 373 1892 511 1940; x_wconf 86' lang='lat' dir='ltr'><strong>scripta</strong></span> <span class='ocrx_word' id='word_1_289' title='bbox 538 1890 652 1927; x_wconf 82' lang='lat' dir='ltr'><strong>habet</strong></span> <span class='ocrx_word' id='word_1_290' title='bbox 680 1890 765 1927; x_wconf 87' lang='lat' dir='ltr'><strong>Par.</strong></span> <span class='ocrx_word' id='word_1_291' title='bbox 801 1892 845 1930; x_wconf 88' lang='lat' dir='ltr'><strong>A</strong></span> <span class='ocrx_word' id='word_1_292' title='bbox 877 1890 948 1927; x_wconf 77' lang='lat' dir='ltr'><strong>Dii.</strong></span> 
     </span>
     <span class='ocr_line' id='line_1_32' title="bbox 132 1941 1637 1995; baseline -0.001 -13"><span class='ocrx_word' id='word_1_293' title='bbox 132 1947 223 1995; x_wconf 82' lang='lat' dir='ltr'><strong>Pag</strong></span> <span class='ocrx_word' id='word_1_294' title='bbox 240 1948 331 1993; x_wconf 85' lang='lat'><strong>182,</strong></span> <span class='ocrx_word' id='word_1_295' title='bbox 343 1946 380 1995; x_wconf 80' lang='lat' dir='ltr'><strong>b,</strong></span> <span class='ocrx_word' id='word_1_296' title='bbox 396 1949 447 1985; x_wconf 90' lang='lat'><strong>17</strong></span> <span class='ocrx_word' id='word_1_297' title='bbox 477 1946 613 1982; x_wconf 88' lang='lat' dir='ltr'><strong>addas.</strong></span> <span class='ocrx_word' id='word_1_298' title='bbox 650 1947 738 1982; x_wconf 71' lang='lat' dir='ltr'><strong>Sic</strong></span> <span class='ocrx_word' id='word_1_299' title='bbox 735 1951 785 1983; x_wconf 90' lang='lat' dir='ltr'><strong>et</strong></span> <span class='ocrx_word' id='word_1_300' title='bbox 821 1946 939 1994; x_wconf 89' lang='lat' dir='ltr'><strong>Gorg.</strong></span> <span class='ocrx_word' id='word_1_301' title='bbox 975 1959 1012 1995; x_wconf 89' lang='lat' dir='ltr'><strong>p.</strong></span> <span class='ocrx_word' id='word_1_302' title='bbox 1043 1942 1139 1986; x_wconf 76' lang='lat'><strong>478.</strong></span> <span class='ocrx_word' id='word_1_303' title='bbox 1170 1943 1211 1980; x_wconf 93' lang='grc' dir='ltr'><strong>Β.</strong></span> <span class='ocrx_word' id='word_1_304' title='bbox 1250 1942 1366 1980; x_wconf 87' lang='lat' dir='ltr'><strong>verba</strong></span> <span class='ocrx_word' id='word_1_305' title='bbox 1403 1944 1461 1981; x_wconf 81' lang='grc' dir='ltr'><strong>ὠν</strong></span> <span class='ocrx_word' id='word_1_306' title='bbox 1501 1941 1637 1995; x_wconf 83' lang='grc' dir='ltr'><strong>λέγεις,</strong></span> 
     </span>
     <span class='ocr_line' id='line_1_33' title="bbox 382 1998 1640 2051; baseline -0.002 -13"><span class='ocrx_word' id='word_1_307' title='bbox 382 2003 429 2039; x_wconf 89' lang='lat' dir='ltr'><strong>de</strong></span> <span class='ocrx_word' id='word_1_308' title='bbox 464 2002 598 2051; x_wconf 87' lang='lat' dir='ltr'><strong>quibus</strong></span> <span class='ocrx_word' id='word_1_309' title='bbox 636 2002 672 2038; x_wconf 86' lang='lat' dir='ltr'><strong>in</strong></span> <span class='ocrx_word' id='word_1_310' title='bbox 708 2002 837 2039; x_wconf 83' lang='lat' dir='ltr'><strong>Indice</strong></span> <span class='ocrx_word' id='word_1_311' title='bbox 888 2014 1009 2038; x_wconf 88' lang='lat' dir='ltr'><strong>rerum</strong></span> <span class='ocrx_word' id='word_1_312' title='bbox 1044 2000 1113 2036; x_wconf 91' lang='lat' dir='ltr'><strong>sub</strong></span> <span class='ocrx_word' id='word_1_313' title='bbox 1149 1998 1326 2036; x_wconf 86' lang='lat' dir='ltr'><strong>PLATO</strong></span> <span class='ocrx_word' id='word_1_314' title='bbox 1364 1999 1555 2044; x_wconf 81' lang='lat' dir='ltr'><strong>dixeram,</strong></span> <span class='ocrx_word' id='word_1_315' title='bbox 1603 2005 1640 2035; x_wconf 83' lang='lat' dir='ltr'><strong>et</strong></span> 
     </span>
     <span class='ocr_line' id='line_1_34' title="bbox 378 2027 1637 2106; baseline -0.003 -11"><span class='ocrx_word' id='word_1_316' title='bbox 378 2057 474 2106; x_wconf 83' lang='lat' dir='ltr'><strong>Leg.</strong></span> <span class='ocrx_word' id='word_1_317' title='bbox 503 2057 585 2094; x_wconf 88' lang='lat' dir='ltr'><strong>llll.</strong></span> <span class='ocrx_word' id='word_1_318' title='bbox 620 2058 717 2097; x_wconf 86' lang='lat'><strong>723.</strong></span> <span class='ocrx_word' id='word_1_319' title='bbox 762 2058 803 2096; x_wconf 89' lang='lat' dir='ltr'><strong>A.</strong></span> <span class='ocrx_word' id='word_1_320' title='bbox 834 2053 1036 2096; x_wconf 72' lang='grc' dir='ltr'><em>πειστικόν</em></span> <span class='ocrx_word' id='word_1_321' title='bbox 1066 2053 1206 2106; x_wconf 80' lang='grc' dir='ltr'><strong><em>λεχθὲν</em></strong></span> <span class='ocrx_word' id='word_1_322' title='bbox 1246 2052 1328 2094; x_wconf 75' lang='grc' dir='ltr'><strong>ὖπό</strong></span> <span class='ocrx_word' id='word_1_323' title='bbox 1357 2055 1474 2093; x_wconf 80' lang='grc' dir='ltr'><em>τοῦδε</em></span> <span class='ocrx_word' id='word_1_324' title='bbox 1503 2027 1637 2091; x_wconf 81' lang='lat' dir='ltr'><strong>collata</strong></span> 
     </span>
     <span class='ocr_line' id='line_1_35' title="bbox 377 2112 1640 2163; baseline -0.003 -13"><span class='ocrx_word' id='word_1_325' title='bbox 377 2127 461 2150; x_wconf 88' lang='lat' dir='ltr'><strong>cum</strong></span> <span class='ocrx_word' id='word_1_326' title='bbox 486 2113 553 2162; x_wconf 83' lang='lat' dir='ltr'><strong>iis,</strong></span> <span class='ocrx_word' id='word_1_327' title='bbox 590 2125 685 2163; x_wconf 87' lang='lat' dir='ltr'><strong>quae</strong></span> <span class='ocrx_word' id='word_1_328' title='bbox 716 2127 753 2163; x_wconf 89' lang='lat' dir='ltr'><strong>p.</strong></span> <span class='ocrx_word' id='word_1_329' title='bbox 784 2115 879 2153; x_wconf 79' lang='lat'><strong>720.</strong></span> <span class='ocrx_word' id='word_1_330' title='bbox 910 2114 953 2153; x_wconf 83' lang='lat' dir='ltr'><strong>A.</strong></span> <span class='ocrx_word' id='word_1_331' title='bbox 982 2116 1153 2159; x_wconf 85' lang='lat' dir='ltr'><strong>exstant,</strong></span> <span class='ocrx_word' id='word_1_332' title='bbox 1191 2112 1355 2148; x_wconf 87' lang='lat' dir='ltr'><strong>tenenda</strong></span> <span class='ocrx_word' id='word_1_333' title='bbox 1387 2116 1425 2147; x_wconf 91' lang='lat' dir='ltr'><strong>et</strong></span> <span class='ocrx_word' id='word_1_334' title='bbox 1452 2112 1640 2161; x_wconf 86' lang='lat' dir='ltr'><strong>interpre-</strong></span> 
     </span>
     <span class='ocr_line' id='line_1_36' title="bbox 380 2170 623 2207; baseline 0 -1"><span class='ocrx_word' id='word_1_335' title='bbox 380 2170 495 2207; x_wconf 84' lang='lat' dir='ltr'><strong>tanda</strong></span> <span class='ocrx_word' id='word_1_336' title='bbox 524 2174 623 2206; x_wconf 90' lang='lat' dir='ltr'><strong>sunt.</strong></span> 
     </span>
     <span class='ocr_line' id='line_1_37' title="bbox 135 2216 1639 2277; baseline 0.001 -17"><span class='ocrx_word' id='word_1_337' title='bbox 135 2223 447 2275; x_wconf 84' lang='lat' dir='ltr'><strong>Pag.184‚b,14</strong></span> <span class='ocrx_word' id='word_1_338' title='bbox 477 2238 498 2262; x_wconf 87' lang='lat' dir='ltr'><strong>a</strong></span> <span class='ocrx_word' id='word_1_339' title='bbox 530 2225 555 2265; x_wconf 84' lang='lat' dir='ltr'><strong>f.</strong></span> <span class='ocrx_word' id='word_1_340' title='bbox 585 2229 673 2275; x_wconf 88' lang='lat' dir='ltr'><strong>post</strong></span> <span class='ocrx_word' id='word_1_341' title='bbox 703 2220 816 2277; x_wconf 73' lang='grc' dir='ltr'><em>ἔγωγ’</em></span> <span class='ocrx_word' id='word_1_342' title='bbox 847 2225 1010 2261; x_wconf 87' lang='lat' dir='ltr'><strong>inseras:</strong></span> <span class='ocrx_word' id='word_1_343' title='bbox 1035 2221 1121 2261; x_wconf 91' lang='lat' dir='ltr'><strong>Par.</strong></span> <span class='ocrx_word' id='word_1_344' title='bbox 1140 2223 1184 2259; x_wconf 89' lang='lat' dir='ltr'><strong>A.</strong></span> <span class='ocrx_word' id='word_1_345' title='bbox 1204 2221 1279 2260; x_wconf 84' lang='lat' dir='ltr'><strong>Dii.</strong></span> <span class='ocrx_word' id='word_1_346' title='bbox 1311 2222 1398 2257; x_wconf 84' lang='lat' dir='ltr'><strong>item</strong></span> <span class='ocrx_word' id='word_1_347' title='bbox 1428 2225 1514 2271; x_wconf 84' lang='lat' dir='ltr'><strong>post</strong></span> <span class='ocrx_word' id='word_1_348' title='bbox 1543 2216 1639 2260; x_wconf 80' lang='grc' dir='ltr'><strong><em>ου’ὂὲ</em></strong></span> 
     </span>
     <span class='ocr_line' id='line_1_38' title="bbox 381 2282 697 2330; baseline -0.003 -10"><span class='ocrx_word' id='word_1_349' title='bbox 381 2295 420 2330; x_wconf 94' lang='lat' dir='ltr'><strong>p.</strong></span> <span class='ocrx_word' id='word_1_350' title='bbox 455 2282 545 2326; x_wconf 91' lang='lat'><strong>187,</strong></span> <span class='ocrx_word' id='word_1_351' title='bbox 574 2293 606 2327; x_wconf 89' lang='lat' dir='ltr'><strong>a,</strong></span> <span class='ocrx_word' id='word_1_352' title='bbox 634 2282 697 2322; x_wconf 81' lang='lat'><strong>19.</strong></span> 
     </span>
     <span class='ocr_line' id='line_1_39' title="bbox 136 2333 1238 2384; baseline -0.003 -12"><span class='ocrx_word' id='word_1_353' title='bbox 136 2335 229 2384; x_wconf 83' lang='lat' dir='ltr'><strong>Pag.</strong></span> <span class='ocrx_word' id='word_1_354' title='bbox 244 2336 336 2382; x_wconf 89' lang='lat'><strong>187,</strong></span> <span class='ocrx_word' id='word_1_355' title='bbox 347 2336 385 2384; x_wconf 86' lang='lat' dir='ltr'><strong>b,</strong></span> <span class='ocrx_word' id='word_1_356' title='bbox 399 2337 451 2376; x_wconf 88' lang='lat'><strong>18</strong></span> <span class='ocrx_word' id='word_1_357' title='bbox 481 2337 617 2373; x_wconf 86' lang='lat' dir='ltr'><strong>addas:</strong></span> <span class='ocrx_word' id='word_1_358' title='bbox 650 2358 692 2362; x_wconf 97' lang='lat'><strong>—</strong></span> <span class='ocrx_word' id='word_1_359' title='bbox 713 2339 749 2375; x_wconf 82' lang='grc' dir='ltr'><strong>εἶ</strong></span> <span class='ocrx_word' id='word_1_360' title='bbox 774 2336 809 2372; x_wconf 86' lang='lat' dir='ltr'><strong>in</strong></span> <span class='ocrx_word' id='word_1_361' title='bbox 835 2335 944 2371; x_wconf 87' lang='lat' dir='ltr'><strong>litura</strong></span> <span class='ocrx_word' id='word_1_362' title='bbox 971 2333 1056 2370; x_wconf 89' lang='lat' dir='ltr'><strong>Par.</strong></span> <span class='ocrx_word' id='word_1_363' title='bbox 1085 2333 1131 2371; x_wconf 90' lang='lat' dir='ltr'><strong>A.</strong></span> <span class='ocrx_word' id='word_1_364' title='bbox 1165 2333 1238 2370; x_wconf 76' lang='lat' dir='ltr'><strong>Dii.</strong></span> 
     </span>
     <span class='ocr_line' id='line_1_40' title="bbox 136 2389 1276 2440; baseline -0.001 -13"><span class='ocrx_word' id='word_1_365' title='bbox 136 2391 389 2440; x_wconf 80' lang='lat' dir='ltr'><strong>Pag.188,b,</strong></span> <span class='ocrx_word' id='word_1_366' title='bbox 417 2392 470 2431; x_wconf 83' lang='lat'><strong>13</strong></span> <span class='ocrx_word' id='word_1_367' title='bbox 500 2405 520 2428; x_wconf 89' lang='lat' dir='ltr'><strong>a</strong></span> <span class='ocrx_word' id='word_1_368' title='bbox 550 2392 575 2428; x_wconf 88' lang='lat' dir='ltr'><strong>f.</strong></span> <span class='ocrx_word' id='word_1_369' title='bbox 606 2392 744 2429; x_wconf 84' lang='lat' dir='ltr'><strong>addas.</strong></span> <span class='ocrx_word' id='word_1_370' title='bbox 771 2391 831 2427; x_wconf 90' lang='lat' dir='ltr'><strong>Cf.</strong></span> <span class='ocrx_word' id='word_1_371' title='bbox 857 2391 938 2427; x_wconf 88' lang='lat' dir='ltr'><strong>Vol.</strong></span> <span class='ocrx_word' id='word_1_372' title='bbox 971 2389 1016 2431; x_wconf 85' lang='grc' dir='ltr'><strong>ΙΙ,</strong></span> <span class='ocrx_word' id='word_1_373' title='bbox 1046 2403 1083 2440; x_wconf 88' lang='lat' dir='ltr'><strong>p.</strong></span> <span class='ocrx_word' id='word_1_374' title='bbox 1117 2391 1208 2434; x_wconf 90' lang='lat'><strong>177,</strong></span> <span class='ocrx_word' id='word_1_375' title='bbox 1240 2389 1276 2426; x_wconf 95' lang='lat' dir='ltr'><strong>b.</strong></span> 
     </span>
     <span class='ocr_line' id='line_1_41' title="bbox 136 2444 1182 2497; baseline -0.007 -9"><span class='ocrx_word' id='word_1_376' title='bbox 136 2446 388 2497; x_wconf 76' lang='lat' dir='ltr'><strong>Pag.189,b,</strong></span> <span class='ocrx_word' id='word_1_377' title='bbox 415 2448 469 2486; x_wconf 86' lang='lat'><strong>20</strong></span> <span class='ocrx_word' id='word_1_378' title='bbox 497 2452 585 2497; x_wconf 87' lang='lat' dir='ltr'><strong>post</strong></span> <span class='ocrx_word' id='word_1_379' title='bbox 615 2444 705 2486; x_wconf 77' lang='grc' dir='ltr'><em>οὕτε</em></span> <span class='ocrx_word' id='word_1_380' title='bbox 732 2448 896 2484; x_wconf 86' lang='lat' dir='ltr'><strong>inseras:</strong></span> <span class='ocrx_word' id='word_1_381' title='bbox 920 2445 1007 2483; x_wconf 88' lang='lat' dir='ltr'><strong>Par.</strong></span> <span class='ocrx_word' id='word_1_382' title='bbox 1038 2446 1082 2485; x_wconf 83' lang='lat' dir='ltr'><strong>A,</strong></span> <span class='ocrx_word' id='word_1_383' title='bbox 1110 2445 1182 2482; x_wconf 85' lang='lat' dir='ltr'><strong>Dii.</strong></span> 
     </span>
     <span class='ocr_line' id='line_1_42' title="bbox 413 2496 1642 2552; baseline -0.002 -14"><span class='ocrx_word' id='word_1_384' title='bbox 413 2504 511 2539; x_wconf 88' lang='lat' dir='ltr'><strong>inter</strong></span> <span class='ocrx_word' id='word_1_385' title='bbox 541 2516 574 2538; x_wconf 85' lang='lat' dir='ltr'><strong>v.</strong></span> <span class='ocrx_word' id='word_1_386' title='bbox 603 2504 649 2544; x_wconf 85' lang='lat'><strong>21</strong></span> <span class='ocrx_word' id='word_1_387' title='bbox 688 2509 726 2540; x_wconf 88' lang='lat' dir='ltr'><strong>et</strong></span> <span class='ocrx_word' id='word_1_388' title='bbox 754 2504 802 2543; x_wconf 84' lang='lat'><strong>22</strong></span> <span class='ocrx_word' id='word_1_389' title='bbox 835 2503 1002 2539; x_wconf 88' lang='lat' dir='ltr'><strong>inseras:</strong></span> <span class='ocrx_word' id='word_1_390' title='bbox 1043 2499 1066 2540; x_wconf 82' lang='grc' dir='ltr'>ό</span> <span class='ocrx_word' id='word_1_391' title='bbox 1092 2516 1166 2552; x_wconf 80' lang='grc' dir='ltr'><strong>γαρ</strong></span> <span class='ocrx_word' id='word_1_392' title='bbox 1190 2498 1280 2546; x_wconf 80' lang='grc' dir='ltr'><strong><em>νέος</em></strong></span> <span class='ocrx_word' id='word_1_393' title='bbox 1306 2521 1356 2528; x_wconf 88' lang='lat'><strong>-—</strong></span> <span class='ocrx_word' id='word_1_394' title='bbox 1384 2496 1406 2539; x_wconf 87' lang='grc' dir='ltr'>ὁ</span> <span class='ocrx_word' id='word_1_395' title='bbox 1435 2497 1514 2550; x_wconf 79' lang='grc' dir='ltr'><strong>μή)</strong></span> <span class='ocrx_word' id='word_1_396' title='bbox 1545 2498 1642 2536; x_wconf 86' lang='lat' dir='ltr'><strong>Pro-</strong></span> 
     </span>
     <span class='ocr_line' id='line_1_43' title="bbox 440 2552 1643 2608; baseline -0.004 -10"><span class='ocrx_word' id='word_1_397' title='bbox 440 2559 517 2595; x_wconf 88' lang='lat' dir='ltr'><strong>clus</strong></span> <span class='ocrx_word' id='word_1_398' title='bbox 557 2559 593 2594; x_wconf 85' lang='lat' dir='ltr'><strong>in</strong></span> <span class='ocrx_word' id='word_1_399' title='bbox 631 2559 712 2596; x_wconf 80' lang='lat' dir='ltr'><strong>Civ-</strong></span> <span class='ocrx_word' id='word_1_400' title='bbox 751 2572 789 2608; x_wconf 89' lang='lat' dir='ltr'><strong>p</strong></span> <span class='ocrx_word' id='word_1_401' title='bbox 824 2557 926 2598; x_wconf 83' lang='lat'>402:</span> <span class='ocrx_word' id='word_1_402' title='bbox 967 2571 1019 2602; x_wconf 86' lang='grc' dir='ltr'><strong>ως</strong></span> <span class='ocrx_word' id='word_1_403' title='bbox 1055 2555 1078 2596; x_wconf 82' lang='lat' dir='ltr'><strong>o‘</strong></span> <span class='ocrx_word' id='word_1_404' title='bbox 1114 2555 1204 2602; x_wconf 83' lang='grc' dir='ltr'><strong><em>νέος</em></strong></span> <span class='ocrx_word' id='word_1_405' title='bbox 1243 2552 1317 2596; x_wconf 69' lang='grc' dir='ltr'><strong>οὐκ</strong></span> <span class='ocrx_word' id='word_1_406' title='bbox 1357 2555 1436 2595; x_wconf 84' lang='grc' dir='ltr'><em>ε’στι</em></span> <span class='ocrx_word' id='word_1_407' title='bbox 1474 2553 1643 2601; x_wconf 76' lang='grc' dir='ltr'><strong><em>δυνατός</em></strong></span> 
     </span>
     <span class='ocr_line' id='line_1_44' title="bbox 441 2606 1639 2665; baseline -0.005 -13"><span class='ocrx_word' id='word_1_408' title='bbox 441 2614 619 2665; x_wconf 77' lang='grc' dir='ltr'><strong>κρίνειν,</strong></span> <span class='ocrx_word' id='word_1_409' title='bbox 643 2606 705 2653; x_wconf 87' lang='grc' dir='ltr'><strong>ο’τι</strong></span> <span class='ocrx_word' id='word_1_410' title='bbox 727 2612 767 2653; x_wconf 81' lang='grc' dir='ltr'><strong>τέ</strong></span> <span class='ocrx_word' id='word_1_411' title='bbox 787 2613 893 2653; x_wconf 81' lang='grc' dir='ltr'><strong><em>ἐστιν</em></strong></span> <span class='ocrx_word' id='word_1_412' title='bbox 921 2610 1098 2652; x_wconf 82' lang='grc' dir='ltr'><strong><em>υπόνοια</em></strong></span> <span class='ocrx_word' id='word_1_413' title='bbox 1125 2611 1192 2652; x_wconf 85' lang='grc' dir='ltr'><strong>καὶ</strong></span> <span class='ocrx_word' id='word_1_414' title='bbox 1214 2608 1236 2652; x_wconf 77' lang='grc' dir='ltr'>ὃ</span> <span class='ocrx_word' id='word_1_415' title='bbox 1256 2608 1327 2664; x_wconf 85' lang='grc' dir='ltr'><strong>μή.</strong></span> <span class='ocrx_word' id='word_1_416' title='bbox 1356 2611 1561 2649; x_wconf 82' lang='lat' dir='ltr'><strong>Praeterea</strong></span> <span class='ocrx_word' id='word_1_417' title='bbox 1590 2612 1639 2648; x_wconf 81' lang='lat' dir='ltr'><strong>cf.</strong></span> 
     </span>
     <span class='ocr_line' id='line_1_45' title="bbox 443 2666 832 2709; baseline 0.011 -4"><span class='ocrx_word' id='word_1_418' title='bbox 443 2669 560 2706; x_wconf 84' lang='lat' dir='ltr'><strong>Index</strong></span> <span class='ocrx_word' id='word_1_419' title='bbox 585 2671 622 2706; x_wconf 92' lang='lat' dir='ltr'><strong>in</strong></span> <span class='ocrx_word' id='word_1_420' title='bbox 646 2666 832 2709; x_wconf 72' lang='grc' dir='ltr'><strong>ὑπόνοια</strong></span> 
     </span>
     <span class='ocr_line' id='line_1_46' title="bbox 416 2717 1642 2792; baseline -0.002 -30"><span class='ocrx_word' id='word_1_421' title='bbox 416 2725 467 2764; x_wconf 87' lang='grc'><strong>27</strong></span> <span class='ocrx_word' id='word_1_422' title='bbox 503 2725 640 2762; x_wconf 88' lang='lat' dir='ltr'><strong>addas:</strong></span> <span class='ocrx_word' id='word_1_423' title='bbox 680 2725 805 2764; x_wconf 90' lang='lat' dir='ltr'><strong>Schol</strong></span> <span class='ocrx_word' id='word_1_424' title='bbox 845 2724 1002 2762; x_wconf 89' lang='lat' dir='ltr'><strong>Aristot.</strong></span> <span class='ocrx_word' id='word_1_425' title='bbox 1046 2736 1083 2772; x_wconf 90' lang='lat' dir='ltr'><strong>p.</strong></span> <span class='ocrx_word' id='word_1_426' title='bbox 1114 2724 1162 2771; x_wconf 87' lang='lat'><strong>8,</strong></span> <span class='ocrx_word' id='word_1_427' title='bbox 1194 2724 1235 2792; x_wconf 42' lang='lat' dir='ltr'><strong>bf,</strong></span> <span class='ocrx_word' id='word_1_428' title='bbox 1266 2724 1339 2764; x_wconf 85' lang='lat'><strong>26:</strong></span> <span class='ocrx_word' id='word_1_429' title='bbox 1380 2717 1408 2777; x_wconf 77' lang='grc' dir='ltr'><em>ᾗ</em></span> <span class='ocrx_word' id='word_1_430' title='bbox 1443 2721 1545 2772; x_wconf 86' lang='grc' dir='ltr'><em>φησὶ</em></span> <span class='ocrx_word' id='word_1_431' title='bbox 1575 2721 1642 2760; x_wconf 79' lang='grc' dir='ltr'><strong>καὶ</strong></span> 
     </span>
     <span class='ocr_line' id='line_1_47' title="bbox 440 2774 1643 2832; baseline -0.002 -13"><span class='ocrx_word' id='word_1_432' title='bbox 440 2776 611 2820; x_wconf 74' lang='grc' dir='ltr'><strong><em>Πλάτων</em></strong></span> <span class='ocrx_word' id='word_1_433' title='bbox 630 2774 774 2828; x_wconf 67' lang='grc' dir='ltr'><em>οὕτως</em></span> <span class='ocrx_word' id='word_1_434' title='bbox 807 2777 833 2820; x_wconf 72' lang='grc' dir='ltr'><em>ἃ</em></span> <span class='ocrx_word' id='word_1_435' title='bbox 859 2795 934 2832; x_wconf 77' lang='grc' dir='ltr'><strong>γαρ</strong></span> <span class='ocrx_word' id='word_1_436' title='bbox 952 2775 1003 2819; x_wconf 76' lang='grc' dir='ltr'><strong>ὅῖν</strong></span> <span class='ocrx_word' id='word_1_437' title='bbox 1020 2778 1168 2819; x_wconf 80' lang='grc' dir='ltr'><strong><em>ἓκουσα</em></strong></span> <span class='ocrx_word' id='word_1_438' title='bbox 1197 2776 1229 2830; x_wconf 76' lang='grc' dir='ltr'><em>ἦ</em></span> <span class='ocrx_word' id='word_1_439' title='bbox 1254 2775 1366 2830; x_wconf 83' lang='grc' dir='ltr'><em>ψυχη</em></span> <span class='ocrx_word' id='word_1_440' title='bbox 1395 2776 1515 2832; x_wconf 82' lang='grc' dir='ltr'><strong>λαβῃ,</strong></span> <span class='ocrx_word' id='word_1_441' title='bbox 1545 2778 1643 2818; x_wconf 79' lang='grc' dir='ltr'><em>δυσ-</em></span> 
     </span>
    </p>
   </div>
  </div>
 </body>
</html>
