1764 3176
149 48 200 89 18
794 49 941 89 Volum.
967 50 996 89 Ι.

149 161 389 212 Pag.214‚a‚
420 161 469 202 14
499 174 520 197 a
540 161 563 202 f,
587 161 723 199 addas:
754 160 795 198 In
815 160 900 202 Par.
929 161 971 202 A.
994 162 1067 199 Dii.
1086 158 1231 202 ’Ἀϊδοσ
1253 159 1296 201 δὲ
1317 163 1354 213 β.
1372 164 1553 214 scriptum
1575 168 1646 202 est.

425 221 472 259 12
501 230 523 254 a
547 218 572 254 f.
600 219 737 255 addas:
768 221 805 256 λι
824 240 870 244 -
906 219 941 255 in
972 219 1082 256 litura
1109 218 1197 258 Par.
1228 218 1270 257 A.
1302 217 1375 256 Dii.

424 276 475 314 10
503 287 524 311 a
550 274 575 309 f.
604 275 739 311 addas:
780 270 1000 326 ἆνδρότητά
1024 289 1064 314 τε
1091 273 1214 313 Procl.
1246 277 1281 313 in
1310 275 1391 316 Civ.
1411 289 1448 326 p.
1468 276 1564 325 382,
1593 277 1647 316 36

450 334 487 367 et
517 333 709 378 λιποῦσα,
741 343 849 367 versu
882 332 1068 380 neglecto,

365 386 401 434 b,
433 388 458 426 6
485 387 626 424 addas:
655 383 817 438 τρισμὸς
847 388 981 424 dicitur
999 387 1132 424 Proelo
1151 401 1188 437 p.
1207 388 1304 436 382,
1332 388 1395 427 12.
1421 388 1518 435 383,
1546 389 1584 426 7·
1607 389 1646 427 9.

425 445 471 481 11
506 447 594 492 post
622 445 659 479 in
679 444 842 480 inseras:
873 443 956 482 Par.
982 443 1025 480 A.
1043 443 1115 481 Dii.
1148 446 1235 480 item
1265 445 1317 484 18
1343 456 1363 480 a
1389 443 1416 481 f.
1446 448 1533 494 post
1551 440 1647 493 ἶὩς)

450 503 487 535 et
521 500 570 537 15
600 511 620 535 a
651 499 675 536 f.
706 503 794 549 post
821 499 898 536 Ila.

417 555 512 592 inter
544 568 577 593 v.
603 556 654 595 10
676 561 712 591 et
738 558 762 595 9
785 568 804 592 a
825 555 849 592 f.
881 557 1043 594 inseras:
1072 553 1215 611 ᾔεσαν)
1247 552 1371 607 ἤεσαν
1395 555 1477 593 Par.
1505 555 1549 594 A.·
1573 554 1645 594 Dii.

421 612 446 649 3
473 624 494 647 a
526 612 551 648 f.
581 612 718 648 addas:
750 607 800 650 οἷν
828 611 912 651 Par.
943 612 986 648 A.
1013 612 1087 649 Dii.

419 668 516 703 inter
558 679 592 706 V.
618 668 644 706 3
680 680 701 703 a
729 667 752 704 f.
790 672 827 704 et
865 669 1006 717 penult.
1036 670 1180 705 inseras
1211 672 1362 717 praeter
1391 669 1450 716 id,
1477 667 1576 716 quod
1607 680 1645 716 p.

446 722 601 760 LXXX.
631 723 895 761 demonstravi:
934 724 1056 761 Procl.
1088 725 1124 761 in
1155 725 1235 761 Civ.
1266 738 1303 774 p,
1335 724 1438 771 383,
1470 726 1543 765 21:
1576 720 1649 769 οὓς

449 779 645 831 (στίχους)
675 778 694 817 ὁ
725 777 943 830 Σωκράτης
974 777 1213 832 διαγράφειν
1243 776 1362 828 α’ξιοῖ.

142 831 387 882 Pag·215,a,
422 834 472 874 14
510 848 530 872 a
571 835 596 875 f.
629 841 718 884 post
756 832 992 887 ἀλίβαντας)
1034 838 1200 875 inseras:
1242 837 1423 876 —M'—
1457 836 1492 872 in
1535 834 1647 872 litura

390 890 475 928 Par.
510 891 554 927 A.
585 891 656 927 Dii.

419 948 470 986 10
500 960 522 984 a
547 947 570 986 s,
602 948 742 983 addas:
773 946 865 987 Lex.
885 948 1005 987 Bekk.
1040 963 1078 999 p.
1098 949 1202 994 376,
1237 950 1309 989 21:
1342 942 1502 998 ἆλίβας·
1534 945 1556 986 0‘
1583 961 1643 985 νε-

440 1001 549 1054 κρός.
594 999 622 1053 ἢ
659 1001 837 1054 ποταμός
875 1004 917 1043 ἐν
943 998 1101 1045 ’Ἅιδου
1143 1004 1293 1057 λέγεται
1327 998 1468 1056 ἆλίβας
1498 1003 1566 1043 καὶ
1601 1000 1644 1042 τό

448 1056 561 1109 ὅξος,
592 1058 699 1109 παροὶ
731 1058 774 1098 τό
807 1058 860 1111 μή
889 1062 1093 1112 λείβεσθαι
1120 1065 1245 1108 θεοῖς.
1301 1061 1410 1098 Adde
1433 1073 1530 1109 quae
1549 1061 1645 1097 idem

444 1129 484 1165 p.
514 1116 612 1164 431,
641 1116 681 1154 3.
713 1116 760 1153 de
787 1117 901 1153 verbo
933 1115 1179 1170 α’πολιβοῖξαι
1210 1123 1404 1155 memorat.

141 1165 388 1218 pag-2167b,
420 1173 438 1210 1
471 1176 559 1222 post
601 1169 752 1222 δηλαδή
784 1174 946 1210 inseras:
988 1174 1072 1213 Par.
1100 1175 1146 1213 A.
1179 1173 1252 1213 Dii.
1283 1175 1369 1211 item
1410 1187 1445 1224 p.
1474 1174 1578 1218 217,
1609 1184 1646 1219 a,

388 1228 438 1267 21
471 1234 559 1277 post
587 1224 741 1278 ἥκιστα,
773 1229 823 1269 22
853 1235 943 1279 post
973 1227 1053 1283 ἄρ’,
1083 1231 1118 1277 b,
1149 1228 1171 1269 7
1205 1244 1225 1267 a
1257 1231 1282 1271 f,
1314 1235 1401 1280 post
1427 1226 1517 1282 ἄρα,
1549 1229 1644 1277 218,

391 1295 426 1330 a,
458 1286 479 1323 1
509 1289 597 1334 post
627 1281 669 1323 δὲ
700 1279 770 1322 οἷπ.

140 1330 384 1386 Pag.218‚b‚
414 1342 440 1378 7
464 1345 552 1389 post
581 1340 811 1390 πλωΐζοντ’)
842 1342 1005 1379 inseras:
1036 1338 1246 1389 πλώιζοντ’
1272 1342 1356 1382 Par.
1386 1341 1430 1380 A.
1459 1341 1528 1382 Dii.

139 1388 390 1443 Pflg-219,a‚
422 1397 476 1435 10
505 1412 529 1446 η
563 1396 742 1433 Diibnero
771 1402 926 1435 anctore
956 1404 1077 1436 mutes
1109 1400 1145 1436 in
1176 1414 1219 1449 m
1245 1399 1357 1448 idque
1386 1411 1407 1435 a
1438 1410 1549 1435 manu
1579 1409 1643 1434 ea-

383 1452 466 1488 dem
499 1453 794 1503 superscriptum
820 1458 945 1503 putes.

414 1510 465 1549 22
493 1514 581 1558 post
606 1505 684 1547 κάκ
713 1512 908 1561 κεφαλῆς)
940 1512 1105 1548 inseras:
1135 1525 1301 1561 κακκεφ.
1331 1510 1416 1547 Par·
1450 1509 1493 1546 A·
1526 1508 1598 1546 Dii·

359 1563 394 1613 b,
427 1567 447 1604 1
475 1570 564 1614 post
591 1562 881 1616 κυλινδόμενον
911 1568 1076 1605 inseras:
1105 1567 1191 1608 Par.
1221 1566 1265 1605 A.
1297 1566 1368 1604 Dii.
1398 1580 1478 1604 cum
1508 1564 1642 1603 Proelo

388 1620 423 1656 in
451 1621 535 1661 Civ,
567 1635 603 1671 p.
633 1622 727 1670 383,
759 1623 825 1661 33.

413 1678 466 1716 17
498 1678 703 1715 secundum
733 1677 952 1716 Diibnerum
985 1679 1185 1717 delendum
1220 1683 1277 1716 est
1306 1679 1349 1715 A.

414 1734 438 1770 9
466 1747 488 1770 a
519 1734 545 1769 f.
575 1740 664 1783 post
680 1732 823 1785 ’Ώμοι)
849 1739 885 1772 et
916 1736 940 1775 5
969 1748 990 1773 a
1023 1736 1048 1772 f.
1074 1740 1163 1786 post
1194 1732 1314 1787 ὤμοι)
1344 1736 1508 1773 inseras:
1543 1732 1642 1788 ᾤμοι

444 1786 527 1828 Par.
562 1788 608 1827 A.
636 1789 710 1829 Dii.

136 1839 381 1891 Pag.220,a‚
415 1844 466 1882 15
493 1851 582 1894 post
617 1839 649 1883 ὦ
677 1846 842 1883 inseras:
874 1847 960 1886 Par.
988 1847 1034 1887 A.
1066 1846 1139 1884 Dii.

413 1900 464 1940 22
496 1905 582 1950 post
609 1902 668 1940 Αἲ
698 1902 758 1951 αἲ)
790 1903 950 1940 inseras:
984 1902 1029 1942 αἴ
1056 1902 1101 1942 αἴ
1127 1904 1213 1941 Par.
1237 1902 1283 1942 A.
1315 1901 1390 1940 Dii.

412 1956 507 1993 inter
537 1970 570 1996 v,
600 1957 652 1998 25
677 1963 716 1994 et
737 1959 789 1999 26
819 1959 982 1996 inseras:
1022 1960 1231 2010 φίλτατον)
1265 1960 1410 1996 -λ--
1435 1971 1457 1996 a
1487 1973 1535 1999 m.
1566 1972 1642 1996 sec·

442 2012 582 2049 illatum
613 2014 727 2050 habet
757 2013 840 2051 Par.
874 2014 916 2054 A.
945 2014 1017 2052 Dii.

357 2067 393 2115 b,
427 2068 453 2106 3
469 2074 559 2118 post
577 2072 715 2121 σχολῇ)
729 2070 890 2108 inseras:
918 2072 952 2107 in
973 2070 1082 2108 litura
1099 2074 1136 2108 et
1149 2071 1228 2108 sine
1245 2075 1401 2109 accentu
1412 2070 1496 2109 Par.
1509 2069 1553 2108 A.
1566 2070 1640 2112 Dii,

413 2124 464 2164 22
496 2130 584 2175 post
615 2121 688 2177 οὐχ
720 2126 880 2164 inseras:
909 2126 993 2166 Par.
1026 2125 1072 2166 A.
1105 2125 1180 2163 Dii.

136 2174 428 2228 Pag.221‚a,7
454 2187 542 2230 post
572 2180 676 2232 ἔφην
701 2183 863 2220 inseras:
894 2183 978 2223 Par,
999 2183 1041 2221 A.
1063 2181 1135 2221 Dii.
1171 2187 1208 2220 et
1235 2183 1396 2233 proinde
1430 2197 1463 2224 v.
1493 2185 1545 2223 17
1573 2184 1640 2221 de—

384 2235 482 2272 leas:
517 2236 603 2279 Par,
635 2238 678 2274 A.

410 2292 436 2331 3
467 2305 488 2328 a
519 2294 543 2331 f.
572 2294 708 2331 addas:
758 2294 972 2332 Secundum
1002 2293 1221 2332 Diibnerum
1251 2293 1449 2346 κατέχοιτο
1479 2308 1501 2333 a
1530 2308 1639 2333 manu

442 2350 700 2388 recentissima
729 2351 894 2400 positum
919 2351 954 2387 in
986 2352 1154 2401 margine
1183 2351 1307 2390 habet.

134 2397 383 2450 Pflg-222,b,
414 2404 440 2442 3
470 2411 558 2454 post
583 2410 730 2454 θεοῖσι,
756 2408 855 2456 quod
885 2420 982 2444 nunc
1011 2420 1080 2457 pro
1104 2420 1195 2445 vero
1222 2407 1446 2456 habendum,
1475 2408 1638 2445 inseras:

378 2459 463 2496 Par.
495 2462 541 2501 A,
573 2462 649 2499 Dii.

412 2516 435 2555 5
469 2529 489 2552 a
519 2517 544 2557 f.
575 2519 624 2555 ad
652 2516 744 2556 Par.
772 2518 819 2555 A.
850 2519 986 2556 addas:
1015 2532 1125 2569 quem
1155 2523 1279 2557 tamen
1310 2519 1509 2557 Diibnerus
1539 2521 1636 2559 πολ-

437 2575 522 2619 λοῖς
551 2586 634 2611 cum
664 2574 816 2624 reliquis
847 2573 978 2625 (etiam
1007 2575 1137 2626 Voss.)
1169 2575 1308 2614 habere
1338 2580 1512 2614 testatur.

132 2624 387 2676 Pag.223,a,
423 2632 442 2667 1
473 2628 569 2678 Leg.
603 2630 668 2667 IV.
701 2632 795 2671 713.
828 2630 875 2671 D.
905 2632 1042 2668 addas:
1082 2645 1156 2681 quo
1189 2636 1311 2670 tamen
1349 2633 1432 2670 loco
1463 2645 1538 2670 non
1569 2645 1636 2669 so-

352 2685 426 2721 lum
473 2684 703 2734 Vossianus,
752 2687 820 2724 sed
861 2688 972 2724 etiam
1011 2688 1094 2726 Par.
1127 2687 1197 2738 A.,
1233 2689 1264 2727 si
1289 2687 1458 2727 Diibneri
1485 2689 1633 2727 silentio

351 2742 444 2779 fides
484 2740 659 2780 habenda
692 2747 770 2791 est,
798 2742 1018 2795 ποιμνίοισι
1048 2745 1257 2786 confirmat.
