1764 3176
226 133 283 157 Lx
655 115 1185 159 PRAEFATIO

223 231 423 264 vocabulum
445 229 513 263 hoc
533 230 553 264 a
574 230 715 264 diversis
741 232 846 266 latine
876 232 1046 266 redditum
1072 232 1147 267 fuit.
1176 243 1253 266 nam
1272 231 1442 265 Marsilius
1474 231 1610 275 quidem

222 288 393 328 radicem,
425 287 483 319 alii
501 288 581 320 vero
599 286 731 330 (Fabro
753 289 941 332 referente)
959 290 1177 332 propaginem
1190 314 1200 330 ‚
1229 288 1476 322 Thermacides
1494 294 1608 322 autem

219 344 378 384 fundum,
410 343 612 377 Leonardus
643 345 779 378 demum
809 346 941 379 Cubum
971 345 1047 388 (qui
1072 351 1125 379 est
1145 356 1305 379 numerus
1326 345 1473 388 solidus)
1495 346 1608 378 vertit.

218 401 346 434 Verum
369 400 418 432 ait
434 400 568 441 Faber,
599 401 689 443 quod
708 402 742 434 in
765 403 959 444 praesentia
985 403 1054 435 sive
1084 403 1203 444 radix,
1235 403 1304 434 sire
1333 412 1509 444 propago,
1538 403 1608 434 sive

217 456 357 489 fundum
379 461 533 489 vertatur
559 459 656 490 recte
686 459 828 492 vertitur
857 459 912 500 (ut
930 470 990 491 nos
1011 460 1112 492 etiam
1143 460 1176 492 in
1205 459 1437 501 superioribus
1460 458 1608 490 adnota-

217 513 343 555 vimus)
365 513 480 545 Cubus
505 519 620 547 autem
648 513 703 547 hic
728 516 819 547 nullo
842 515 943 547 modo
965 516 1116 548 converti
1141 520 1275 558 potest,
1306 515 1380 547 cnm
1410 513 1476 547 hoc
1504 525 1608 546 voca-

216 570 296 602 bulo
315 565 471 609 πυθμὴν
490 570 593 603 Plato
621 571 852 613 septenarium
888 572 1077 615 intelligat,
1109 573 1164 614 qui
1192 582 1301 613 neque
1335 571 1471 611 Cubus,
1498 581 1608 612 neque

216 636 356 669 prorsus
387 626 515 659 solidus
534 637 693 659 numerus
728 638 803 660 esse
830 632 954 670 potest.
1014 628 1175 661 Secundo
1210 628 1364 661 declarat
1383 628 1496 660 Faber
1517 627 1607 669 quod

216 683 381 723 ambitus,
415 683 645 725 circuitusque
672 684 875 718 circulorum
889 709 898 724 ,
931 684 972 716 de
991 685 1109 726 quibus
1128 685 1229 717 Plato
1248 685 1416 727 loquitur,
1453 687 1532 716 sunt
1550 694 1608 715 or-

216 740 308 772 bium
332 739 531 772 coelestium
550 745 687 781 motus,
716 745 838 783 utputa
866 745 977 773 motus
1008 748 1138 783 septem
1169 742 1405 784 planetarum,
1439 744 1473 772 et
1492 744 1609 772 caete-

218 805 332 828 rarum
362 795 607 838 spliaerarum3
647 798 762 839 aitque
801 797 980 830 Platonem
1009 798 1099 839 loqui
1122 798 1217 830 iuxta
1242 802 1391 830 mentem
1417 798 1606 839 priscorum

218 853 478 893 Astrologorum
513 853 719 895 volentium,
748 864 789 886 ac
814 854 1096 896 praecipientium
1124 853 1226 886 horas
1249 853 1411 896 gignendi
1428 863 1609 897 prosperas

219 909 299 950 eligi
319 910 513 948 stellarum,
542 910 793 952 praecipueque
815 915 945 952 septem
967 911 1178 952 planetarum
1202 911 1514 950 observationibu53
1545 919 1610 942 nec

218 975 287 998 non
305 970 437 1005 motus,
469 970 571 1007 atque
590 967 770 1007 circuitus,
802 967 858 1007 qui
892 967 925 1000 in
954 968 1018 1000 illis
1047 968 1131 999 fiunt
1166 967 1257 999 boris
1283 967 1440 1009 agnosci:
1481 971 1552 998 tum
1570 970 1609 998 ut

219 1022 352 1062 omnia,
384 1032 472 1063 quae
502 1023 708 1064 gignuntur,
749 1023 913 1065 prospere
950 1024 1048 1056 nobis
1078 1023 1287 1064 succedant3
1324 1028 1396 1055 tum
1426 1027 1465 1055 ut
1491 1032 1609 1055 eorum

219 1079 350 1120 opificis
365 1078 429 1110 Dei
456 1079 586 1120 Optimi
614 1079 756 1112 Maximi
788 1089 950 1112 summam
980 1080 1204 1122 sapientiam,
1235 1080 1446 1122 potentiam,
1478 1083 1511 1111 et
1529 1089 1608 1121 pro-

215 1135 400 1167 videntiam
419 1135 648 1168 admiratione
666 1146 922 1178 prosequamur.
982 1136 1084 1171 Quod
1103 1137 1185 1169 sane
1207 1133 1334 1180 (inquit
1350 1132 1482 1180 Faber)
1499 1145 1607 1177 quan-

216 1191 265 1224 vis
286 1192 426 1225 liberale
448 1192 507 1224 sit:
538 1193 716 1225 vaticinari
736 1198 850 1225 tamen
866 1203 907 1225 ex
926 1193 1002 1233 illis,
1021 1192 1201 1235 futuraque
1217 1193 1425 1235 praesagire,
1447 1196 1481 1224 et
1502 1202 1608 1233 quae-

217 1259 293 1281 rere
314 1259 403 1290 quae
424 1249 458 1281 in
479 1248 591 1282 divino
614 1253 750 1282 secreto
772 1249 950 1282 recondita
971 1254 1069 1290 sunt;
1099 1260 1222 1281 vanum
1245 1260 1397 1291 prorsus,
1428 1250 1447 1281 a
1467 1248 1608 1289 religio-

216 1305 327 1347 neque
361 1305 505 1338 alienum
528 1311 592 1342 est,
653 1306 772 1339 Tertio
802 1311 983 1348 praeterea
1004 1306 1157 1338 declarat
1186 1306 1339 1348 quisnam
1376 1306 1420 1338 sit
1447 1315 1608 1337 numerus

216 1361 409 1404 perfectus,
441 1361 484 1394 de
504 1373 570 1404 quo
591 1363 623 1395 in
656 1363 852 1405 praeseutia
871 1363 973 1395 Plato
992 1373 1182 1395 sermonem
1209 1362 1331 1395 habet:
1361 1367 1396 1395 et
1418 1362 1484 1402 ait,
1516 1361 1607 1403 quad

216 1418 274 1450 alii
297 1418 431 1461 quidem
461 1420 579 1451 volunt
605 1419 788 1452 Platonem
820 1430 996 1452 numerum
1030 1419 1219 1461 perfectum
1247 1418 1301 1451 hic
1331 1419 1522 1459 intelligere
1542 1428 1608 1450 nu-

215 1485 346 1508 merum
374 1476 590 1517 seculorum,
620 1486 807 1516 annorum,
837 1476 1022 1516 mensium,
1053 1476 1205 1516 dierum,
1235 1481 1338 1517 atque
1371 1474 1531 1507 horarum
1550 1475 1608 1516 qui

215 1532 278 1565 soli
306 1532 380 1564 Deo
414 1533 570 1574 cognitus
597 1536 669 1565 est:
712 1532 767 1564 alii
797 1534 876 1565 vero
907 1538 1071 1574 tanquam
1097 1533 1269 1575 quippiam
1296 1531 1474 1574 impudens
1507 1541 1604 1563 coar-

215 1593 344 1630 guunt,
376 1589 500 1631 quippe
521 1589 577 1631 qui
602 1589 721 1622 divinis
743 1599 810 1621 non
833 1589 1025 1622 interfuerit
1055 1589 1201 1622 consiliis
1224 1593 1262 1621 ut
1281 1593 1455 1621 momenta
1471 1588 1607 1620 seculo-

214 1655 289 1677 rum
311 1650 538 1687 agnosceret,
567 1656 654 1687 quae
692 1649 791 1688 pater
819 1646 855 1678 in
877 1657 939 1678 sua
963 1650 1134 1688 potestate
1160 1646 1285 1688 posuit.
1345 1644 1478 1680 Quarto
1500 1654 1607 1686 expo-

215 1702 265 1734 nit
284 1712 367 1743 quas
396 1707 497 1734 vocet
515 1702 617 1735 Plato
638 1703 955 1743 augumentationes
977 1706 1178 1745 superantes
1195 1726 1204 1743 ,
1233 1712 1385 1744 quasque
1407 1705 1605 1743 superatas:

216 1762 252 1791 et
273 1759 321 1791 ait
340 1763 544 1800 superantes
572 1758 708 1800 quidem
729 1760 1050 1800 augumentationes
1070 1759 1251 1791 Platonem
1280 1758 1312 1790 in
1340 1758 1532 1800 praesentia
1554 1757 1605 1789 di-

215 1825 295 1847 cere
312 1815 480 1847 Rationes
499 1815 636 1847 maioris
666 1815 943 1856 Inaequalitatis,
973 1819 1151 1857 superatas
1177 1816 1256 1847 vero
1276 1815 1416 1846 minoris
1434 1815 1605 1856 Inaequa-

215 1872 320 1904 litatis
347 1872 527 1904 Rationes.
604 1871 732 1906 Quinto
767 1872 816 1903 ait
848 1872 1030 1904 distantias
1058 1871 1194 1913 quidem
1222 1871 1402 1903 Platonem
1430 1870 1604 1912 appellare

215 1929 289 1970 ipsa
307 1928 494 1961 Rationum
519 1928 713 1961 intervalla:
734 1928 894 1960 terminos
916 1928 996 1961 verb
1010 1939 1069 1960 eos
1090 1938 1261 1968 numeros,
1284 1927 1373 1959 inter
1394 1937 1478 1968 quos
1496 1927 1604 1958 inter-

215 1986 302 2017 valla
327 1986 383 2017 illa
412 1985 550 2017 cadunt.
628 1984 736 2017 Sexto
765 1984 919 2017 declarat
951 1985 1029 2026 quid
1070 1985 1133 2016 sibi
1161 1984 1263 2016 Plato
1292 1984 1362 2015 vult
1386 1983 1450 2015 illis
1471 1983 1602 2015 verbis:

215 2042 466 2083 „similantium
496 2046 528 2074 et
562 2041 867 2082 dissimilantium‚
917 2041 1139 2075 crescentium
1177 2045 1209 2074 et
1238 2040 1501 2073 decrescentium
1514 2036 1538 2055 “
1569 2043 1605 2071 et

213 2100 262 2131 ait
298 2099 480 2132 Platonem
507 2099 718 2138 similantes,
758 2102 793 2130 et
825 2097 1064 2130 dissimilantes
1092 2097 1226 2139 quidem
1260 2107 1320 2129 eos
1344 2096 1401 2128 hic
1430 2096 1604 2138 appellare

213 2165 395 2196 numeros,
427 2166 510 2198 quos
530 2165 647 2188 omnes
680 2153 897 2187 Arithmetici
924 2154 1080 2194 Similes,
1111 2160 1145 2186 et
1171 2154 1355 2186 Dissimiles
1383 2156 1602 2194 nuncupant:

213 2217 408 2245 crescentes
435 2217 568 2252 autem,
600 2215 634 2244 et
649 2211 889 2244 decrescentes
910 2221 990 2252 eos,
1024 2221 1109 2253 quos
1138 2211 1185 2242 illi
1206 2209 1445 2249 Abundantes,
1477 2213 1513 2242 et
1541 2209 1603 2241 Di-

213 2269 359 2302 minutos
391 2273 526 2303 vocant.
587 2268 741 2310 Septimo
777 2268 917 2310 exponit
935 2277 1102 2309 quaenam
1120 2267 1188 2299 sint
1209 2266 1297 2299 duae
1318 2265 1527 2308 barmoniae,
1559 2264 1603 2297 de

210 2326 330 2368 quibus
350 2325 451 2358 Plato
472 2325 631 2367 loquitur,
663 2329 697 2357 et
726 2325 774 2357 ait
796 2335 854 2357 eas
879 2335 954 2356 esse
976 2324 1210 2363 Diatessaron,
1242 2327 1276 2356 et
1301 2323 1482 2363 Diapente,
1514 2331 1602 2363 quae

210 2382 244 2414 in
263 2382 504 2424 Sesquitertia,
535 2382 837 2423 Sesquialteraque
860 2381 1065 2413 Rationibus
1092 2380 1292 2413 consistunt.
1323 2389 1465 2421 quarum
1484 2378 1602 2419 utique

210 2439 395 2472 Rationum
413 2439 674 2480 Sesquitertiam
704 2437 839 2480 quidem
858 2438 1012 2470 continet
1047 2438 1081 2470 in
1110 2447 1148 2469 se
1177 2446 1340 2469 numerus
1374 2435 1601 2477 septenarius,

212 2496 268 2538 qui
289 2496 525 2535 externario,
555 2499 587 2527 et
617 2494 835 2537 quaternario
865 2494 1097 2536 componitur:
1130 2492 1398 2535 Sesquialteram
1428 2492 1507 2524 vero
1527 2491 1600 2532 qni-

210 2552 326 2585 narius
345 2552 378 2584 in
399 2563 436 2585 se
454 2550 731 2593 comprehendit,
762 2551 886 2593 quippe
910 2551 968 2592 qui
990 2562 1032 2583 ex
1052 2550 1203 2590 binario,
1235 2553 1270 2582 et
1288 2548 1438 2581 ternario
1457 2547 1600 2580 coalitus

212 2613 277 2644 est.
308 2607 370 2641 has
395 2613 509 2641 autem
528 2608 613 2640 duas
637 2608 844 2641 Harmonias
876 2604 1004 2650 (inquit
1024 2602 1156 2651 Faber)
1179 2604 1317 2638 exhibet
1337 2605 1435 2637 nobis
1451 2605 1524 2646 ipse
1544 2614 1600 2636 se-

211 2666 386 2708 ptenarius
407 2664 562 2707 quinario
587 2665 807 2705 coniunctus,
838 2663 1151 2706 duodenariumque
1181 2662 1406 2695 constituens,
1465 2659 1599 2693 Octavo

215 2722 264 2755 ait
275 2722 458 2755 Platonem
476 2721 669 2754 nominasse
687 2725 824 2754 centum
844 2721 973 2754 centies
996 2721 1104 2763 ipsum
1120 2729 1297 2753 numerum
1314 2717 1467 2758 fatalem,
1496 2720 1531 2749 et
1551 2716 1600 2748 ait

215 2789 292 2813 eum
321 2778 448 2813 dixisse
467 2782 603 2813 centum
623 2778 772 2819 centies,
805 2781 841 2811 et
873 2788 942 2812 non
961 2776 1079 2812 decem
1105 2777 1207 2811 millia
1229 2772 1337 2821 (idem
1360 2774 1449 2808 enim
1469 2769 1540 2818 est)
1559 2776 1598 2805 ut
