1764 3176
207 94 261 133 66

207 992 298 1042 Pag.

206 1162 298 1210 Pag.

206 1218 297 1267 Pag.

206 1385 296 1435 Pag.

206 1498 297 1539 Pan,

205 1723 296 1774 Pag.

206 1893 296 1941 Pag.

834 90 978 129 Volum.
1009 90 1070 128 ΠῘ.

483 205 561 242 τῶν
601 201 799 252 πολεμίων
837 199 973 256 οἷγαθοέ
1007 201 1157 242 πάντα·
1198 201 1251 253 ὴν
1290 199 1332 241 δὲ
1361 201 1477 267 ἡμεῖς
1505 205 1555 243 αὐ
1587 200 1704 244 νικώ-

485 262 590 310 μεθα
628 258 712 307 (καὶ
748 275 821 327 γαρ
858 263 974 300 τοῦτο
1006 259 1132 312 λέγειν
1169 259 1246 308 δεῖ)
1286 258 1355 298 καὶ
1393 274 1500 327 ,ουτω
1543 275 1588 299 τα
1623 275 1703 299 των

484 313 715 365 νικωμένων
747 311 884 368 οἷγαθα
914 316 1044 356 πάντα
1078 318 1160 363 τοῖς
1185 317 1349 355 νικῶσιν
1378 311 1438 355 ἀεὶ
1469 311 1578 355 ἆθλα
1605 312 1702 368 πρό-

481 385 618 411 κειται.
677 372 753 419 (lta
794 374 892 410 enim
933 374 1169 411 scribendum
1208 373 1369 412 videtur.
1428 372 1549 423 Vulgo
1589 373 1705 409 altera

483 427 719 478 parenthesis
764 428 902 477 deest.)
969 429 1140 479 Denique
1191 425 1333 481 ἄνδρες
1369 428 1524 466 articulo
1573 442 1705 466 carens

481 489 581 521 certe
612 496 685 520 non
717 485 846 521 maiori
879 485 1078 522 offensioni
1108 490 1178 533 est,
1209 498 1319 534 quam
1339 485 1377 522 in
1397 485 1549 535 vulgata
1574 497 1704 522 carens

483 541 615 578 eodem
640 538 832 591 ἡμέτεροι.
867 540 927 579 Cf.
962 542 1044 579 Vol.
1077 542 1106 582 I.
1138 555 1174 592 p.
1210 543 1273 582 18.

481 597 577 633 inter
606 609 638 632 v.
671 598 695 635 6
721 601 758 633 et
787 598 810 637 5
841 609 862 634 a
891 597 916 637 f,
943 598 1106 635 inseras:
1142 597 1290 650 ῥοπῆς)
1319 618 1374 625 -
1399 612 1419 638 0
1450 619 1505 624 -
1533 598 1568 634 in
1597 597 1705 634 litura

482 651 568 692 Par.
606 651 650 689 A.
678 650 752 690 Dii.

427 708 464 756 b,
482 710 577 747 inter
605 721 639 745 v.
680 710 728 748 11
770 715 808 746 et
847 711 896 750 12
936 710 1099 747 inseras:
1141 708 1308 760 ἔξωθεν)
1337 711 1374 747 in
1405 710 1513 747 litura
1541 709 1624 748 Par.
1660 710 1704 748 A.

480 765 557 804 Dii.
590 765 693 802 Idem
731 768 926 814 sequentia
963 766 1076 803 verba
1112 765 1368 818 ἐπαγομένων
1397 789 1451 795 —
1483 765 1704 818 συμμαχίαν

483 824 574 871 (non
606 821 657 869 ξ.)
687 822 723 858 in
754 822 921 871 margine
953 824 1092 872 scripta
1123 822 1246 863 habet.

482 878 577 915 inter
611 890 646 914 v.
687 878 737 916 18
776 882 812 914 et
857 880 904 918 19
941 879 1107 916 inseras:
1140 878 1264 929 νοσεῖ)
1295 893 1342 918 νο
1370 900 1423 907 -—
1455 883 1517 918 σεῖ
1541 878 1626 917 Par.
1660 880 1704 916 A.

479 934 552 973 Dii.
584 933 738 984 (νοησει
767 946 788 970 a
819 947 866 975 m,
895 934 972 984 pr.)

331 992 398 1039 56,
423 1004 456 1039 a,
483 990 509 1030 4
539 995 628 1040 post
657 985 815 1040 μάλιστ’
841 991 1007 1028 inseras=
1038 991 1121 1032 Par.
1148 991 1190 1028 A.
1220 991 1293 1029 Dii.

484 1048 533 1086 21
571 1046 706 1083 addas:
755 1052 793 1083 et
830 1047 1052 1085 Welckerus
1098 1049 1135 1084 in
1176 1047 1298 1085 Praef.
1350 1049 1397 1085 ad
1444 1047 1616 1097 Theogn.
1667 1062 1705 1098 p.

483 1101 710 1139 Lxxxvn.
739 1116 798 1152 sq.

329 1162 394 1209 57,
424 1172 457 1205 a,
486 1161 534 1199 16
568 1159 704 1197 addas:
733 1158 827 1208 Leg.
859 1158 905 1199 L.
935 1160 980 1199 X.
1009 1174 1044 1210 p.
1071 1160 1167 1200 892.
1195 1159 1239 1196 A.
1271 1164 1359 1211 post
1385 1157 1676 1200 κινδυνεύουσι.

327 1218 394 1265 58,
422 1229 456 1265 ἃ,
482 1216 533 1254 16
563 1220 652 1265 post
681 1212 733 1266 μή
765 1213 807 1254 δὲ
835 1216 996 1253 inseras:
1029 1217 1113 1255 Par.
1141 1216 1187 1253 A.
1214 1215 1287 1254 Dii.

483 1273 533 1312 23
565 1277 653 1322 post
685 1271 777 1312 Par.
804 1272 848 1308 A.
880 1273 1042 1312 inseras:
1071 1272 1149 1323 (hic
1182 1294 1229 1300 —
1262 1289 1328 1323 ηις
1355 1295 1411 1302 —-
1438 1289 1502 1325 ηις
1531 1272 1622 1322 Dii.)

424 1328 463 1377 b,
483 1329 503 1367 1
537 1333 624 1377 post
651 1328 697 1365 A.
729 1330 891 1366 inseras:
922 1329 962 1379 (e
993 1330 1225 1367 correctione
1251 1329 1326 1367 Dii.
1358 1335 1444 1368 ante
1471 1343 1565 1367 corr.
1598 1328 1658 1378 δὲ)

326 1385 530 1446 61,1),11
556 1399 576 1422 a
596 1385 621 1422 f.
643 1397 710 1450 pro
742 1380 843 1424 αὕτα
875 1382 1032 1425 α’παντα
1060 1387 1264 1424 secundum
1298 1386 1513 1424 Diibnerum
1539 1387 1702 1424 scribas:

479 1433 630 1480 ἅπαντ’
658 1435 760 1481 αὕτα

326 1500 393 1548 62,
421 1510 457 1548 a,
484 1499 530 1537 12
565 1502 651 1548 post
684 1501 847 1550 γενναῖα
878 1499 1041 1537 inseras:
1079 1499 1162 1540 Par,
1195 1498 1238 1535 Α.
1268 1496 1342 1536 Dii.

424 1555 459 1602 b,
478 1555 574 1590 inter
604 1567 636 1591 v.
670 1556 693 1594 5
726 1559 763 1591 et
791 1556 815 1594 6
859 1554 1023 1592 inseras:
1064 1551 1262 1608 γνώριμα)
1302 1577 1357 1582 —-
1384 1570 1396 1594 ι
1427 1578 1479 1584 -
1517 1556 1553 1593 in
1595 1555 1705 1593 litura

474 1609 559 1650 Par.
592 1609 641 1651 A,
672 1610 746 1649 Dii.
780 1611 913 1648 Fuisse
944 1612 1088 1650 videtur
1118 1627 1143 1662 η

478 1668 504 1705 7
535 1680 555 1704 a
586 1667 611 1703 f.
642 1672 730 1717 post
761 1662 825 1706 αὖ.
858 1669 1021 1705 inseras:
1055 1668 1141 1707 Par.
1173 1667 1219 1705 A.
1252 1667 1325 1705 Dii.

326 1725 392 1771 63,
418 1738 449 1769 a,
479 1724 500 1763 2
533 1727 620 1773 post
652 1719 875 1775 ὁρισόμεθα
905 1725 1067 1762 inseras:
1102 1724 1187 1762 Par.
1217 1723 1261 1761 A.
1291 1724 1363 1761 Dii.
1394 1737 1415 1762 a
1447 1738 1494 1765 m.
1526 1738 1583 1775 pr.

494 1781 545 1818 19
575 1780 713 1819 addas:
743 1778 852 1832 εἰμὲν
881 1780 967 1818 Par.
997 1781 1041 1820 A.
1070 1779 1143 1821 Dii,
1176 1794 1196 1818 a
1225 1793 1272 1816 m.
1302 1793 1380 1820 sec.

424 1836 459 1882 b,
485 1835 538 1874 10
567 1841 656 1886 post
685 1836 774 1875 Par.
802 1837 848 1874 A.
880 1838 1045 1875 inseras:
1073 1837 1173 1887 (sine
1205 1837 1315 1874 litura
1345 1837 1436 1888 Dii)

325 1894 391 1941 65,
420 1906 454 1940 a,
484 1893 534 1932 16
566 1898 657 1942 post
687 1893 777 1932 Par.
809 1894 853 1929 A.
886 1895 1049 1932 inseras:
1079 1893 1151 1941 (—
1179 1908 1199 1932 ο
1229 1915 1283 1920 —-
1311 1895 1347 1930 in
1378 1894 1487 1930 litura
1515 1891 1607 1942 Dii.)

479 1948 531 1989 25
562 1949 702 1986 addas:
731 1950 843 1994 Quod
874 1948 919 1989 C.
942 1950 984 1986 F.
1005 1950 1220 1987 Hermanno
1251 1950 1451 1999 aliquando
1481 1949 1515 1986 in
1542 1951 1702 1985 mentem

477 2004 578 2040 venit
600 2003 797 2043 Platonem
828 2006 1025 2056 scripsisse
1061 2007 1086 2059 ᾑ
1114 2021 1154 2045 τε
1181 2005 1334 2045 παῦσαι
1360 2008 1485 2054 ζῶντα
1509 2000 1703 2055 α’δυνάτη,

477 2073 586 2109 qnam
645 2062 896 2099 coniecturam
949 2061 1072 2099 Musei
1117 2062 1286 2100 Rhenani
1337 2062 1418 2101 V.01
1471 2061 1552 2099 1111.
1603 2074 1702 2098 anno

477 2116 765 2155 MDCCCXLV
767 2119 798 2157 I.
821 2119 910 2156 editi
931 2117 1021 2168 Pag.
1041 2116 1120 2158 441
1145 2121 1364 2169 proposuit,
1393 2119 1428 2155 id
1450 2119 1480 2155 si
1502 2119 1537 2154 in
1560 2119 1702 2168 optimo

477 2173 607 2211 codice
648 2179 832 2223 exstaret,
874 2179 997 2213 tamen
1037 2188 1107 2225 pro
1149 2188 1240 2212 sano
1281 2175 1409 2213 haberi
1445 2187 1520 2212 non
1560 2177 1703 2224 posset,

479 2230 549 2266 nisi
581 2231 876 2269 demonstratum
916 2234 1018 2268 esset
1046 2244 1169 2280 neque
1198 2227 1377 2283 οἷδὐνοὲτη
1413 2232 1568 2269 formam
1599 2231 1703 2267 inau-

478 2286 593 2323 ditam
624 2287 739 2324 fuisse
768 2289 922 2325 Graecis
954 2291 992 2325 et
1016 2290 1169 2326 παῦσαι
1200 2290 1361 2335 ζῶντα
1391 2284 1592 2328 ἀδύνατον
1621 2286 1703 2326 ἐπι·

476 2343 632 2392 θυμίαν
676 2357 758 2380 eam
793 2344 1032 2394 cupiditatem
1072 2344 1283 2393 significare
1320 2346 1373 2382 eis
1413 2345 1605 2395 potuisse,
1644 2345 1705 2379 cui

465 2400 604 2447 finem,
635 2399 719 2437 (lum
748 2402 838 2437 vivit
869 2400 968 2436 homo
998 2402 1176 2450 imponere
1207 2414 1276 2437 non
1301 2405 1431 2451 potest,
1472 2400 1578 2437 Hanc
1607 2399 1703 2436 enim

480 2456 702 2492 sententiam
725 2457 879 2506 requirit
898 2456 1147 2494 Hermannns.
1183 2457 1374 2507 Exempla,
1394 2456 1526 2507 quibus
1547 2456 1702 2492 maxime

479 2522 573 2559 opus
606 2517 707 2557 erat,
746 2512 842 2550 illius
881 2513 1045 2550 feminini
1077 2517 1189 2562 atque
1229 2513 1336 2551 huius
1369 2513 1567 2550 accusativi
1602 2511 1702 2548 nulia

476 2566 598 2603 attulit
629 2572 665 2604 et
695 2568 860 2606 feminini
890 2570 1116 2607 mentionem
1147 2568 1269 2606 facere
1294 2570 1443 2607 omnino
1473 2569 1700 2619 supersedit,

477 2624 678 2661 accusativi
707 2629 832 2663 autem
860 2626 1040 2663 rationem
1074 2625 1130 2662 his
1161 2626 1284 2663 verbis
1314 2626 1498 2664 reddidit:
1548 2624 1699 2662 Planius

477 2679 604 2727 utique
643 2680 818 2718 dixisset:
858 2676 887 2736 ἦ
923 2697 963 2722 τε
991 2683 1115 2729 ζῶντα
1141 2685 1294 2722 παῦσαι
1324 2679 1449 2733 αὐτήν
1480 2676 1696 2719 (ἷὸύνατονε

476 2733 566 2770 nihil
594 2738 719 2772 tamen
746 2737 883 2775 insoliti
917 2738 1028 2775 habet
1051 2740 1250 2786 attractio,
1282 2740 1427 2788 qualem
1450 2737 1597 2774 abunde
1618 2736 1698 2772 iliu-

476 2794 642 2829 strarunt
671 2791 888 2844 Kruegerns
923 2795 1148 2834 Untersuch.
1175 2794 1223 2831 T.
1256 2795 1318 2836 ΙΙΙ
1347 2809 1385 2846 p
1407 2795 1500 2834 438.
1529 2798 1563 2830 et
1593 2792 1702 2831 Bois
