1764 3176
285 97 341 139 32

698 93 1216 137 *PLATONIS

194 209 259 245 551
292 204 552 261 Τιμωμένου
588 205 642 258 δὴ
676 204 872 249 πλούτου
918 205 965 248 ἐν
1011 204 1136 249 πόλει
1183 206 1258 250 καὶ
1308 202 1397 249 τῶν
1439 207 1665 249 πλουσίων

196 1170 261 1204 551

283 268 517 329 ἀτιμοτέρα
559 270 688 327 ἀρετὴ
727 288 771 315 τε
809 273 883 316 καὶ
924 275 968 316 οἱ
1006 272 1178 328 ἀγαθοί.

283 341 336 398 δή
376 341 426 384 τὸ
470 338 536 383 ἀεὶ
574 336 847 394 τιμώμενον,

1237 277 1402 328 Δῆλον.
1455 271 1666 316 Ἀσκεῖται

905 339 1124 396 ἀμελεῖται
1162 339 1209 383 δὲ
1243 340 1292 383 τὸ
1336 339 1664 395 ἅτιμαζόμενον.

285 409 424 452 Οὕτω.
473 406 589 450 Ἀντὶ
631 407 683 464 δὴ
715 410 979 464 φιλονείκων
1017 409 1089 452 καὶ
1120 410 1362 464 φιλοτίμων
1391 408 1565 464 ἀνδρῶν
1595 426 1666 465 φι-

283 475 620 533 λοχρηματισταὶ
661 476 734 519 καὶ
774 475 1096 532 φιλοχρήματοι
1132 479 1411 528 τελευτῶντες
1448 477 1666 532 ἐγένοντο,

280 546 355 589 καὶ
383 545 463 588 τὸν
492 543 571 598 μὲν
600 543 812 586 πλούσιον
854 543 1083 587 ἐπαινοῦσί
1111 560 1155 587 τε
1184 545 1257 588 καὶ
1286 543 1562 600 θαυμάζουσι
1592 547 1666 589 καὶ

283 614 343 664 εἰς
373 611 450 663 τοὶς
480 609 614 666 ἀρχὰς
644 609 814 665 ἄγουσι,
845 611 923 654 τὸν
952 612 998 654 δὲ
1017 612 1180 669 πένητα
1209 610 1478 667 ἀτιμάζουσι.

1537 612 1666 657 Πάνυ

281 696 343 736 γε.
391 677 571 723 Οὐκοῦν
617 678 711 721 τότε
761 677 814 734 δή
853 678 994 734 νόμον
1043 682 1240 724 τίθενται
1288 681 1400 736 ὅρον
1449 683 1667 733 πολιτείας

216 752 252 793 Β
287 748 585 805 ὀλιγαρχικῆς,
613 743 846 800 ταξάμενοι
875 752 1054 830 πλῒῆθος
1072 746 1323 831 χρημάτων,
1362 751 1416 792 οὐ
1454 749 1533 805 μὲν
1562 754 1667 806 μᾶλ-

283 823 362 861 λον
402 815 647 871 ὀλιγαρχία,
687 813 846 864 πλέον,
887 818 941 859 οὐ
984 813 1027 859 δ’
1067 817 1222 872 ἦττον,
1276 817 1474 869 ε’λαττον,
1515 833 1667 873 προει-

334 974 572 1021 Τιμωμένου]
614 973 817 1020 τιμώμενος
848 978 946 1011 Stob.

285 1024 358 1058 cod.
380 1026 420 1057 A.

331 1068 402 1114 δὴ]
429 1066 467 1102 δὲ
490 1060 587 1102 Lab.
613 1068 705 1102 Mon.
729 1069 768 1102 B.
793 1070 873 1104 vat.
898 1069 948 1103 M.

286 1117 383 1150 Stob.

290 1171 305 1198 ·,
334 1157 554 1203 ἀτιμοτέρα]
580 1164 659 1204 post
686 1157 797 1204 ἀρετὴ
822 1150 949 1195 Vat.B.

289 1204 499 1251 ἁτιμωτέρα
523 1205 625 1240 Vind.
648 1206 680 1239 E

332 1252 747 1354 6{]oi‘;tnc:&ciiifildd1{c&oi
787 1298 882 1332 Mon.
910 1298 948 1333 Β.

284 1346 364 1380 Par.
390 1345 433 1379 D.
459 1345 551 1377 Flor.
576 1344 620 1377 U.
647 1341 692 1388 οἷγ
695 1341 797 1378 αθόν
816 1345 894 1378 Par.
904 1345 948 1378 K.

284 1392 324 1426 In
357 1392 451 1425 Mon.
483 1390 541 1424 B.
559 1394 593 1423 et
625 1390 767 1424 Stobaei
803 1390 879 1424 edd.
904 1391 950 1423 si-

285 1449 387 1483 gnum
420 1436 655 1480 interiogandi
700 1436 850 1470 additum
884 1443 950 1478 est,

285 1483 376 1530 quod
408 1482 616 1526 reliquarum
640 1483 793 1516 Socratis
827 1483 860 1515 in
887 1483 951 1516 hac

284 1534 384 1576 parte
406 1528 589 1562 dictionum
609 1530 737 1562 formae
752 1528 858 1561 minus
871 1540 951 1561 con-

285 1577 392 1610 venit.
414 1575 623 1608 Themistius
643 1586 690 1608 or.
711 1574 802 1608 XVI.
821 1586 856 1628 p.
870 1574 949 1609 204.

286 1624 334 1656 Α.
370 1619 537 1654 ἀσκεῖται
562 1619 653 1664 γὰρ,
689 1618 803 1664 φησὶν
837 1617 857 1654 ὁ
886 1621 950 1654 θε-

286 1678 353 1702 σπε
349 1665 435 1706 ’σιος
468 1664 638 1721 Πλάτων,
666 1666 708 1701 τὸ
736 1663 952 1709 τιμώμενον,

287 1712 329 1748 τὸ
357 1710 395 1747 δὲ
420 1710 690 1756 ατιμαζόμενον
709 1709 950 1755 ὀλιγωρεῐται.

338 1767 489 1814 Ου’τω.]
525 1782 588 1804 om.
610 1770 704 1804 Mon.
728 1771 769 1803 B.
808 1766 948 1808 Ου’τως

287 1818 456 1851 editiones
489 1828 622 1856 omnes,
655 1816 849 1849 tacentibus
880 1817 952 1849 edi-

289 1864 432 1898 toribus.
483 1863 551 1895 Sed
581 1861 712 1894 codices
744 1863 807 1895 mei
832 1861 953 1903 reliqui

290 1920 405 1943 omnes
439 1920 514 1941 cum
546 1908 697 1941 Stobaeo
733 1920 750 1946 ς
782 1908 952 1949 omittunt,

290 1967 374 2000 quos
414 1955 553 1987 interim
595 1954 785 1998 sequendos
824 1953 949 1987 censui.

293 2003 349 2034 Cf.
388 2001 465 2034 Vol.
489 2001 516 2033 Ι.
549 2011 583 2044 p.
607 2001 698 2041 287,
732 2001 766 2033 b.
800 2001 890 2041 398,
921 2010 952 2032 a.

291 2047 368 2082 Vol.
391 2047 436 2081 ΙΙ.
462 2058 495 2091 p.
522 2046 605 2089 105,
630 2047 663 2079 b.

339 2103 409 2148 δή]
436 2116 500 2137 om.
528 2103 685 2137 Vind.E.
734 2102 828 2136 Idem
854 2099 953 2136 οὕτω

294 2148 378 2184 ἀντὶ
402 2151 473 2183 sine
497 2149 713 2183 distinctione
733 2148 867 2182 Socrati
892 2148 955 2181 tri-

291 2197 383 2238 buit,
430 2201 470 2229 ut
512 2199 547 2229 et
585 2195 745 2228 Ficinus:
783 2213 828 2219 —
860 2195 955 2238 apud

291 2254 439 2288 quosque
462 2243 576 2275 iacere
601 2243 717 2275 solent.
767 2243 879 2285 Atque
902 2242 954 2274 ita

292 2302 332 2323 ex
368 2290 534 2322 victoriae
579 2289 782 2332 honorisque
824 2287 956 2330 cupidis

292 2338 357 2369 etc.
391 2335 493 2368 Male.
529 2333 819 2374 Quemadmodum
843 2332 955 2389 paullo

291 2386 373 2415 ante
396 2381 429 2414 in
454 2380 565 2413 verbis
590 2378 793 2423 τιμωμένου
822 2377 866 2422 δὴ
890 2384 955 2412 etc.

290 2428 343 2461 ita
376 2427 429 2459 hic
463 2427 623 2459 Socrates
657 2437 794 2460 assenso
825 2425 957 2458 demum

293 2472 473 2506 Adimanto
533 2473 778 2506 conclusionem
842 2471 956 2513 infert,

293 2530 393 2564 quam
419 2515 465 2562 δή
490 2519 678 2574 significat,
711 2519 880 2551 diversum
912 2517 952 2550 il-

292 2565 350 2598 lud
388 2576 408 2598 a
441 2564 554 2609 priore
590 2562 636 2608 δη
673 2567 751 2609 post
776 2560 954 2606 οἷσκεῖται,

294 2611 337 2645 de
361 2622 428 2656 quo
454 2611 498 2645 cf.
523 2610 597 2643 Vol.
623 2611 650 2644 I.
682 2622 716 2655 p.
744 2610 831 2652 147,
855 2622 885 2644 a.

341 2667 586 2712 φιλονείκων]
629 2667 829 2710 φιλονίκων
862 2667 954 2700 Flor.

294 2714 337 2748 R.
367 2718 403 2748 et
427 2726 447 2748 a
482 2726 524 2748 m.
558 2725 585 2747 5.
620 2713 712 2748 Mon.
746 2715 786 2749 B.
823 2713 956 2757 (φιλο-

295 2760 426 2795 νείκων
451 2772 472 2794 a
495 2771 538 2794 m.
565 2760 637 2805 pr.)

1054 976 1283 1022 ἀτιμάζουσι.
1309 979 1321 1022 ]
1414 975 1667 1022 ἀτιμάζουσιν.

1005 1025 1098 1060 Mon.
1124 1026 1164 1058 B.
1190 1025 1438 1062 etBekkeruS.

1052 1102 1192 1149 νόμον]
1242 1101 1361 1147 νόμον
1401 1104 1670 1150 Ald.(qua1n-

1007 1162 1107 1195 quam
1155 1151 1190 1184 in
1228 1150 1293 1184 hac
1345 1154 1498 1185 extrema
1551 1151 1670 1185 littera

1007 1200 1123 1250 potest
1155 1208 1217 1241 pro
1259 1208 1280 1229 ν
1313 1196 1456 1238 haberi)
1499 1198 1579 1232 Bas.
1613 1197 1668 1244 ab.

1006 1240 1145 1285 νόμους
1168 1244 1254 1286 Ang.
1279 1242 1318 1276 B.
1353 1243 1470 1288 Steph.
1493 1240 1592 1278 Ast.

1054 1317 1169 1366 ὅρον]
1207 1318 1329 1365 ὀρθὸν
1354 1322 1453 1356 Vind.
1474 1322 1528 1356 F.
1541 1323 1671 1368 Perpe-

1005 1379 1078 1401 ram
1110 1368 1226 1401 Astius
1258 1368 1294 1401 in
1327 1371 1406 1402 tert.
1437 1373 1472 1402 et
1496 1369 1671 1402 Stallbau-

1007 1414 1092 1447 mius
1112 1414 1278 1458 Stephani
1302 1415 1573 1460 interpunctione
1596 1426 1671 1447 mu-

1008 1463 1082 1494 tata
1117 1471 1266 1502 conuna,
1300 1460 1389 1504 quod
1412 1460 1469 1493 ille
1493 1465 1602 1515 post
1598 1456 1670 1494 ὄλι-

1007 1506 1182 1550 γαρχικῆς
1211 1486 1346 1551 posuit,
1379 1507 1434 1539 hic
1466 1510 1545 1540 ante
1581 1518 1672 1550 ορον

1008 1553 1174 1586 fecerunt.
1233 1552 1346 1592 Quum
1390 1552 1553 1586 temlinus
1590 1552 1673 1586 illud

1009 1592 1076 1640 si‘t,
1111 1610 1152 1631 ex
1178 1610 1244 1643 quo
1268 1598 1357 1631 intra
1373 1602 1509 1632 certam
1532 1602 1593 1632 nos
1616 1610 1673 1632 re-

1009 1645 1144 1688 gionem
1176 1644 1307 1678 versari
1339 1644 1545 1688 colligimus,
1577 1648 1673 1678 recte

1010 1701 1077 1735 qua
1101 1690 1177 1734 lege
1209 1690 1290 1723 data
1314 1691 1435 1724 civitas
1459 1691 1572 1735 aliqua
1597 1701 1673 1724 cer-

1010 1742 1081 1769 tam
1104 1737 1246 1769 formam
1271 1736 1413 1781 accipit,
1438 1748 1481 1770 ea
1502 1737 1557 1770 lex
1584 1732 1671 1780 ὄρος

1010 1782 1077 1825 τῆς
1103 1782 1289 1821 πολιτείας
1321 1783 1521 1827 appellatur.
1570 1782 1674 1817 δῖοι-ἰ-

1009 1828 1087 1861 liter
1117 1828 1215 1862 Plato
1241 1828 1324 1873 Leg.
1350 1828 1389 1861 L.
1414 1829 1442 1862 Ι.
1469 1841 1501 1874 p.
1528 1829 1658 1864 626AE

1012 1869 1102 1917 ὅρον
1129 1875 1196 1917 τῆς
1225 1874 1266 1908 εύ
1291 1873 1578 1919 πολιτευομένης
1604 1872 1672 1908 πό-

1010 1921 1098 1958 λεως
1124 1921 1206 1953 dicit
1238 1924 1273 1953 et
1308 1933 1340 1965 p.
1376 1922 1452 1955 638.
1490 1923 1530 1954 Α.
1562 1920 1672 1953 victo-

1007 1965 1094 2019 {iam
1127 1969 1163 1999 et
1207 1967 1320 2009 fugam
1362 1970 1465 2009 negat
1506 1964 1672 2009 φανερὸν

1012 2006 1103 2053 ὅρον
1128 2023 1203 2045 esse
1225 2011 1310 2065 περὶ
1337 2012 1460 2045 καλῶν
1485 2009 1671 2055 ἐπιτηδευ-

1010 2068 1137 2111 ματων
1170 2069 1232 2090 και
1260 2055 1322 2103 μή,
1381 2058 1482 2098 Quae
1512 2069 1594 2091 vero
1616 2059 1672 2091 lex

1013 2099 1101 2145 ὅρος
1129 2104 1316 2142 πολιτείας
1354 2100 1584 2148 ὀλιγαρχικῆς
1619 2104 1673 2137 di-

1012 2149 1119 2183 cenda
1159 2149 1223 2190 sit,
1264 2150 1442 2204 sequentia
1492 2150 1673 2204 perspicue

1012 2195 1154 2237 docent,
1178 2193 1379 2238 ταξάμενοι
1401 2216 1448 2221 -
1474 2193 1672 2240 προειπόν-

1011 2252 1090 2283 τες,
1139 2253 1227 2286 quae
1273 2242 1402 2275 frustra
1447 2246 1580 2276 tentata
1630 2243 1672 2276 ab

1011 2267 1107 2320 Asti'o
1132 2299 1174 2320 ne
1196 2288 1441 2321 Stallbaumius
1466 2289 1601 2333 quidem
1622 2292 1673 2321 in-

1012 2333 1163 2375 tellexit,
1195 2334 1273 2366 dum
1298 2345 1364 2375 ov,
1392 2335 1470 2376 ubi,
1504 2346 1566 2379 pro
1601 2346 1674 2368 ma-

1012 2379 1140 2413 sculino
1165 2380 1278 2413 habet.

1058 2433 1294 2491 χρηματων,]
1343 2435 1549 2482 χρημάτων.
1597 2436 1672 2471 Ald.
1702 2431 1738 2473 B

1011 2494 1228 2526 χρηματων;
1255 2484 1374 2528 Steph.

1058 2545 1127 2595 οὗ]
1153 2563 1196 2585 ου
1220 2552 1319 2586 Vind.
1344 2552 1387 2585 F.

1056 2608 1224 2652 μᾶλλον]
1257 2609 1403 2651 μᾶλλων
1428 2608 1528 2642 Vind.
1561 2609 1603 2643 Ε.

1060 2663 1268 2710 ολιγαρχία,
1283 2667 1295 2709 ]
1355 2667 1443 2699 Ante
1482 2667 1674 2700 Bekkerum

1014 2724 1142 2746 comma
1166 2712 1223 2745 vel
1247 2713 1405 2746 omissum
1420 2712 1474 2745 vel
1495 2717 1572 2757 post
1582 2713 1672 2755 μᾶλ-

1013 2760 1078 2792 λον
1102 2758 1248 2804 positum
1272 2762 1369 2800 erat,
1394 2769 1482 2803 quae
1505 2758 1675 2793 distinctio
