1764 3176
285 89 339 129 82

284 212 366 252 μα,·
416 195 546 239 Πάνυ
584 211 655 251 γε,
692 195 835 240 εἶπον·
877 198 952 241 καὶ
990 197 1126 254 ἔγωγε
1162 195 1280 240 οὕτω
1321 194 1442 251 λέγω.

744 83 1209 129 PLATONIS

1498 193 1550 238 τὸ
1585 193 1666 250 μὲν

282 263 367 319 γὰρ
406 266 495 306 τῶν
533 265 707 320 θηρίων
742 268 832 308 τῶν
870 264 957 310 ὑπὸ
996 270 1090 317 τοῖς
1130 263 1382 320 ἀνθρώποις
1419 259 1509 319 ὅσῳ
1539 261 1662 306 ἐλευα

282 330 508 386 θερῶτεροὲ
545 331 661 376 ἐστιν
700 332 919 382 ἐνταῦθα,
961 331 990 389 ἢ
1018 332 1066 376 ἐν
1095 330 1227 389 ἄλλῃ,
1271 328 1354 374 οὐκ
1393 330 1448 373 ἄν
1475 347 1541 382 τις
1568 331 1661 374 nel-

283 404 412 442 θοιτο
443 399 632 454 ἄπειρος.
672 398 858 456 ἀτεχνῶς
895 401 978 458 γὰρ
1008 401 1059 443 αἵ
1081 416 1125 443 τε
1164 397 1292 450 κύνες
1328 396 1439 442 κατὰ
1467 397 1548 455 τὴν
1580 413 1661 441 πα-

282 467 463 522 ροιμίαν
490 464 581 510 οἶαί
608 482 687 522 περ
721 470 768 511 αἱ
795 467 1040 520 δέσποιναι,
1076 468 1302 523 γίγνονταί
1330 482 1375 509 τε
1406 465 1459 522 δὴ
1488 467 1560 510 καὶ
1590 467 1662 508 ἴπ-

281 549 358 577 ποι
385 534 459 577 καὶ
490 533 611 587 ὄνοι,
658 534 777 579 πάνυ
818 536 1059 591 ἐλευθέρως
1101 535 1186 578 καῖ
1217 537 1384 590 σεμνῶς
1424 533 1662 588 εἰθισμένοι

282 601 575 656 πορεύεσθαι,
615 604 725 647 κατα
755 604 834 656 τοὶς
862 603 994 655 ὁδούς
1024 601 1307 659 ἐμβάλλοντες
1337 606 1398 657 τῷ
1429 601 1495 646 ἀεὶ
1525 600 1663 646 ἀπαν-

222 663 262 705 D
284 672 435 718 τῶντι.
473 669 550 713 ἐὰν
577 670 637 727 μὴ
666 671 897 729 ἐξίστηται·
938 673 1012 716 καὶ
1039 666 1175 714 τᾶλλα
1206 669 1349 713 πάντα
1380 669 1497 714 οὕτω
1528 669 1663 725 μεστοὶ

281 737 535 792 ἐλευθερίας
562 739 763 793 γίγνεται.
802 740 862 783 Tc>
892 739 996 795 ἐμόν
1025 737 1085 794 γ’,

1117 738 1201 794 ἔφη
1215 771 1226 786 ,
1257 738 1353 793 ἐμοὶ
1373 739 1509 793 λέγεις
1529 738 1640 793 ὄναρ
1654 751 1663 760 ·

283 804 416 856 αὐτὸς
451 805 534 861 γὰρ
573 807 633 857 εἰς
671 804 812 862 ἀγρὸν
851 806 1149 862 πορευόμενος
1187 805 1311 861 θαμοὲ
1351 807 1458 851 αὐτὸ
1497 806 1661 863 πάσχω.

289 872 349 917 Τὸ
379 873 425 917 δὲ
458 872 512 927 δή
537 872 801 930 κεφάλαιον,
832 870 889 932 ἦν
918 875 961 920 δ’
992 874 1101 932 ἐγώ,
1129 874 1307 917 πάντων
1334 875 1506 925 τούτων
1537 877 1662 931 ξυνη-

282 995 362 1042 (ἐπὶ
378 996 421 1032 τὸ
440 995 558 1041 στόμα
574 999 778 1034 Plutarchus
803 1004 838 1035 et
849 1001 943 1035 The-

284 1044 446 1088 mistius.)

326 1102 389 1145 γε]
426 1098 466 1145 γ’
491 1101 590 1135 Vind.
608 1102 649 1136 F.
673 1104 759 1149 Ang.
781 1103 821 1138 Β.

328 1156 439 1202 λέγω]
473 1156 587 1202 λέγωῑ
625 1159 726 1194 Vind.
757 1161 800 1194 E.
831 1160 944 1205 λέγων

281 1205 368 1239 Lob.
394 1206 471 1239 Vat.
497 1205 576 1238 ΒΜ.
607 1206 693 1241 Ven.
719 1207 758 1240 C.

327 1260 395 1306 τὸ]
420 1261 498 1295 τῶν
530 1262 616 1295 Lob.

325 1320 497 1364 θηρίων]
544 1319 792 1353 Antiatticistes
836 1320 944 1354 Bekk.

281 1377 315 1422 p.
351 1368 415 1408 99,
456 1368 520 1401 28:
563 1366 683 1410 θηρία
716 1364 863 1407 α’ξιοῦσι
897 1365 943 1422 τὰΙ

281 1409 394 1469 ἄγρια
437 1410 629 1456 λέγεσθαι,
680 1412 796 1445 ἵππον
838 1410 877 1446 δὲ
919 1409 943 1456 ἢ

278 1456 437 1512 ἡμίονον
509 1455 690 1491 πολιτικά.
780 1455 945 1498 Εὔπολις

278 1502 433 1548 Δήμοις
503 1504 632 1538 Canem
675 1515 780 1548 supra
810 1517 946 1550 quoque

281 1551 321 1585 L.
340 1551 386 1584 ΙΙ.
417 1563 452 1595 p.
476 1551 557 1586 376.
583 1551 624 1584 A.
657 1550 795 1595 θηρίον
828 1551 944 1596 appel-

278 1597 372 1631 lavit.

328 1638 426 1688 ὅσῳ]
453 1637 527 1676 όσω
552 1641 627 1675 Ald.
646 1643 727 1675 Bas.
748 1642 802 1676 ab.

326 1697 621 1755 ἐλευθερώτερά]
650 1696 944 1754 ἐλευθερώτερόν

281 1746 366 1789 Ang.
380 1746 420 1778 Β.
445 1742 756 1788 ἐλευθεριώτερόν
782 1746 874 1779 Flor.
898 1747 940 1781 R.

280 1791 336 1825 Cf.
362 1791 563 1835 Bernhardy
588 1794 676 1834 synt.
703 1803 736 1836 p.
761 1793 842 1826 326.

324 1845 516 1892 ἐνταῦθα]
571 1848 626 1881 Ita
664 1859 737 1881 cum
772 1847 943 1892 plerisque

277 1893 450 1928 codicibus
507 1893 706 1927 scholiastes
761 1894 941 1927 secundum

278 1940 490 1973 Bekkeruni:
542 1936 753 1973 ἐνταῦθα·
810 1936 848 1972 ἐν
895 1940 941 1984 τῇ

279 1983 432 2030 ἀκράτῳ
471 1967 672 2032 ἐλενθερίᾳ.
721 1986 943 2019 Ruhnkenius

278 2032 429 2076 ineptum
495 2032 614 2065 lemma
669 2028 941 2075 ἐλευθερωτερα

278 2078 488 2122 praeposuit.
513 2074 552 2111 ἐν
576 2075 693 2122 ταύτῃ
715 2077 941 2111 Ven.B.A1d.

279 2124 360 2157 Bas.
391 2125 446 2158 ab.
478 2124 597 2169 steph.
631 2125 703 2156 Ast.
738 2124 803 2157 hac
829 2126 864 2157 iu
890 2125 939 2158 ci-

278 2170 389 2204 vitate
413 2170 488 2202 Fic.

324 2215 519 2259 πείθοιτο]
553 2213 719 2250 πύθοιτο
750 2215 849 2250 Vind.
873 2215 916 2250 F.

325 2270 457 2315 κύνες]
482 2272 591 2312 κῦνες
617 2273 719 2306 idem.

324 2341 363 2363 τε
388 2327 460 2373 δὴ]
484 2342 548 2363 om.
581 2328 683 2363 Vind.
706 2329 750 2364 F.
780 2329 866 2374 Ang.
897 2331 939 2365 Β.

280 2375 373 2409 Flor.
409 2375 452 2410 R.
503 2376 670 2420 probante
704 2375 940 2418 Stallbaumio,

279 2421 338 2466 qui
363 2421 502 2455 unci-nos
527 2421 871 2466 apposuit.,‚Ma1i1n
892 2422 940 2455 ita

279 2467 451 2524 scribere,
484 2467 673 2510 γίγνονταί
705 2478 764 2509 τε,
797 2467 859 2501 καὶ
893 2465 938 2512 δή

278 2511 342 2547 καὶ
372 2513 492 2546 ι’πποι.
540 2513 603 2546 Vel
627 2513 762 2558 potius,
797 2514 939 2557 γίγνον-

277 2571 358 2602 ται,
391 2558 454 2592 καὶ
483 2555 528 2602 δή
555 2564 620 2593 etc.
662 2560 790 2603 absque
820 2562 940 2594 vocula

278 2617 345 2647 τε,
394 2605 520 2650 quippe
574 2616 663 2649 quae
712 2606 905 2649 praecedat.
915 2609 937 2625 ‘⁶

279 2651 398 2695 Steph.
423 2651 457 2684 in
482 2662 525 2685 m.
556 2650 698 2683 Scilicet
720 2651 834 2685 verbis
860 2650 938 2686 οἷαί

277 2708 345 2741 περ
380 2699 445 2730 etc.
478 2708 587 2742 usque
619 2696 661 2729 ad
695 2695 937 2740 πορεύεσθαι,

278 2753 366 2787 quae
388 2743 462 2778 Ald.
487 2743 566 2778 Bas.
587 2742 641 2777 ab.
661 2742 733 2776 sine
756 2743 935 2791 interpun-

1000 999 1114 1033 ctione
1145 999 1275 1054 scripta
1308 1000 1455 1042 habent,
1498 1004 1663 1034 commate

1000 1050 1080 1091 post
1102 1056 1141 1079 τε
1162 1043 1207 1089 δὴ
1227 1046 1396 1080 distinctis
1420 1047 1494 1091 ipse
1521 1047 1587 1080 sibi
1608 1048 1661 1080 of-

1000 1093 1131 1125 fecerat
1151 1092 1346 1135 Stephanus
1368 1096 1402 1125 et
1419 1092 1527 1126 locum
1549 1104 1663 1126 emen—

999 1137 1146 1171 dationis
1168 1137 1319 1181 indigum
1348 1139 1555 1172 reddideifflat
1603 1137 1665 1173 Vi·-

1001 1183 1085 1216 tium
1109 1184 1224 1216 Astius
1248 1185 1313 1217 iam
1333 1183 1366 1217 in
1384 1185 1493 1228 prima
1511 1184 1663 1218 editione

1001 1229 1109 1262 sensit
1131 1233 1165 1262 et
1196 1235 1273 1274 post
1299 1227 1493 1263 δέσποιναι
1514 1230 1665 1264 inciden-

1002 1275 1081 1308 dum
1101 1286 1176 1307 esse
1200 1276 1305 1318 vidit,
1332 1277 1391 1308 sed
1416 1277 1551 1321 reiiqua
1575 1277 1664 1310 indi-

1001 1321 1127 1354 stincta
1164 1332 1292 1365 ponens
1329 1329 1365 1355 et
1396 1322 1585 1365 γίγνονται
1620 1323 1664 1356 ad

1003 1364 1244 1411 ἐμβάλλοντες
1299 1369 1452 1401 referens
1513 1380 1533 1401 a
1583 1379 1663 1402 vero

1003 1413 1189 1448 aberravit.
1236 1413 1277 1446 In
1310 1425 1378 1446 sec.
1418 1425 1547 1447 comma
1587 1417 1665 1458 post

1002 1459 1141 1501 σεμνῶς
1166 1458 1290 1492 adiecit
1313 1463 1347 1492 et
1375 1458 1563 1504 γίγνονται
1589 1471 1664 1494 cum

1002 1504 1171 1538 adverbiis
1204 1506 1410 1546 construxit,
1446 1505 1535 1550 quod
1565 1517 1664 1550 pror-

1001 1561 1060 1583 sus
1085 1562 1105 1584 a
1125 1562 1205 1584 veno
1233 1551 1405 1585 abhorret.
1452 1551 1640 1597 Denique
1632 1563 1665 1585 in

999 1600 1079 1629 tert.
1099 1596 1403 1641 interpunctionem
1421 1609 1462 1630 ex
1483 1598 1588 1640 prima
1606 1609 1663 1631 re-

1001 1642 1119 1683 duxit,
1143 1643 1203 1675 sed
1229 1642 1439 1686 γίγνονται,
1464 1647 1502 1676 ut
1530 1656 1571 1677 ex
1594 1644 1664 1676 La-

996 1687 1079 1720 tinis
1109 1687 1181 1721 eius
1208 1689 1318 1732 colligi
1349 1693 1483 1733 potest,
1516 1701 1592 1722 cum
1613 1690 1659 1723 εἰ-

997 1732 1170 1775 θισμένοι
1198 1735 1391 1772 coniunxit
1427 1747 1469 1768 ne
1492 1735 1554 1769 hoc
1583 1736 1661 1780 qui-

998 1779 1074 1813 dem
1098 1784 1202 1813 recte.
1250 1780 1339 1814 Nam
1362 1781 1390 1814 si
1414 1781 1498 1815 illud
1531 1781 1663 1815 diceret

998 1825 1112 1867 Plato,
1155 1826 1245 1871 quod
1282 1827 1401 1860 Astius
1445 1827 1475 1860 ei
1518 1827 1658 1861 tribuit:

994 1874 1147 1915 profecto
1181 1873 1270 1905 euim
1298 1885 1420 1914 canes,
1464 1879 1504 1906 ut
1540 1880 1589 1907 cst
1622 1874 1658 1907 in

995 1918 1196 1961 proverbio,
1228 1919 1316 1951 tales
1343 1920 1463 1963 quales
1489 1917 1659 1958 dominae,

998 1969 1103 2007 atque
1134 1965 1239 1997 etiam
1266 1965 1344 2008 equi
1376 1971 1410 1999 et
1439 1966 1532 1998 asini
1551 1967 1657 2009 plane

999 2010 1102 2042 libere
1127 2015 1161 2044 et
1192 2011 1281 2044 elate
1312 2017 1532 2044 consuescunt
1563 2013 1658 2045 ince-

998 2056 1098 2096 dere,
1137 2067 1246 2100 neque
1270 2056 1459 2113 γίγνονται
1495 2057 1657 2100 εἰθισμέ-

998 2112 1058 2134 νοι
1075 2101 1207 2145 potius,
1231 2113 1332 2146 quam
1353 2099 1542 2144 ἐθίζονται
1563 2104 1660 2138 dice-

997 2159 1053 2188 re,
1078 2159 1188 2192 neque
1212 2159 1292 2181 vero
1318 2148 1476 2192 ignavum
1506 2150 1595 2182 istud
1623 2153 1658 2183 et

996 2193 1042 2226 nil
1062 2193 1123 2226 nisi
1138 2194 1350 2238 periphrasin
1368 2195 1496 2229 faciens
1516 2195 1658 2239 γίγνον-

996 2250 1058 2272 ται
1096 2239 1130 2272 in
1163 2240 1328 2284 principio
1355 2242 1521 2274 collocare
1552 2242 1657 2276 debe-

996 2286 1064 2318 bat.
1111 2285 1230 2330 ltaque
1248 2286 1388 2329 primum
1412 2292 1491 2331 post
1509 2286 1655 2321 δέσποι-

995 2343 1058 2364 ναι
1085 2342 1160 2364 cum
1189 2332 1279 2365 Mon.
1308 2333 1347 2367 B.
1379 2333 1480 2367 Vind.
1512 2334 1553 2367 B.
1585 2337 1655 2367 tum

996 2381 1075 2421 post
1102 2373 1183 2410 ὄνοι
1211 2389 1285 2410 cuni
1314 2379 1412 2412 Vind.
1435 2380 1478 2412 F.
1503 2380 1656 2413 inciden-

995 2423 1073 2456 dum
1110 2428 1145 2455 et
1177 2424 1219 2456 ad
1260 2421 1367 2463 κύνες
1401 2426 1540 2458 verbum
1573 2425 1653 2466 εἰσι,

996 2468 1039 2502 ad
1064 2468 1250 2512 γίγνονται
1275 2474 1387 2503 autem
1420 2468 1494 2504 οἷοί
1520 2482 1588 2515 περ
1618 2471 1654 2506 οἱ

996 2513 1173 2548 δεσπόται
1215 2527 1257 2548 ex
1299 2517 1529 2560 supeiionibus
1572 2529 1655 2561 sup-

995 2561 1172 2605 plendum,
1209 2561 1271 2594 hoc
1300 2574 1419 2596 sensu:
1446 2564 1480 2596 iu
1507 2564 1571 2596 hac
1604 2565 1653 2597 ci-

994 2609 1103 2641 vitate
1122 2619 1189 2640 non
1206 2609 1313 2641 solum
1341 2620 1462 2650 canes,
1487 2610 1653 2654 quemad-

994 2654 1130 2686 modum
1155 2655 1261 2697 alibi,
1285 2656 1403 2698 quales
1432 2656 1537 2688 herae
1561 2661 1650 2696 sunt,

992 2700 1052 2732 sed
1081 2701 1248 2734 accedunt
1279 2701 1384 2734 etiam
1417 2703 1495 2746 eqni
1517 2702 1653 2745 pariter

992 2751 1097 2790 atque
1115 2748 1225 2790 asini,
1251 2747 1437 2782 admodum
1466 2749 1572 2782 libere
1595 2748 1652 2780 illi
