1764 3176
96 2103 99 2105 -
164 2074 346 2124 Ἅγαθόν]
376 2105 384 2112 .

468 178 803 223 CIVITAS
850 178 979 221 LIB.
1010 178 1070 222 X.
1101 183 1168 219 609

128 294 273 343 καλεῖς
281 307 294 341 3
322 288 499 347 Ἔγωγε.

1422 180 1508 221 251

566 284 660 345 Ἆρ’
693 286 777 335 οὖν
808 291 952 345 ὥσπερ
992 290 1074 344 ἐγώ
1110 289 1209 344 περὶ
1239 287 1506 340 αὐτῶνδια-
1537 292 1572 333 Ε

127 364 214 418 νοῇ
223 378 235 411 3
281 358 342 403 Tc)
370 364 524 410 ποῖον,·
570 359 631 403 Τὸ
661 360 740 416 μὲν
773 359 996 404 ἀπολλύον
1027 359 1100 401 καὶ
1130 360 1394 413 διαφθεῖρον
1423 359 1513 400 πᾶν

128 427 177 473 τὰ
208 426 348 471 κακόν
377 426 509 479 εἶναι,
550 428 600 471 τὸ
641 428 687 472 δὲ
719 432 857 482 σῶζον
895 428 969 471 καὶ
1001 426 1205 483 ὠφελοῦν
1246 426 1295 472 τὸ
1327 424 1512 482 ἀγαθόν.

114 493 295 552 ”Εγωγ’,
326 495 422 553 ἔφη.
488 497 539 540 Τί
577 496 649 546 δέ;
686 497 825 540 κακὸν
855 495 1021 553 ἑκάστῳ
1052 512 1094 539 τι
1134 495 1208 538 καὶ
1238 493 1412 550 ἀγαθόν
1442 492 1512 537 λε’-

123 581 240 623 γειςς
279 562 378 609 οἷον
407 564 659 620 ὀφθαλμοῖς
693 563 952 621 ὀφθαλμίαν
985 565 1058 608 καὶ
1089 563 1305 619 ξύμπαντι
1331 565 1392 622 τῷ
1424 560 1508 606 σώ-
1532 567 1600 602 609

125 651 229 690 ματι
259 633 396 677 νόσον
427 635 531 690 σίτῳ
569 648 614 676 τε
645 632 854 689 ἐρυσίβην
885 633 1107 690 σηπεδόνα
1139 649 1183 676 τε
1217 631 1376 684 ξύλοις,
1407 635 1513 686 χαλ-

122 706 187 761 κῷ
218 701 266 745 δὲ
294 702 369 745 καὶ
399 701 566 758 σιδήρῳ
597 700 667 744 {dv
696 702 770 744 καὶ
799 701 906 756 ὅπερ
938 701 1060 757 λέγω,
1091 700 1245 757 σχεδόν
1275 703 1383 743 πᾶσι
1413 697 1514 754 ξύμ-

123 785 271 826 φυτον
298 769 463 829 ἑκάστῳ
493 767 635 814 κακόν
665 785 709 813 τε
740 771 815 813 καὶ
843 769 1037 826 νόσημα;
1055 768 1225 825 '‘Eymy',
1257 768 1352 823 ε’φη.
1430 765 1514 809 Οὐ-

122 842 239 883 κοῦν
269 839 377 882 ὅταν
402 837 464 897 τῴ
495 855 536 882 τι
565 836 735 882 τούτων
762 840 1071 894 προσγένηται,
1093 836 1292 893 πονηρόν
1320 851 1364 879 τε
1395 840 1516 879 ποιεῖ

125 901 162 966 ᾧ
190 906 492 963 προσεγένετο,
517 907 590 950 καὶ
621 909 832 949 τελευτῶν
863 906 970 950 ὅλον
995 906 1162 951 διέλυσε
1193 905 1264 949 καὶ
1297 901 1510 954 απώλεσε;

126 979 231 1028 Πῶς
258 975 343 1032 γὰρ
376 974 455 1026 οὕς

122 1123 158 1157 p.
177 1109 258 1147 314.
285 1113 327 1145 Β.
357 1111 387 1146 si
420 1112 510 1145 forte
541 1110 655 1156 paullo
690 1112 790 1155 plura

124 1163 224 1201 sunt,
257 1158 382 1213 partim
405 1157 528 1191 similia
560 1163 639 1190 sunt
662 1156 711 1190 illi
737 1157 787 1190 C-

124 1201 230 1247 οἶμαι
251 1201 290 1238 δε
307 1203 370 1237 καὶ
392 1199 516 1237 αλλον
525 1199 712 1245 ὁντινοῦν,
729 1203 788 1236 ubi

122 1250 360 1292 nominativus,
376 1250 434 1295 qui
454 1250 652 1295 praecedit,
657 1250 692 1281 in
711 1261 788 1281 ver-

121 1297 167 1330 bo
192 1296 374 1352 delitescit,
397 1301 437 1329 ut
443 1297 579 1350 Symp.
599 1307 632 1339 p.
650 1295 723 1329 176.
738 1296 785 1327 A:

124 1354 187 1376 οτι
212 1342 262 1389 τῷ
289 1354 371 1376 οντι
397 1339 498 1375 πάνυ
527 1341 694 1384 χαλεπῶς
718 1339 786 1384 ἔχω

121 1399 199 1422 vwo
223 1377 291 1422 τὀν
312 1385 401 1431 χθες
424 1384 545 1421 πότου
564 1386 626 1421 καὶ
654 1385 786 1442 δέομαι

122 1431 321 1490 ἀναψυχῆς
347 1431 471 1476 τινὸς,
507 1430 610 1476 οἶμαι
643 1430 681 1467 δε
722 1445 785 1466 και

120 1476 227 1524 ὑμῶν
258 1478 349 1519 τοὺς
379 1477 550 1518 πολλούς.
591 1479 644 1512 vel
677 1479 786 1512 ambi·
822 1489 825 1490 ⁷

120 1526 263 1571 guitaffis
279 1526 459 1559 evitandae
473 1536 594 1559 caussa
609 1531 785 1570 receptum

120 1573 248 1606 habent
270 1572 514 1612 accusativum,
538 1577 576 1604 ut
603 1571 739 1615 Protag.
762 1571 784 1604 l.

123 1630 153 1652 c.
175 1616 240 1651 καὶ
269 1616 340 1661 γὰρ
371 1629 415 1651 ον
436 1615 563 1675 μόνος
584 1614 785 1672 Πρωταγό-
812 1637 817 1640 -

124 1676 193 1707 ρας
210 1661 351 1698 αὐτόθι
372 1661 490 1705 ἐστὶν,
519 1660 611 1696 ἄλλοι
633 1676 696 1696 και
714 1659 787 1696 Ιπ-

123 1710 236 1753 πίας,
268 1706 287 1744 ὁ
315 1707 476 1752 Ἠλεῖος,
520 1707 623 1752 οἶμαι
654 1707 692 1742 δὲ
723 1708 786 1742 καὶ

125 1754 333 1799 Πρόδικον,
365 1753 433 1790 τὸν
450 1757 577 1799 Κεῖον,
597 1754 659 1789 καὶ
682 1751 788 1789 ἄλλοι

123 1801 256 1836 πολλοὶ
274 1801 338 1836 καὶ
361 1802 484 1857 σοφοί.

164 1844 311 1904 '‘Euocy'
322 1849 336 1892 ]
365 1845 515 1904 οὕμοιγε
534 1848 619 1881 Lob.
645 1847 725 1881 vat.
737 1847 786 1881 M.

170 1891 212 1928 δ’
234 1890 294 1939 ἂν]
318 1892 358 1928 δε
382 1890 430 1928 ἂν
448 1895 529 1927 Bas.
551 1895 586 1928 b.

170 1937 232 1984 οὕ]
252 1952 318 1974 om.
348 1941 442 1974 Mon.
468 1941 508 1973 B.

164 1986 311 2044 τοῦτ-0.]
331 1987 468 2028 τοῦτο,·
493 1987 573 2019 Bas.
596 1986 630 2020 b.

164 2029 340 2089 Ἅκούοις]
361 2030 512 2080 ἀκούεις
530 2032 631 2066 Vind.
654 2032 697 2065 E.

468 2077 573 2113 ,θόν
608 2078 710 2113 vind.
744 2077 784 2114 F.

120 2143 167 2150 —
189 2125 333 2159 Proclus
365 2124 401 2158 in
404 2104 549 2159 Pin-m.
573 2125 618 2159 T.
638 2125 722 2158 IIII.
749 2136 782 2168 p.

122 2173 208 2206 107:
235 2168 310 2205 ε’στι
333 2168 372 2205 δὲ
396 2169 458 2206 ὅτε
476 2170 539 2205 καὶ
555 2168 706 2210 ἕκαστος
722 2169 784 2204 λό-

120 2229 185 2261 γος
203 2215 342 2256 τέλειός
361 2214 478 2260 ἐστιν,
508 2215 589 2250 οἷον
611 2215 649 2251 ἐν
671 2218 782 2250 Πολι-

120 2263 202 2310 τείᾳ
233 2261 296 2296 καὶ
337 2263 456 2307 Φαίδρ
460 2275 487 2296 ω
519 2262 583 2296 καὶ
622 2264 787 2297 Φαίδωνι

120 2299 191 2365 τῆς
208 2305 423 2349 ἀθανασίας
440 2298 515 2342 τῶν
531 2310 662 2353 ψυχῶν
680 2308 788 2365 λόγος

122 2352 392 2395 ἀποδεικτικός.
435 2352 587 2394 ἕκαστος
622 2354 694 2400 γὰρ
728 2353 786 2389 τέ-

121 2403 238 2444 λειος,
267 2401 331 2436 καὶ
367 2398 414 2436 ου’
440 2401 611 2435 τελοῦσιν
643 2402 694 2442 εἰς
725 2400 786 2435 αλ-

121 2445 266 2503 λήλους.

158 2489 308 2548 Ἴῧγωγε.
329 2487 413 2549 Ἆρ’
426 2495 438 2537 ]
452 2489 602 2538 ”Εγωγε,
626 2487 690 2538 ἆρ’
710 2494 786 2530 Ald.

122 2537 243 2584 ἔγωγε.
271 2535 339 2583 αρ’
363 2539 462 2573 vind.
484 2540 516 2573 F

168 2585 326 2630 διανοῇ]
355 2585 497 2620 διανοει
531 2598 606 2620 cum
632 2598 656 2629 η
681 2597 786 2631 super

121 2643 154 2666 ει
177 2632 256 2666 Par.
280 2633 322 2665 D.
349 2629 493 2666 διανόει
515 2633 614 2666 Vind.
634 2633 675 2668 F.
701 2635 786 2677 Ang.

120 2679 162 2712 B.
196 2678 343 2712 διανοεῖ
379 2678 475 2711 Flor.
507 2679 550 2712 R.
590 2683 627 2712 et
667 2690 788 2713 recen-

86 2738 89 2741 ·
120 2724 239 2758 tiores.

167 2766 384 2814 απολλύον]
411 2770 502 2814 quod
526 2770 682 2804 dissolvit
708 2770 785 2804 Fic.

67 2816 74 2818 “
121 2836 167 2842 —
198 2817 340 2854 Proclus
378 2816 413 2849 in
448 2816 558 2850 Alcib.
592 2818 635 2850 T.
656 2816 720 2849 III.
750 2829 785 2861 p.

123 2865 208 2898 199:
234 2861 285 2903 ὥς
314 2859 385 2906 γὰρ
416 2860 478 2895 καὶ
506 2859 525 2896 ὁ
549 2859 588 2896 ἐν
610 2863 787 2909 Πολιτεία

509 973 568 1018 T&
600 972 830 1030 ξύμφυτον
871 975 957 1030 ἄρα
995 973 1135 1018 κακόν
1164 973 1352 1017 ἑκάστου
1381 974 1453 1017 καὶ
1483 972 1510 1028 ἦ

847 1109 1052 1155 Σωκρατης
1071 1109 1238 1154 διώρισε,
1269 1108 1313 1144 τὸ
1337 1107 1410 1164 μὲν
1426 1106 1508 1142 {noi-

847 1168 934 1192 στου
947 1156 1126 1192 σωστικόν
1145 1155 1219 1191 ἐστὶ
1229 1155 1272 1191 τὸ
1286 1152 1447 1199 α’γαθὸν,
1465 1153 1508 1189 τὸ

846 1202 885 1238 δε
907 1202 1062 1238 εκάστου
1088 1201 1302 1259 φθαρτικὸν
1321 1200 1363 1236 τὸ
1385 1198 1511 1235 κακόν.

891 1247 1075 1295 ωφελοῦν]
1103 1247 1145 1284 ω’.
1163 1249 1240 1283 πᾶν
1259 1250 1345 1293 Ang.
1359 1248 1398 1281 Β.
1416 1248 1510 1281 Flor.

892 1338 1067 1386 ἀγαθόν]
1083 1338 1253 1385 α’γαθόνς
1276 1340 1368 1374 Mon.
1380 1340 1418 1373 Β.
1432 1338 1509 1373 Ald.

841 1391 914 1422 Ast.
940 1400 991 1433 pr.
1016 1400 1083 1421 sec.

879 1431 1038 1478 ”Εγωγ’]
1074 1432 1181 1477 ἔγωγε
1214 1429 1331 1466 τοῦτό
1361 1441 1400 1475 γε
1430 1431 1510 1465 Par.

843 1481 882 1514 A.
909 1493 928 1514 a
953 1493 996 1512 m.
1022 1491 1049 1513 s.

894 1527 952 1571 Τί]
981 1524 1032 1560 ἔτι
1056 1525 1158 1559 Vind.
1184 1525 1226 1558 F.
1253 1525 1340 1568 Aug.
1361 1524 1402 1556 Β.

888 1574 937 1617 τι]
965 1572 1001 1606 τί
1026 1572 1110 1607 Lob.
1137 1571 1234 1604 Vind
1260 1572 1299 1603 Β.

890 1620 988 1664 σίτῳ]
1005 1619 1174 1663 frugibus
1193 1618 1340 1661 cibisque
1358 1615 1432 1649 Fic.
1533 1620 1601 1656 609

888 1666 990 1721 τε]γε
1017 1665 1117 1697 xind.
1129 1665 1173 1698 F.
1197 1665 1273 1706 Ang
1276 1663 1333 1696 ..Β
1358 1663 1453 1695 F.10r
1464 1661 1508 1696 R

843 1707 1510 1790 mssss'vssssw³T535322⁹s⁷⁷stxv¹¹¹⁶122³

845 1800 1014 1847 ερυσίβη·
1040 1799 1224 1846 μιλτώδης
1256 1766 1406 1844 δρόσοις.
1438 1811 1511 1833 πα-

842 1861 908 1893 χνη
929 1848 982 1892 δὲ,
1000 1847 1135 1891 δρόσος
1151 1845 1344 1891 χιονωδης.
1387 1846 1513 1890 Respi-

844 1895 931 1928 citur
960 1896 1054 1929 locus
1078 1896 1198 1948 δμηρ.
1231 1906 1264 1939 p.
1289 1894 1364 1928 188.
1384 1894 1425 1926 Β.
1451 1892 1512 1925 fibi

845 1940 985 1985 πάχναι
1003 1940 1066 1975 καὶ
1083 1939 1239 1997 χαλαζαι
1258 1938 1321 1973 καὶ
1344 1936 1513 1984 ε’ρυσῖβαι

845 1988 912 2032 (ita
944 1999 1006 2033 pro
1043 1990 1182 2031 vulgato
1216 1984 1384 2030 ἐρυσίβαι
1427 1985 1512 2018 scri-

842 2034 987 2068 bendum
1011 2034 1165 2077 videtur)
1193 2035 1510 2066 commemorantur.

841 2078 1090 2160 Ι4Ἱσηπεδόνα]
1108 2081 1235 2114 cariem
1248 2079 1512 2123 etputrediuem

873 2138 904 2160 1c

887 2173 941 2217 τε]
965 2183 1007 2227 ys
1031 2171 1133 2206 Vind.
1158 2171 1203 2205 F.
1227 2173 1314 2214 Ang.
1341 2171 1383 2204 B.

890 2219 1042 2272 σιδηρῳ]
1065 2215 1228 2271 διδήρῳ
1229 2217 1304 2250 Ald.

841 2277 1011 2345 Flauum&
1038 2266 1102 2343 ὗε]
1134 2261 1251 2343 πῐΰῖκόν
1282 2275 1318 2296 τι
1346 2262 1442 2296 Μοῐι.
1467 2262 1511 2296 Β.

889 2323 928 2345 οι·
1069 2316 1116 2343 at.

888 2355 1056 2412 νόσημα,·
1067 2353 1261 2400 ]νόσημα.
1285 2355 1406 2400 Steph.
1433 2356 1508 2390 Ast.

889 2401 957 2450 τώ]
981 2400 1025 2436 τὸ
1055 2402 1152 2435 vind.
1165 2403 1204 2435 F.

889 2439 939 2493 τι]
964 2449 1000 2483 τί
1026 2448 1125 2483 Vind.
1150 2448 1226 2482 BF.
1251 2448 1343 2481 Mon.
1364 2448 1406 2481 B.
1432 2452 1510 2492 post.

843 2494 988 2529 τούτων
1023 2495 1109 2528 Lob.
1142 2495 1222 2528 Vat.
1247 2494 1328 2529 ΒΜ.
1354 2493 1441 2528 Ven.
1465 2494 1508 2527 Β.

844 2554 908 2576 om.
933 2543 1012 2575 Par.
1038 2541 1080 2574 K.
1106 2552 1175 2574 sec.
1199 2541 1310 2574 Bekk.

888 2583 1153 2631 προσεγένετο]
1193 2586 1234 2620 In
1265 2587 1360 2620 Mon.
1392 2587 1432 2620 Β.
1469 2597 1507 2619 σε

843 2635 903 2669 int.
928 2645 1018 2667 vers.
1042 2639 1108 2666 est.

888 2679 1079 2723 τελευτῶν]
1098 2677 1279 2713 τελευτῶν
1302 2679 1388 2712 Lob.
1409 2678 1511 2712 vind.

843 2727 916 2760 ΒΕ.
944 2727 1035 2760 Mon.
1058 2726 1099 2759 B.
1125 2726 1201 2759 Ald.
1226 2726 1304 2759 Bas.
1330 2726 1385 2759 ab.

890 2769 1093 2816 οἷπεόλεσες]
1115 2767 1293 2812 οἷπεόλεσε,
1313 2771 1387 2805 Ald.
1406 2767 1511 2803 ἀπιό-

845 2821 933 2853 λεσε.
944 2819 1022 2851 Bas.
1031 2819 1087 2852 ab.
1099 2815 1287 2852 ἀπώλεσεν
1298 2829 1308 2858 ;
1321 2817 1511 2851 Bekkerus.

896 2862 967 2908 Τὸ]
992 2876 1056 2899 om.
1082 2864 1168 2900 Lob.
1192 2865 1273 2899 vat.
1299 2864 1349 2897 M.
