1764 3176
251 143 335 183 218

700 139 1168 184 PLATONIS

188 252 221 292 E
252 253 341 294 τῶν
370 248 532 303 αὐλῶν,
555 253 601 295 οἳ
617 248 674 294 ἄν
693 249 970 309 ὑπηρετῶσιν
999 252 1046 295 ἐν
1075 255 1136 311 τῷ
1157 250 1320 304 αὐλεῖν,
1338 252 1410 295 καὶ
1427 250 1626 305 ἐπιτάξει,

250 320 373 369 οἴους
403 320 470 362 δεῖ
495 324 650 372 ποιεῖν,
673 318 706 362 ὁ·
729 318 770 363 δ’
799 317 1071 377 ὑπηρετήσει.

1134 323 1237 371 Πῶς
1267 318 1307 363 δ’
1343 319 1418 370 οὕς
1449 319 1627 364 Οὐκοῦν

247 384 271 429 ὁ
301 386 379 440 μὲν
417 386 543 438 εἰδώς
576 386 815 443 ἐξαγγέλλει
854 389 956 442 περὶ
985 392 1181 444 χρηστῶν
1210 388 1284 431 καὶ
1313 392 1517 444 πονηρῶν
1548 387 1626 432 αὕ-

245 458 358 506 λῶν,
406 453 430 498 6
471 456 518 498 δὲ
557 454 775 499 πιστεύων
816 455 1014 512 ποιήσεις
1054 457 1158 499 Ναί.

1231 459 1322 499 Τοῦ
1360 455 1502 501 αὐτοῦ
1541 458 1626 512 ἄρα

245 522 432 574 σκεύους
463 523 487 568 ὁ
515 523 596 579 μὲν
623 523 807 580 ποιητής
835 526 982 567 πίστιν
1021 522 1164 580 ὀρθήν
1193 523 1275 577 ἕξει
1309 525 1408 579 περὶ
1437 524 1627 577 κάλλους

242 607 288 634 τε
325 592 399 634 καὶ
427 595 666 648 πονηρίας,
706 592 851 645 ξυνών
889 596 952 649 τῷ
989 593 1123 636 εἰδότι
1161 593 1235 637 καὶ
1271 590 1626 649 ἀναγκαζόμενος

242 789 381 820 servata
409 786 663 821 demonstrant:
691 786 732 820 de
756 785 903 830 scripto-

242 832 290 865 ris
319 844 404 874 usu,
446 844 545 877 quem
581 833 760 866 Bekkerus
800 844 903 876 saepe

242 878 416 921 corrigere
450 882 590 912 conatus
622 882 696 920 est,
730 880 773 913 cf.
798 877 842 910 ib.
869 889 903 922 p.

240 925 297 959 52.
322 930 359 957 et
382 924 479 957 huius
503 924 678 958 voluminis
709 936 741 968 p.
768 925 845 964 153,
867 924 901 957 b.

240 960 366 1003 Similis
391 974 506 1004 nostro
542 971 633 1003 locus
657 975 711 1003 est
734 970 774 1002 L
801 970 839 1002 V
867 981 900 1024 p

239 1017 318 1050 478.
344 1016 395 1049 1)·
422 1013 560 1049 οὐκοῦν
592 1014 757 1064 ε’φαμεν
760 1012 798 1048 ἐν
823 1019 903 1054 τοῖς

239 1060 427 1116 πρόσθεν,
455 1062 542 1096 εἴτι
560 1062 696 1117 φανείη
717 1059 800 1095 οἷον
823 1057 903 1104 ἅμα

240 1103 286 1141 ὅν
322 1119 361 1141 τε
393 1107 456 1142 καὶ
488 1105 536 1151 μή
571 1104 634 1149 ὂν,
658 1109 701 1141 τὸ
729 1107 903 1141 τοιοῦτον

237 1151 374 1208 μεταξὺ
399 1156 594 1188 κεῖσθαι
612 1154 680 1187 τοῦ
701 1153 904 1207 εἰλικρινῶς

239 1195 352 1239 ὄντος
373 1211 412 1233 τε
434 1199 497 1234 καὶ
512 1200 580 1233 τοῦ
599 1199 750 1238 πάντως
769 1197 817 1243 μὴ
840 1211 903 1232 ov-

238 1257 322 1301 τος,
357 1245 420 1279 καὶ
452 1241 539 1280 ου’τε
578 1243 780 1302 ἐπιστήμην
814 1241 901 1278 οὕτε

238 1288 395 1347 α’γνοιαν
437 1289 499 1326 ἐπ’
542 1288 646 1338 αυτῷ
683 1290 900 1333 ε’σεσθαι,

208 1380 213 1385 ἱ
240 1334 330 1371 αλλὰ
342 1336 385 1372 τὸ
398 1335 534 1380 μεταξὺ
551 1350 597 1371 av
611 1349 729 1381 φανεν
748 1334 794 1380 οἷγ
796 1338 902 1376 νοίας

234 1382 298 1417 καὶ
320 1381 542 1439 ἐπιστήμης,

281 1427 429 1475 αὐλῶν]
467 1428 594 1464 αὐτῶν
629 1429 711 1463 Par.
743 1429 788 1464 K.
825 1428 900 1462 Ald.

233 1476 313 1510 Bas.
339 1477 394 1510 ab.

282 1520 332 1566 οι]
359 1523 411 1556 Ita
433 1522 514 1556 Par.
534 1521 574 1554 A.
598 1521 699 1555 Vind.
714 1521 787 1555 BE.
808 1521 900 1555 Mon.

236 1569 278 1603 C.
303 1570 390 1602 Ven.
411 1569 451 1602 B.
477 1569 556 1601 Vat.
583 1567 627 1601 H.
650 1568 746 1601 Flor.
762 1567 899 1601 ACTV.

236 1612 300 1649 οἶα
324 1614 448 1659 reliqui
472 1613 583 1656 (Mon.
604 1614 643 1647 B.
670 1619 843 1647 correctus
865 1612 900 1646 in

235 1661 370 1704 ultima)
405 1671 479 1693 cum
515 1660 614 1692 editis
648 1666 727 1693 ante
760 1659 900 1692 Bekke-

234 1718 321 1748 rum,
339 1706 429 1751 quod
446 1706 518 1739 sive
543 1717 689 1750 quarum
707 1711 822 1739 rerum
839 1717 900 1738 ra-

234 1754 326 1787 tione
346 1753 469 1785 habita
491 1752 562 1785 sive
583 1753 704 1796 quibus
730 1758 761 1785 et
785 1753 899 1796 quali-

235 1799 297 1832 bus
315 1801 367 1832 sui
386 1799 544 1842 partibus
564 1798 813 1842 interpreteris,
835 1798 898 1830 du-

235 1844 404 1878 rissimum
447 1849 508 1877 est.
583 1845 747 1877 Videntur
786 1847 898 1877 autem

234 1891 299 1925 hoc
324 1891 447 1936 potiuS‚
468 1901 570 1942 quam
591 1890 646 1923 illo
671 1890 768 1923 modo
793 1891 898 1922 inter-

234 1937 364 1982 pretati
389 1948 446 1970 ese
470 1936 514 1976 ii.
547 1936 605 1980 qui
628 1937 809 1980 genuinum
834 1947 898 1979 pu-

235 1987 370 2024 ta1·‚ent
401 1982 624 2032 respicientes
667 1982 814 2014 fortasse
853 1981 896 2014 ad

235 2029 331 2074 prius
344 2029 425 2062 illud
437 2032 499 2062 οἱα
517 2034 596 2061 ante
617 2024 759 2071 ἀγαθά
779 2039 897 2072 quam—

234 2087 334 2120 quam
359 2087 401 2108 ne
434 2075 470 2108 id
494 2074 626 2119 quidem
660 2074 794 2106 videtur
818 2085 897 2118 par-

234 2125 287 2154 tes
312 2121 384 2154 eius
408 2121 479 2161 rei,
502 2132 572 2165 qua
595 2120 670 2164 quis
694 2121 811 2160 utitur,
836 2119 897 2152 sed

236 2166 332 2220 ipsas
364 2179 419 2200 res
452 2166 661 2221 singulares,
705 2166 739 2199 in
773 2177 898 2209 genere

233 2214 320 2254 eim,
344 2225 410 2258 quo
435 2213 542 2246 utitur
567 2206 615 2258 (ῳ
632 2212 782 2255 χρῆται)
807 2223 898 2245 com-

235 2260 422 2304 prehensas
455 2259 661 2301 significare.
716 2259 805 2301 (was
831 2260 897 2300 szZr

233 2307 458 2349 Exemplar&
485 2305 710 2344 Ιηάίυἱᾱιιεη,
743 2316 807 2338 aus
835 2304 898 2337 der

235 2354 301 2385 Art
327 2363 393 2384 oon
412 2352 563 2395 Dingen,
588 2352 651 2384 mit
677 2351 738 2383 der
760 2363 798 2384 er
819 2362 897 2383 ver—

234 2399 352 2437 kehrt‚
359 2403 436 2442 gut
459 2399 542 2431 oder
567 2398 717 2430 schlecht
739 2400 803 2440 fiir
830 2397 897 2430 den

233 2445 414 2478 Gebrauch
440 2455 506 2476 von
529 2445 598 2476 ihm
624 2445 787 2501 gemacnt
809 2454 896 2475 wer—-

230 2491 339 2544 ἄση..)
381 2489 546 2523 Similiter
576 2490 630 2523 hic
664 2487 702 2523 οἳ
732 2501 797 2534 pro
821 2486 897 2522 οἶοι

231 2536 341 2580 accipi
364 2541 500 2579 potest,
527 2541 565 2569 nt
588 2535 731 2569 V01.11.
756 2548 790 2580 p.
815 2536 896 2576 139,

234 2583 266 2616 b.
295 2583 372 2622 172,
393 2593 425 2614 a.

279 2625 333 2662 ὑπ
334 2636 512 2671 ηρετωσιν
522 2624 574 2670 ἐν]
595 2623 806 2670 ὑπηρετῶσι
817 2627 896 2659 Par.

232 2674 276 2708 K.
301 2686 369 2708 sec..
394 2672 468 2717 Bip.
489 2673 685 2715 (Bekkerus
704 2678 836 2707 tantum
857 2668 896 2705 ἐν

233 2721 266 2754 in
290 2732 330 2754 eo
355 2718 512 2753 omissum
535 2719 661 2761 docet.)

279 2765 344 2800 καὶ
355 2762 543 2821 ἐπιτάξει]
571 2765 775 2809 ordinatque
791 2763 864 2797 Fic.

283 2808 327 2856 6]
351 2808 372 2846 ὃ
400 2811 497 2845 Vind.
516 2811 558 2844 Ε.

151 660 220 695 602
245 657 424 703 ἀκούειν
466 660 588 717 παρὰ
635 664 718 704 τοῦ
774 660 965 712 εἰδότος,
1015 658 1039 704 ὁ
1087 661 1134 705 δὲ
1187 660 1410 717 χρώμενος
1455 661 1625 718 ἐπιστή-

1005 781 1242 845 νπηρετήσει]
1267 786 1323 820 Ita
1343 787 1457 829 iidem,
1486 787 1543 832 qui
1564 799 1623 820 5ιι-

960 843 1023 876 pra
1048 831 1097 873 οἳ,
1123 836 1158 864 et
1182 833 1281 866 Vind.
1299 833 1343 865 F.
1367 833 1453 876 Ang.
1466 833 1507 867 Β.
1532 833 1622 867 Flor.

959 878 1001 911 R.
1029 874 1217 922 νπηρέτης
1246 875 1282 911 εἷ
1302 879 1388 913 Ven.
1411 879 1452 912 C.
1484 875 1623 922 υπηρέ-

959 936 1026 966 της
1054 937 1076 967 η
1106 924 1191 957 hob.
1226 925 1303 957 V.at
1331 925 1412 958 ΒΜ.
1436 921 1624 968 υπηρέτης

961 967 1007 1003 οὔ
1041 970 1135 1003 Μοιι.
1160 970 1201 1003 Β.
1233 970 1326 1003 Flor.
1352 970 1397 1005 U.
1438 971 1533 1015 (Par.
1558 971 1623 1014 K.)

960 1028 1034 1049 cum
1068 1016 1168 1049 editis
1210 1020 1290 1049 ante
1323 1017 1413 1049 Astii
1454 1028 1522 1050 sec.
1565 1017 1624 1060 (de

961 1062 1051 1095 Mon.
1078 1062 1120 1095 Β.
1153 1062 1233 1096 Par.
1255 1062 1332 1095 DK.
1359 1063 1544 1096 Bekkerus
1568 1070 1621 1097 ta-

960 1112 1043 1150 cet)
1076 1109 1252 1141 ministrat
1276 1108 1352 1142 Fic.
1383 1109 1623 1151 „scribendum

958 1155 1093 1187 videtur
1116 1154 1170 1187 vel
1195 1150 1215 1188 6
1243 1151 1280 1188 δ’
1301 1150 1536 1208 νπηρετήσει,
1557 1155 1622 1197 vel,

961 1196 1034 1234 ὁδ’
1054 1196 1254 1254 υπηρέτης
1281 1196 1520 1253 02’1';“Steph.
1532 1202 1621 1235 ἰιιιιι.

962 1242 1028 1280 ὁδ’
1041 1242 1253 1301 ὑπηρέτης.
1261 1242 1331 1286 οὔ,
1352 1248 1622 1303 aequeineptum

958 1297 1012 1326 est
1035 1297 1139 1336 atque
1167 1289 1187 1326 6
1216 1289 1254 1325 δ’
1280 1289 1470 1336 υπηρέτης
1494 1292 1554 1328 οὔ.

1005 1337 1095 1376 Πῶς
1117 1335 1156 1371 δ’
1181 1334 1226 1371 οὔ
1237 1338 1262 1380 ,·]
1292 1350 1357 1371 om.
1377 1339 1451 1371 Ast.
1476 1351 1529 1383 pr.

1005 1378 1217 1428 ἐξαγγέλλει]
1238 1382 1420 1427 ἐξαγγελεῖ
1431 1385 1622 1428 Bekkerus‚

958 1430 1076 1464 Astius
1101 1430 1135 1463 in
1158 1434 1238 1463 tert.
1263 1434 1298 1463 et
1323 1430 1574 1465 Stallbaumius.

1002 1473 1161 1519 ποιήσει]
1189 1477 1295 1520 efficit
1313 1476 1388 1509 Fic.

1003 1522 1141 1565 πίστιν]
1167 1521 1301 1565 πίστην
1326 1521 1426 1556 Vind.
1451 1522 1495 1556 E.

1005 1565 1089 1611 ἕξει]
1115 1569 1218 1601 habet
1237 1569 1310 1602 Fic.

1001 1613 1086 1657 περὶ
1104 1611 1287 1658 κάλλους]
1310 1625 1427 1657 περικ.
1453 1614 1553 1650 Vind.
1576 1615 1621 1649 E.

1001 1658 1135 1703 ξυνών]
1163 1660 1285 1701 ξυνών
1312 1660 1412 1693 idem.

1001 1704 1132 1750 παρὰ]
1163 1705 1248 1751 περὶ
1280 1708 1362 1741 Bas.
1388 1718 1420 1740 a.
1452 1717 1495 1740 ex
1519 1708 1688 1744 com-602

955 1752 1076 1797 pendio
1101 1753 1255 1786 Aldinae.

999 1798 1068 1832 τοῦ
1097 1796 1263 1842 εἰδότος]
1293 1798 1361 1831 τοῦ
1390 1796 1439 1841 μὴ
1475 1795 1620 1838 εἰδότος

955 1850 1035 1877 ante
1060 1856 1149 1878 corr.
1176 1845 1275 1879 Vind.
1301 1845 1341 1879 B.
1367 1844 1460 1878 Mon.
1487 1845 1528 1878 C.

1003 1886 1022 1923 6
1052 1887 1091 1924 δὲ
1125 1910 1167 1915 -
1200 1888 1310 1924 Ποὶνυ
1342 1891 1407 1933 γε.]
1432 1902 1498 1923 om.
1532 1890 1617 1924 Lob.

954 1936 1033 1970 Vat.
1064 1936 1113 1970 Μ.
1144 1955 1189 1961 -
1233 1937 1316 1969 Post
1351 1934 1552 1980 ἐπιστήμην
1583 1936 1617 1969 in

952 1983 1034 2016 Bas.
1060 1983 1114 2015 ab.
1139 1982 1268 2026 signum
1294 1985 1348 2014 est
1369 1981 1616 2035 interrogandi.

1001 2025 1110 2061 Πανυ
1136 2039 1184 2070 γε.
1213 2047 1260 2052 -
1297 2025 1520 2071 ἐπιστήμην]
1551 2039 1617 2061 om.

952 2075 1032 2108 V.at
1057 2074 1097 2106 Β.
1130 2075 1214 2108 Ven.
1240 2074 1281 2107 C.
1314 2073 1393 2107 Par.
1419 2074 1494 2108 DK.
1529 2069 1549 2107 6
1577 2071 1617 2107 δε

951 2117 1110 2175 μιμητὴς
1133 2116 1334 2174 ἐπιστήμην
1359 2119 1444 2152 Lob.
1470 2121 1550 2153 Vat.
1568 2120 1617 2154 Μ.

952 2166 1036 2208 ναί,
1058 2163 1142 2208 ε’φη.
1176 2162 1195 2199 6
1228 2163 1266 2198 δε
1292 2162 1448 2208 γράφων
1473 2162 1618 2220 επιστή-

952 2223 1026 2255 μην
1050 2223 1166 2254 margo
1191 2211 1272 2246 Vat.
1296 2212 1336 2244 Β.
1365 2211 1449 2245 Ven.
1468 2212 1508 2245 C.
1536 2208 1556 2245 6
1576 2210 1617 2245 δὲ

954 2258 1024 2301 ζωγ
1027 2269 1148 2301 ραφος
1156 2255 1296 2301 πότερα
1313 2255 1515 2301 ἐπιστήμην
1525 2258 1617 2292 Μοιι.

954 2304 993 2336 Β.
1015 2304 1106 2348 quod
1123 2304 1392 2347 supplementum
1404 2315 1465 2348 per
1479 2315 1516 2337 se
1529 2304 1618 2337 haud

953 2349 1062 2383 minus
1086 2350 1263 2394 probabile
1296 2353 1368 2391 est,
1402 2361 1503 2394 quam
1527 2350 1617 2394 quod

953 2395 1028 2430 Vol.
1050 2396 1078 2428 I.
1103 2408 1136 2440 p.
1157 2397 1213 2430 51.
1247 2396 1402 2439 recipere
1432 2407 1474 2428 ex
1499 2396 1617 2429 eodem

954 2441 1069 2474 codice
1103 2441 1214 2475 eoacti
1245 2453 1371 2476 sumus.
1425 2441 1500 2476 Hoc
1533 2453 1615 2475 vero

953 2487 1026 2520 loco
1050 2487 1204 2521 feliciore
1228 2499 1309 2521 casu
1339 2498 1422 2521 vera
1446 2488 1617 2532 scriptura.

953 2533 987 2567 in
1010 2537 1109 2576 parte
1133 2533 1284 2567 codicum
1307 2539 1447 2567 servata
1471 2537 1534 2567 est.

999 2576 1083 2624 ἕξει]
1108 2579 1164 2612 Ita
1188 2579 1282 2615 Mon.
1304 2581 1346 2614 B.
1373 2592 1394 2613 a
1416 2591 1459 2612 m.
1485 2591 1512 2613 5.
1539 2591 1615 2613 cor-

952 2629 1077 2659 rectus.

1001 2664 1075 2714 αἷν]
1112 2669 1197 2713 περὶ
1228 2664 1281 2704 ὦν
1314 2671 1402 2705 Lol).
1435 2671 1533 2704 Vind.
1569 2671 1612 2705 F.

954 2717 1046 2751 Mon.
1070 2718 1111 2750 B.
1146 2718 1224 2751 Vat.
1248 2717 1326 2750 ΒΜ.
1358 2718 1442 2751 Ven.
1468 2717 1508 2750 C.
1532 2718 1612 2752 Par.

954 2763 1029 2797 DK.
1054 2765 1139 2806 Aug.
1169 2764 1206 2797 Β.
1234 2763 1325 2796 Flor.
1351 2763 1392 2796 R.
1416 2764 1495 2797 Bas.
1523 2764 1555 2796 b.

998 2807 1144 2854 γράφῃ]
1180 2807 1320 2852 γράφοι
1351 2809 1434 2843 Ven.
1471 2810 1508 2843 B.
1574 2809 1612 2842 In
