1764 3176
301 73 356 112 το
695 52 1214 112 ῬιΑΤοΝΙε

297 183 432 223 τεῖσαι
472 180 547 235 δὴ,
589 177 733 235 οἶμαι,
772 181 1014 238 κατέλαβον
1051 182 1131 238 τὴν
1171 184 1251 225 τοῦ
1289 179 1396 224 νέου
1434 182 1512 236 τῆς
1538 181 1677 235 ψυχῆς

298 245 562 300 ἀκρόπολιν,
602 248 864 304 αἰσθόμεναι
904 250 1036 307 κενήν
1079 240 1352 305 μαθήμάτων
1386 263 1432 291 τε
1469 247 1543 291 καὶ
1591 247 1678 291 ἐπι-

297 312 576 370 τηδευμάτων
614 319 763 359 καλῶν
801 318 874 361 καὶ
912 317 1054 374 λόγων
1096 315 1297 374 ἀληθῶν,
1335 318 1380 359 οἳ
1419 314 1473 372 δή
1505 313 1680 370 ἄριστοι

238 383 269 425 C
300 384 493 437 φρουροί
521 398 566 425 τε
594 384 668 427 καὶ
698 384 891 440 φύλακες
921 385 967 429 ἐν
1004 384 1182 441 ἀνδρῶν
1217 386 1444 440 θεοφιλῶν
1474 384 1554 427 εἰσὶ
1585 385 1677 426 δια-

296 451 449 501 νοίαις.
508 451 597 494 Καὶ
624 452 741 496 πολύ
769 452 828 508 γ’,
867 453 963 510 ἔφη.
1036 456 1219 504 Ψευδεῖς
1257 451 1309 508 δὴ
1351 451 1427 494 καὶ
1464 445 1701 504 ἀλαζόνες(

299 516 445 573 οἶμαι,
482 517 608 576 λόγοι
646 536 691 563 τε
728 521 801 564 καὶ
839 520 962 574 δόξαι
1002 520 1101 565 ἄντ’
1141 521 1317 565 ἐκείνων
1349 516 1678 575 ἀναδραμόντες

297 585 507 641 κατέσχον
541 587 620 631 τόν
651 585 788 632 αὐτὸν
826 588 966 632 τόπον
1003 592 1088 633 τοῦ
1116 588 1336 633 τοιούτου.
1397 585 1590 643 Σφόδρα
1617 583 1679 643 γ’,

297 650 393 708 ἔφη.
423 648 508 708 Ἆρ’
547 649 630 697 οὖν
670 654 724 698 οὐ
752 654 887 699 πάλιν
923 673 967 700 τε
1007 659 1066 709 εἰς
1106 658 1303 707 ἐκείνους
1329 654 1436 707 τούς
1466 653 1678 711 Λωτοφά·

295 736 403 775 γους
441 720 585 765 ἐλθών
623 727 828 777 φανερῶς
865 731 1080 778 κατοικεῖ,
1131 726 1204 768 καὶ
1244 724 1320 767 έοὶν
1358 721 1464 779 παρ’
1505 723 1680 766 οἰκείων

296 804 360 838 τις
388 788 574 845 βοήθεια
613 794 675 848 τῷ
715 793 917 850 φειδωλῷ
955 791 1098 839 αὐτοῦ
1131 797 1205 848 τῆς
1243 795 1383 848 ψυχῆς
1427 789 1678 846 ἀφικνῆται,

295 855 532 911 κλῄσαντες
562 858 606 900 οἰ
635 857 840 912 ἀλαζόνες
881 859 1008 916 λόγοι
1037 862 1195 905 ἐκεῖνοι
1234 860 1311 911 τὰς
1339 862 1421 901 τοῦ
1451 860 1681 914 βασιλικοῦ

295 924 460 978 τείχους
490 923 539 967 έν
569 924 688 985 αὐτῷ
717 927 859 979 πύλας
892 929 992 973 οὔτε
1033 928 1171 986 αὐτήν
1209 927 1289 984 τὴν
1327 926 1571 982 ξυμμαχίαν
1599 940 1678 968 πα-

225 995 263 1036 D
295 996 443 1046 ριᾶσιν
473 992 573 1037 οὕτε
599 994 799 1051 πρέσβεις
826 997 1132 1054 πρεσβυτέρων
1161 996 1321 1052 λόγους
1337 997 1524 1039 ἰδιωτῶν
1546 992 1678 1037 εἰσδέ-

340 1150 408 1196 δὴ]
436 1150 475 1186 δὲ
501 1152 579 1187 Par.
595 1154 671 1189 DK.
696 1156 840 1191 Mon.B.
860 1157 954 1190 Flor.

293 1198 338 1232 U.
380 1198 454 1232 Ald.
497 1200 577 1233 Bas.
620 1202 677 1235 ab.
722 1203 844 1247 Steph.
879 1204 953 1236 Ast.

294 1244 416 1277 Stallb.
442 1256 511 1279 sec.
538 1258 604 1281 om.
626 1247 702 1282 Fic.
727 1246 772 1292 δὴ
802 1260 869 1282 non
893 1249 956 1283 ali-

294 1294 347 1323 ter
377 1290 410 1325 h.
443 1291 463 1324 l.
499 1303 600 1335 quam
644 1293 757 1338 paullo
800 1298 880 1340 post
913 1296 954 1328 C.

299 1336 455 1376 Ψευδεῖς
487 1335 534 1381 δὴ
575 1344 639 1372 etc.
681 1340 954 1386 consequentiam

292 1393 405 1416 rerum
440 1383 578 1418 indicat.

293 1428 761 1511 Ετῖἱῗνέἧὲιτὴνῖζτῆς
788 1438 830 1476 ψ.
859 1431 956 1467 vind.

327 1499 578 1567 ‘aloffciusilanj
587 1488 833 1567 οὲἶσθόμενος
857 1524 957 1559 Vind.

293 1564 336 1599 E.
359 1570 632 1610 praesentientes
662 1570 736 1604 Fic.

339 1626 402 1669 τε]
427 1637 492 1658 om.
519 1625 615 1660 Flor.
636 1626 681 1660 T.

338 1682 484 1727 καλῶν]
510 1694 576 1717 om.
616 1683 695 1717 Par.
730 1683 774 1716 K.

340 1735 519 1785 ἀληθῶν]
546 1736 740 1784 ἀληθινῶν
767 1740 854 1774 Lob.
882 1741 959 1775 Vat.

295 1784 411 1874 Μδὴ]
437 1827 476 1864 δὲ
501 1831 587 1876 Aug.
607 1832 648 1865 B.
674 1831 767 1867 Flor.
787 1832 863 1865 RT.

232 1884 264 1926 G
339 1887 554 1932 θεοφιλῶν]
580 1900 646 1922 om.
673 1888 761 1924 Lob.
787 1889 886 1924 Vind.
915 1890 955 1923 F.

294 1932 387 1967 Mon.
423 1934 463 1967 B.
481 1934 561 1968 Vat.
587 1934 665 1968 ΒΜ.
690 1936 776 1969 Ven.
811 1935 851 1970 C.
876 1936 955 1970 Par.

294 1979 371 2022 ΒΚ.
394 1979 480 2024 Ang.
506 1980 546 2013 B.
572 1980 665 2013 Flor.
691 1981 735 2014 U.

339 2033 436 2070 πολύ
460 2033 520 2082 γ’]
548 2035 688 2077 πολλὰς
712 2048 750 2081 γε
774 2037 871 2071 Vind.
892 2038 934 2074 E.

341 2081 412 2127 δὴ]
452 2080 491 2116 δὲ
528 2084 621 2117 Mon.
647 2085 688 2118 B.
716 2084 794 2118 Par.
820 2084 863 2117 K.
889 2096 958 2119 sec.

295 2129 404 2162 Bekk.
433 2129 524 2163 Flor.
549 2130 594 2165 U.

342 2172 544 2220 ἀλαζόνες]
586 2176 755 2221 superbae
791 2177 958 2219 petulan-

293 2226 410 2265 tesque
439 2222 630 2266 (rationes)
658 2221 732 2255 Fic.
757 2222 839 2256 item
863 2222 958 2266 paul-

295 2266 439 2357 10720135.
461 2268 533 2324 „3⁸9
548 2280 590 2349 ἔς
617 2267 753 2347 XolFH.
778 2280 812 2313 p.
833 2270 912 2310 160,
925 2270 957 2302 b.

372 2325 391 2355 ρ
454 2325 500 2357 αρ
580 2326 614 2348 m
640 2339 648 2348 .
705 2339 714 2347 .

341 2359 400 2402 τε]
427 2372 491 2392 om.
517 2360 614 2394 Flor.
638 2361 684 2395 Τ.

343 2406 537 2450 φανερῶς]
563 2418 629 2440 om.
655 2405 755 2439 Vind.
777 2405 819 2439 E.

342 2453 537 2495 κατοικεῖ,]
569 2452 674 2486 Aldus
706 2452 832 2486 nullam
854 2451 957 2485 inter-

296 2497 532 2540 punctionem,
555 2498 676 2544 reliqui
701 2499 832 2543 signum
851 2498 958 2531 inter-

297 2543 440 2586 rogandi
485 2544 631 2586 habent,
684 2545 773 2589 quod
820 2548 960 2589 propter

296 2588 499 2632 particulam
542 2601 579 2623 τε
622 2597 700 2634 post
742 2588 854 2624 πάλιν
893 2602 959 2623 non

298 2635 361 2667 hoc
384 2635 479 2676 loco,
503 2636 564 2669 sed
590 2636 623 2669 in
644 2637 711 2670 fine
730 2636 861 2680 periodi
880 2640 957 2681 post

297 2677 507 2724 ἐπιθυμιῶν
547 2683 736 2726 ponendum
769 2683 855 2724 fuit,
899 2681 957 2716 ubi

296 2726 417 2760 iterum
442 2727 667 2789 positum'est
691 2728 726 2763 in
750 2730 830 2763 Bas.
856 2728 910 2762 ab.

1058 1157 1137 1201 τις]
1163 1156 1219 1195 τίς
1244 1154 1343 1188 Vind.
1361 1155 1402 1188 B.
1427 1153 1522 1188 Mon.
1544 1153 1585 1189 B.

1058 1211 1204 1258 αὐτοῦ]
1240 1210 1357 1256 αὐτῆς
1385 1212 1471 1246 Lob.
1492 1212 1574 1247 Vat.
1598 1211 1678 1245 ΒΜ.

1060 1268 1285 1315 ἀφικνῆται]
1324 1267 1537 1313 ἀφικνεῖται
1577 1268 1677 1303 Vind.

1012 1317 1084 1350 BF.
1115 1314 1312 1360 ἀφικνοῖτο
1338 1317 1424 1350 Lob.
1449 1317 1530 1350 Vat.
1552 1315 1592 1350 Β.

1060 1371 1284 1418 κλῄσαντες]
1311 1373 1366 1406 Ita
1391 1373 1472 1406 Par.
1495 1372 1537 1405 A.
1561 1369 1678 1415 (κλήι-

1016 1422 1160 1464 σαντες)
1184 1418 1407 1458 κολάσαντες
1431 1419 1509 1451 Par.
1522 1417 1567 1451 K.
1586 1417 1679 1451 κλεί-

1017 1476 1145 1506 σαντες
1177 1466 1300 1512 reliqui
1333 1470 1368 1498 et
1402 1464 1477 1498 Ald.
1512 1464 1595 1497 Bas.
1621 1464 1677 1497 ab.

1016 1513 1134 1557 steph.
1171 1516 1240 1546 Ast.
1273 1511 1395 1545 Stallb.
1427 1521 1480 1555 pr.
1505 1509 1679 1554 Optimum

1016 1559 1167 1592 codicem
1190 1558 1347 1603 quamvis
1367 1557 1474 1590 solum
1498 1567 1572 1588 cum
1587 1555 1678 1588 Bek-

1016 1605 1099 1638 kero
1131 1610 1167 1637 et
1190 1603 1412 1638 Stalibaumio
1447 1602 1481 1634 in
1506 1613 1574 1634 sec.
1599 1612 1679 1645 pro-

1016 1654 1137 1695 pterea
1167 1649 1373 1695 sequendum
1405 1646 1546 1693 putavi,
1587 1646 1680 1692 quod

1014 1695 1160 1729 Phaedr.
1196 1707 1230 1740 p.
1253 1697 1332 1731 251.
1361 1695 1400 1728 D.
1436 1693 1610 1726 meliorum
1643 1699 1680 1726 et

1015 1741 1160 1785 plurium
1200 1742 1361 1775 librorum
1405 1735 1679 1784 ἄποκεκλῃμένη

1015 1798 1078 1831 pro
1113 1783 1417 1829 α’ποκεκλεισμένη
1451 1784 1679 1818 exhibentium

1015 1833 1202 1867 auctoritas
1247 1833 1422 1866 Platonem
1469 1842 1510 1864 ea
1555 1832 1678 1872 forma,

1015 1890 1115 1923 quam
1145 1878 1356 1922 grammatici
1390 1877 1552 1920 (photius
1580 1876 1677 1911 Pers.

1014 1935 1048 1968 p.
1074 1926 1151 1959 145.
1175 1925 1269 1969 Lips.
1293 1924 1439 1967 κλῆισαι
1465 1921 1501 1955 οἱ
1529 1919 1679 1965 ἀρχαῖοι

1013 1967 1203 2014 λέγουσιν,
1237 1967 1282 2004 ov'
1304 1971 1464 2003 κλεῖσαι·
1489 1966 1553 2001 καὶ
1579 1968 1679 2011 κλῆι·

1017 2015 1077 2050 δα.
1121 2012 1220 2050 οὕτω
1253 2014 1316 2050 καὶ
1350 2014 1385 2049 οἱ
1413 2013 1581 2057 τραγικοὶ
1613 2012 1678 2047 καὶ

1019 2062 1283 2106 Θονκυδίδης.)
1293 2061 1466 2096 veteribus
1478 2059 1602 2094 Atticis
1616 2060 1677 2093 tri—

1015 2109 1135 2149 buunt,
1159 2120 1225 2141 non
1249 2108 1367 2152 magis,
1387 2118 1487 2152 quam
1505 2105 1629 2150 duplici
1656 2115 1677 2139 σ

1015 2155 1050 2188 in
1076 2152 1287 2198 θαλάσσης,
1321 2155 1364 2187 de
1386 2165 1453 2198 quo
1487 2164 1520 2185 v.
1546 2153 1622 2187 Vol.
1647 2151 1676 2185 I.

1015 2212 1050 2245 p.
1075 2202 1142 2242 21,
1167 2212 1198 2234 a.
1223 2211 1363 2245 prorsus
1387 2198 1591 2233 abstinuisse
1614 2198 1676 2232 do-

1016 2252 1082 2281 cet.
1130 2247 1200 2280 Sed
1224 2247 1363 2290 Protag.
1389 2257 1420 2290 p.
1437 2244 1515 2281 314.
1535 2245 1576 2278 D.
1603 2244 1676 2278 vul-

1014 2298 1130 2337 gatum
1162 2290 1449 2336 ἐγκεκλεισμένης
1473 2290 1528 2324 vel
1557 2296 1676 2324 tenen-

1015 2339 1093 2372 dum
1116 2339 1171 2371 vel
1194 2338 1376 2372 secundum
1400 2337 1517 2371 Clark.
1542 2342 1578 2371 et
1594 2337 1675 2372 Vat.

1015 2385 1055 2418 Β.
1081 2385 1116 2418 in
1141 2381 1430 2428 ἐγκεκλειμένης,
1461 2383 1551 2427 quod
1580 2383 1676 2416 Tho-

1015 2443 1086 2464 mas
1110 2431 1204 2475 Mag.
1232 2443 1266 2475 p.
1292 2432 1370 2465 521.
1405 2435 1441 2462 et
1463 2428 1676 2462 Theodosius

1015 2477 1124 2510 Bekk.
1149 2478 1266 2510 anecd.
1302 2489 1335 2522 p.
1364 2478 1473 2515 1020,
1496 2476 1553 2509 26.
1584 2485 1676 2508 com-

1016 2523 1196 2565 mendant,
1237 2535 1302 2556 non
1335 2533 1410 2555 cum
1449 2521 1607 2554 Bekkero
1640 2520 1674 2553 in

1016 2565 1272 2614 ἐγκεκλῃμένης
1296 2567 1489 2601 mutandum
1517 2577 1650 2600 censeo.

1062 2623 1258 2671 ἀλαζόνες]
1293 2623 1491 2668 ἁλαζόναις
1513 2623 1606 2658 Μοη.
1633 2623 1673 2656 Β.

1015 2684 1035 2706 a
1066 2684 1106 2706 m.
1150 2684 1176 2707 r.

1062 2685 1189 2775 λόγξι]
1220 2741 1284 2765 om.
1313 2730 1397 2765 Lob.
1422 2729 1502 2763 Vat-
1526 2725 1604 2760 ΒΜ.
