1764 3176
518 148 843 191 CIVITAS
891 149 1012 191 LIB.

1045 149 1180 192 VIIII.
1212 152 1278 189 574
1467 130 1470 132 ’
1502 155 1583 193 119

205 260 307 312 τούς
349 257 389 303 δ’
424 258 566 315 ὥσπερ
606 258 706 308 ὑπὸἶ
725 259 919 314 κέντρων
959 259 1279 317 ἐλαυνομένους
1312 265 1400 304 τῶν
1428 277 1473 304 τε
1505 261 1581 304 ἄλ·

203 333 291 371 λων
319 326 565 384 ἐπιθυμιῶν
593 330 666 372 καὶ
698 327 997 383 διαφερόντως
1027 326 1106 371 ὑπ’
1138 328 1277 372 αὐτοῦ
1302 333 1382 373 τοῦ
1410 329 1581 383 ἔρωτος,

201 395 358 447 πάσαις
395 401 489 447 ταῖς
527 394 676 447 ἄλλαις
718 395 861 449 ὥσπερ
904 393 1177 451 δορυφόροις
1217 395 1483 452 ἡγουμένου,
1513 398 1580 439 οἰ-

199 468 333 522 στρᾷν
362 464 436 507 καὶ
465 468 669 514 σκοπεῖν,
710 465 773 514 τίς
812 479 853 506 τι
886 461 992 518 ἔχει,
1029 461 1084 506 δν
1117 463 1311 507 δυνατόν
1339 463 1580 519 ἀφελέσθαι

197 531 479 589 ἀπατήσαντα
523 530 564 596 ἢ
589 530 878 586 βιασάμενον,
919 529 1112 585 Σφόδρα
1151 529 1194 586 γ’
1208 563 1219 581 .
1258 532 1352 588 ἔφη

188 604 326 644 ,καῖον
366 601 419 656 δή
451 599 730 653 πανταχόθεν
769 599 945 654 φέρειν,

730 666 1000 721 Ἀναγκαῖον.

196 664 377 717 ὀδύναις
407 667 672 723 ξυνέχεσθαι.

982 597 1011 655 ἦ
1039 599 1245 654 μεγάλαις
1275 597 1402 642 ωδισί
1430 616 1474 643 τε
1507 601 1580 644 καὶ

1050 661 1146 747 ⁷AQ’
1181 668 1263 709 οὐν
1293 666 1433 721 ὥσπερ
1465 669 1510 711 αἱ
1533 668 1579 710 ἐν

195 731 312 791 αὐτῷ
350 732 508 790 ἡδοναὶ
553 735 880 790 ἐπιγιγνόμεναι
920 738 1009 778 τῶν
1047 733 1242 791 ἀρχαίων
1288 733 1421 779 πλέον
1465 734 1580 792 εἶχον

239 876 288 926 ἆρ
295 880 325 927 ’]
351 884 405 917 Ita
429 885 624 919 Lob.Vind.
643 884 854 927 BEF.A11g

190 929 230 962 B.
255 929 328 964 Pal.
338 930 378 963 A.
405 931 482 964 Vat.
503 931 547 964 H.
572 931 669 965 Flor.
681 931 852 964 ACRTV.

190 975 312 1009 Stanb.
349 972 424 1019 ἄρα
456 977 531 1010 Ald.
565 977 644 1010 Bas.
682 977 736 1010 ab.
778 976 853 1020 ἀρα

189 1021 282 1055 Mon.
292 1022 332 1054 Β.
358 1022 472 1066 (Flor.
486 1024 529 1057 U.
555 1023 632 1056 Par.
645 1023 709 1066 K.)
730 1023 850 1068 steph.

187 1067 261 1101 Ast.
285 1068 394 1101 Bekk.

236 1110 376 1157 ανάγκην
401 1111 442 1156 μὲ
448 1126 466 1147 ν
489 1111 580 1157 τὰς]
621 1111 655 1147 εὶ.
694 1112 762 1153 τὰς
784 1112 852 1156 μὲν

186 1158 279 1193 Mon.
301 1161 341 1194 B.
362 1161 451 1194 blor.
465 1160 510 1195 U.
524 1160 715 1201 Bekkerus,
734 1161 851 1194 Astius

185 1203 220 1237 in
253 1209 334 1240 tert.
369 1211 404 1238 et
427 1206 680 1239 Stailbaumius.
730 1207 850 1248 Recte,

184 1249 215 1283 si
239 1251 443 1296 cupiditates
467 1252 551 1296 ipsis
576 1252 700 1296 opponi
725 1253 850 1285 statui-

182 1307 267 1331 mus.
314 1297 386 1330 Sed
410 1297 489 1330 nihil
513 1298 667 1350 impedit,
694 1310 761 1342 quo
786 1298 849 1330 mi-

182 1353 245 1375 nus
269 1342 412 1376 alteram
434 1344 672 1376 necessitatem
696 1344 846 1388 undique

179 1388 339 1432 rapiendi
361 1392 423 1423 aut
446 1401 586 1433 magnos
609 1389 744 1423 dolores
763 1401 846 1434 per-

178 1434 352 1479 petiendi,
377 1447 473 1488 ‘quae
495 1441 616 1491 postea
648 1436 736 1469 hanc
761 1448 843 1469 con-

178 1481 275 1525 sequi
294 1480 466 1525 particula
475 1478 521 1525 δη
535 1481 759 1525 significatur,
776 1482 844 1516 iam

176 1526 234 1560 hic
281 1527 441 1571 scriptori
482 1529 699 1561 obversatam
740 1532 845 1573 atque

177 1572 266 1606 hanc
297 1572 350 1606 ini
383 1573 484 1606 alteri
518 1574 726 1630 oppositam
743 1582 843 1629 pute-

177 1629 262 1652 mus.
310 1619 453 1653 Accedit
476 1620 587 1664 quod,
622 1619 651 1653 si
683 1617 754 1660 τὰς
776 1631 843 1663 μεν

176 1661 386 1720 ε’πνθυμίας
409 1665 620 1721 scripsisset,
653 1678 718 1699 non
752 1664 843 1706 τοὺς

177 1706 238 1751 δε,
258 1711 318 1745 sed
337 1707 478 1750 αὐτοὺς
497 1709 536 1745 δε
557 1712 708 1745 dicturus
734 1709 841 1746 fuisse

174 1755 319 1790 videtur.
376 1757 440 1791 Isti
474 1769 555 1791 vero
588 1758 740 1791 codicum
764 1759 842 1802 pani

175 1801 329 1856 plurimis
367 1803 556 1837 nominibus
592 1808 751 1847 suspecto
786 1804 840 1837 hic

174 1859 215 1881 eo
239 1848 348 1882 minus
383 1849 598 1883 tribuendum
629 1854 722 1890 erat,
748 1851 837 1894 quod

172 1894 286 1938 paullo
320 1900 400 1939 post
429 1895 594 1940 plmaleni
618 1896 837 1929 concinnitati

171 1939 303 1974 scilicet
326 1946 361 1974 et
383 1941 492 1986 ipsum
517 1941 756 1975 adversantem
774 1942 836 1975 soli

170 1997 237 2019 non
259 1986 422 2020 intactum
446 1987 666 2032 reliquerunt.

215 2032 332 2079 βοᾷν]
366 2033 408 2066 In
439 2033 531 2067 Mon.
555 2033 597 2066 Β.
632 2046 644 2067 ι
680 2045 701 2067 a
733 2045 776 2068 m.
805 2045 833 2068 s.

169 2067 397 2124 subscriptum
421 2085 487 2115 est.
517 2081 704 2124 vociferari
727 2086 834 2125 atque

168 2126 329 2180 conqueri
353 2125 426 2161 Fic.

205 2167 580 2224 εννενεοττευμένας]
607 2169 832 2206 ἐννενεοτευ-

166 2213 281 2258 μένας
303 2217 404 2251 Vind.
427 2218 470 2253 Ε.
495 2219 575 2253 Vat.
595 2219 639 2251 H.
666 2216 832 2252 ἐννενοτ-

166 2259 345 2304 τευμένας
367 2263 453 2297 Lob.
477 2264 558 2298 Vat.
584 2265 662 2297 ΒΜ.
687 2266 772 2300 Ven.
786 2266 828 2298 (3.

166 2306 246 2342 Par.
270 2308 313 2342 D.
344 2306 648 2363 ἔννενοτευμένας
671 2308 827 2344 Α1(1.ἐν-

165 2352 439 2409 νενοθευμένας
478 2357 557 2390 Bas.
590 2358 646 2390 ab.
686 2368 827 2390 εννεοτ-

164 2397 344 2442 τευμένας
367 2403 453 2437 Ven.
477 2403 519 2436 B.
553 2403 628 2437 Par.
654 2403 698 2436 K.
726 2403 825 2439 Vind.

164 2445 205 2479 F.
237 2447 324 2490 An.
350 2447 389 2480 B.
424 2448 516 2482 Flor.
541 2448 584 2483 R.
633 2449 686 2482 Ad
710 2461 825 2483 veram

162 2459 341 2525 lectionem
353 2494 582 2539 Stephanus
573 2507 606 2528 1n
625 2507 668 2529 m.
685 2496 748 2528 hoc
764 2497 823 2529 ad-

161 2537 318 2592 scripsit:
341 2539 398 2573 Ita
421 2541 610 2595 legendum
635 2553 702 2575 non
727 2539 823 2575 ἐννε

160 2581 400 2626 νοτευμένας,
436 2592 474 2620 ut
502 2588 536 2620 in
560 2588 636 2624 Ald.
669 2599 731 2631 pro
756 2600 822 2632 quo

160 2627 474 2686 ἐννενοθευμένας
508 2633 543 2666 in
580 2635 698 2666 Germ.
732 2634 823 2678 quod

160 2676 204 2709 ab
243 2676 301 2709 illa
344 2679 490 2721 genuina
532 2680 675 2713 lectione
715 2680 822 2724 magis

159 2721 261 2755 etiam
286 2728 341 2757 est
367 2729 568 2761 remotum“

203 2766 294 2808 τοὺς
348 2767 392 2804 δ’
464 2792 472 2794 >
523 2768 818 2814 ἐλαυνομένους]

156 2812 264 2850 τόνδ
291 2836 332 2841 -
366 2813 616 2861 ἐλαυνόμενον
650 2817 741 2851 Mon.
780 2818 817 2850 B.

916 885 967 917 ΕΧ
992 884 1087 918 Flor.
1115 884 1160 918 U.
1193 884 1436 919 Stallbaumius
1459 885 1494 918 in
1525 896 1576 929 pr

912 932 954 963 de
979 931 1121 964 articulo
1152 936 1269 964 tacens
1304 935 1435 965 tantum
1469 927 1577 965 ἐλαυ-

912 974 1082 1018 νόμενον,
1107 976 1142 1010 in
1168 988 1239 1011 sec.
1265 988 1347 1010 velo
1370 977 1504 1022 paritel
1523 981 1576 1010 at—

910 1033 977 1077 que
1001 1034 1042 1055 ex
1077 1023 1170 1056 Mon.
1193 1023 1233 1056 B.
1267 1034 1366 1077 quem
1398 1023 1575 1057 Bekkerus

910 1066 978 1102 τὸν
1008 1065 1047 1102 δ’
1073 1088 1118 1093 -
1142 1066 1390 1111 ἐλαυνόμενον
1415 1069 1574 1102 exhibere

909 1114 1055 1155 (ἣκει-,31
1080 1112 1148 1149 τὸν
1182 1112 1222 1149 δὲ
1250 1134 1296 1140 —-
1326 1112 1573 1158 ἐλαυνόμενον

908 1161 1113 1249 Υθῖριτίιξτος]
1130 1201 1295 1250 ’Ἑρωτος
1319 1206 1514 1251 Stephanus
1539 1210 1573 1240 et

905 1252 1137 1293 lecentiores3
1171 1253 1261 1296 quod
1295 1252 1394 1285 huius
1420 1252 1483 1285 loci
1508 1264 1572 1286 non

905 1298 1012 1354 magis
1049 1303 1122 1340 est,
1165 1310 1266 1343 quam
1297 1298 1386 1331 illius
1425 1310 1458 1343 p.
1492 1301 1570 1334 572.

904 1344 945 1377 Ε.
973 1356 1108 1398 ερωτα
1111 1324 1201 1377 9τινα
1226 1348 1261 1378 et
1285 1356 1317 1389 p.
1338 1345 1418 1379 572.
1440 1346 1478 1378 Α.
1503 1342 1570 1379 τὸν

901 1390 978 1424 τῶν
1002 1388 1186 1424 τοιούτων
1213 1388 1342 1434 §.pana

946 1444 1173 1491 ἡγουμένου]
1190 1448 1330 1480 Photius
1343 1447 1437 1480 Pors.
1459 1459 1490 1492 p.
1504 1448 1568 1503 523.

900 1489 1130 1537 ἡγουμένου·
1167 1494 1365 1532 Πολιτείας
1397 1491 1458 1527 θ’·
1493 1489 1568 1527 υπ’

901 1538 1024 1574 αὐτοῦ
1051 1540 1120 1574 τοῦ
1137 1535 1304 1582 ’Ἑρωτος
1327 1537 1465 1579 πάσαις
1486 1542 1568 1578 ταῖς

900 1584 1133 1629 δορυφόροις
1177 1583 1420 1641 ἡγουμένου·
1483 1583 1567 1618 οἷντὶ

898 1632 968 1666 τοῦ
1002 1643 1135 1666 πασων
1175 1629 1460 1676 προηγουμένου
1496 1632 1564 1666 τοῦ

889 1674 1063 1722 ”Ερωτος.

945 1724 1113 1780 οἰστρᾶν]
1144 1735 1208 1756 om.
1234 1723 1334 1758 Vind.
1359 1723 1402 1756 Ε.

942 1782 978 1803 τι
1003 1767 1089 1825 Qu]
1115 1769 1153 1803 τί
1176 1767 1253 1812 ε’χοι
1279 1769 1379 1805 Vind.
1407 1770 1445 1803 B.

944 1812 1002 1860 ὃν]
1031 1812 1052 1850 ὃ
1078 1815 1180 1851 Vind.
1208 1816 1251 1849 Ε.

941 1870 1191 1928 ἀπατήσαντα
1213 1875 1227 1917 ]

892 1918 995 1954 idem.
1020 1916 1294 1963 απαντήσαντα
1311 1919 1560 1954 Vi11d.ss.vat

891 1965 1272 2045 l{INL131012ACV.et
1295 1977 1316 1999 a
1338 1977 1382 2001 m.
1406 1977 1459 2011 pr.
1476 1968 1560 2002 Ven.

1301 1871 1443 1917 ἅπαιτή
1446 1883 1563 1908 σαντα

937 2055 1165 2102 βιασαμενον
1177 2058 1203 2101 3]
1228 2058 1283 2091 Ita
1303 2057 1389 2090 Lob.
1412 2057 1502 2092 Mon.
1515 2058 1556 2092 B.
1581 2072 1648 2106 574

890 2104 1006 2137 Astus
1038 2104 1071 2137 in
1096 2115 1165 2138 sec.
1199 2109 1235 2136 et
1267 2108 1348 2137 tert.
1374 2104 1556 2138 Bekkerus

889 2154 924 2182 et
936 2150 1195 2184 Stanbaumius.
1221 2147 1461 2195 βιασαμενον.
1480 2150 1557 2185 Ald.

886 2196 969 2231 Bas.
997 2197 1052 2229 ab.
1076 2196 1200 2241 Steph.
1223 2199 1298 2229 Ast.
1326 2206 1380 2240 pr.

934 2250 1042 2286 ω’δῖσι
1061 2272 1108 2277 -
1134 2250 1303 2296 ὀδύναις]
1331 2249 1487 2292 ὀδύναις
1511 2273 1551 2278 -

886 2296 996 2333 ω’δῖσι
1021 2299 1106 2333 Lob.
1132 2296 1368 2333 ω’δίσι-ὄδ,
1398 2299 1552 2334 Vind.E.

929 2344 1173 2389 ξυνέχεσθαι]
1200 2342 1441 2388 ξυνέχεσθαις
1461 2346 1553 2379 Bek-

882 2390 987 2424 kerus
1023 2396 1058 2424 et
1091 2391 1350 2425 Stallbaumius.
1397 2392 1567 2426 bitervo-⁷

882 2437 1029 2480 gationis
1061 2449 1124 2481 ego
1159 2437 1283 2471 nullum
1316 2437 1369 2471 hie
1393 2438 1551 2473 indicium

882 2484 1127 2517 animadverto.

922 2534 1003 2584 ’Ap'
1015 2542 1039 2595 ]
1055 2536 1122 2583 ἀρ’
1148 2540 1248 2575 Vind.
1259 2540 1302 2575 F.

929 2586 984 2630 αἱ]
1011 2598 1062 2625 ως
1086 2587 1165 2620 Par.
1190 2586 1236 2621 K.

926 2630 1061 2676 πλέον]
1090 2633 1143 2665 Ita
1175 2633 1255 2666 Par.
1280 2635 1321 2666 A.
1355 2632 1451 2667 Vind.
1477 2635 1546 2668 BF.

880 2680 966 2714 Ven.
1003 2679 1039 2711 Β.
1080 2680 1160 2712 Vat.
1193 2679 1237 2712 H.
1275 2679 1370 2713 Flor.
1405 2680 1545 2714 ACTV.

879 2726 1009 2758 πλεῖον
1052 2724 1173 2770 reliqui
1204 2737 1278 2759 cum
1319 2725 1421 2760 editis
1466 2734 1547 2760 ante

878 2771 1082 2805 Bekkerum.

926 2813 1040 2862 εἶχον]
1066 2814 1160 2861 ἔχειν
1189 2817 1269 2853 Vat.
1298 2818 1336 2851 Β.

1428 531 1578 588 Ἀναγ-
1602 545 1669 579 574
