1764 3176
612 187 1088 230 EDITORIS.
1387 203 1541 229 Lxxxv

150 307 275 347 multo
293 307 538 359 probabilius
559 307 622 346 sit.
694 298 1123 350 Ἀποκατοέστασιν
1146 306 1357 346 cuiuslibet
1374 308 1434 345 rei
1451 320 1538 346 mo-

148 405 215 440 tae
231 399 506 438 recursiouem
518 398 567 438 ad
586 411 708 437 unum
725 398 913 450 idemque
926 402 1117 450 punctum
1128 400 1367 451 significare.
1397 397 1538 438 Multi-

147 491 384 543 plicationes
405 491 524 543 igitur
542 493 626 529 tres
639 481 1055 537 ἀποκαταστάσεις
1069 490 1303 530 exhibentes
1316 491 1418 530 tales
1432 504 1538 538 esse,

148 596 252 634 quae
268 583 393 622 ternis
405 583 556 622 vicibus
578 581 628 620 ad
648 581 819 620 eundem
838 594 1047 620 numerum
1061 582 1302 633 productum
1320 574 1537 623 recurrant.

147 674 304 733 Id'vero
325 674 516 726 exemplis
537 673 786 725 probandum
814 675 911 712 erat.
985 672 1098 723 Quae
1118 686 1239 724 quum
1258 674 1384 723 aliter,
1421 689 1538 726 quam

148 766 483 818 quemadmodum
501 777 623 817 supra
640 764 691 803 de
710 763 856 803 Friesii
879 765 1114 804 commentis
1135 764 1342 817 disputans
1366 767 1538 814 ostendi,

147 848 543 900 ἀποκατάστασιν
578 856 722 894 dictam
760 869 854 895 esse
885 869 967 894 non
986 854 1182 905 doceant,
1217 857 1357 909 inepto
1381 858 1430 897 ad
1452 871 1538 898 rem

146 949 332 1002 pusillam
361 952 409 1004 ,et
437 949 569 987 multis
605 947 780 987 numeris
823 961 1076 987 communem
1103 950 1265 988 nomine
1298 949 1539 989 abstinuisse

144 1040 356 1080 Platonem
388 1041 593 1080 codicibus
627 1040 788 1091 optimis
817 1040 1080 1091 plurimisque
1115 1053 1196 1079 non
1217 1041 1383 1081 credere
1404 1046 1537 1081 teme-

144 1134 238 1172 rarii
261 1136 335 1172 est.
406 1131 549 1183 Neque
577 1132 824 1182 incognitum
858 1130 959 1170 adeo
987 1136 1072 1171 erat
1089 1133 1325 1171 vocabulum
1350 1130 1536 1176 α’ποκα-

144 1216 401 1273 coloratus,
438 1223 557 1263 etiam
589 1223 631 1262 in
657 1224 780 1263 sacris
802 1224 944 1262 litteris
967 1224 1148 1272 obvium,
1180 1228 1224 1262 ut
1254 1225 1389 1263 sciolis
1410 1238 1535 1277 augu-

145 1320 208 1356 sta
236 1317 429 1368 quaedam
459 1319 500 1355 et
528 1316 658 1368 ampla
696 1316 984 1367 aucupantibus
1016 1317 1057 1355 in
1084 1320 1260 1356 mentem
1288 1317 1424 1356 venire
1455 1330 1536 1356 non

142 1413 299 1462 posset.
371 1408 560 1460 Sequitur
587 1410 847 1449 terminorum
877 1409 1092 1448 declaratio
1121 1409 1397 1460 superioribus
1424 1409 1534 1447 simi—

142 1501 206 1550 lis,
240 1501 322 1540 hoc
343 1504 419 1550 est,
451 1490 687 1540 offensionis
709 1501 840 1553 plena.
902 1495 1066 1558 ‘'Opoc,
1101 1502 1240 1552 inquit,
1261 1505 1354 1539 sunt
1383 1502 1536 1539 numeri

142 1594 340 1637 rationem
385 1593 580 1644 quandam
624 1594 882 1641 terminantes
909 1592 1045 1644 (nobis
1076 1588 1279 1647 &Itebetfi
1323 1585 1536 1651 αὐξήσεις

141 1686 262 1737 igitur
291 1678 433 1743 ὅρους
460 1680 700 1740 λαβοῦσαι
735 1685 1086 1736 multiplicationes
1115 1688 1207 1722 sunt
1228 1697 1416 1723 numeros
1436 1697 1532 1735 pro--

142 1777 336 1817 ducentes
372 1776 486 1825 tales,
516 1777 583 1827 qui
615 1777 774 1815 termini
797 1778 874 1819 sint
895 1777 1094 1815 rationum
1115 1776 1369 1827 quarundam.
1424 1776 1533 1828 Ergo

143 1869 239 1909 dicit
266 1869 395 1916 Plato,
424 1868 670 1915 numeros'l,
700 1868 740 1917 2Ἰ
774 1869 812 1916 3,
842 1868 882 1916 -le,
914 1869 941 1906 6
972 1864 1068 1921 (per
1092 1860 1307 1924 αὐξήσεις
1329 1865 1532 1921 δυναμέ-

141 1967 230 2008 νας
257 1955 335 2002 καὶ
369 1956 780 2015 δυναστευομένας
808 1956 1025 2014 indicatos)
1056 1961 1109 1998 ita
1137 1960 1242 1998 inter
1271 1973 1315 1997 se
1343 1959 1532 2010 multipli-

141 2053 224 2092 cari
262 2064 410 2104 posse,
454 2054 498 2089 ut
534 2052 806 2103 producantur
843 2056 1011 2103 quatuor
1054 2053 1250 2090 rationum
1290 2051 1531 2102 quarundam

140 2145 311 2184 termini.
380 2143 541 2182 Indoles
577 2149 710 2182 autem
739 2145 1132 2196 multiplicationum,
1170 2143 1312 2194 quibus
1345 2143 1454 2183 hunc
1484 2143 1533 2182 ad

139 2238 263 2276 finem
304 2248 407 2287 opus
429 2237 517 2283 est,
556 2236 689 2274 verbis
718 2236 948 2288 designatur
982 2227 1286 2291 ὁμοιούντων
1314 2230 1391 2275 καὶ
1417 2228 1531 2276 civo-

140 2318 415 2384 μοιούντων
440 2322 516 2368 καὶ
539 2319 781 2376 αὐξόντων
801 2323 877 2369 καὶ
900 2319 1195 2385 φθινόντων.
1266 2323 1346 2364 Hic
1367 2327 1400 2364 si
1424 2326 1532 2365 fort-e

142 2420 230 2470 quis
254 2420 415 2457 miratur
434 2411 574 2475 ὅρους
591 2410 831 2474 λαβούσας
852 2420 1202 2472 multiplicationes
1225 2418 1302 2456 dici
1324 2431 1426 2469 quae
1447 2422 1528 2457 ter-

139 2511 270 2550 minos
298 2510 541 2562 producant,
586 2524 706 2561 quum
741 2509 905 2566 λαβεῖν
935 2525 1018 2550 non
1053 2510 1281 2563 producere
1316 2511 1528 2561 significet,

140 2603 214 2642 sed
243 2603 448 2654 accipere,
493 2603 689 2654 genitivos
729 2597 1032 2658 ὁμοιούντων
1058 2605 1134 2641 etc·
1163 2603 1217 2641 ila
1247 2603 1528 2654 intelligendos

139 2696 252 2743 sciat,
282 2697 326 2733 ut
346 2706 533 2733 numeros
552 2695 742 2743 indicent,
762 2709 784 2733 a
807 2695 950 2745 quibus
973 2695 1166 2734 terminos
1190 2698 1429 2746 accepturae
1451 2695 1531 2733 sint

139 2777 375 2844 αὐξήσεις,
413 2799 485 2824 eos
518 2789 650 2825 autem
671 2799 860 2826 numeros
884 2795 967 2826 n'on
983 2787 1084 2826 alios
1106 2800 1222 2834 esse,
1254 2788 1329 2826 nisi
1349 2800 1423 2838 per
1443 2779 1526 2828 αὗ-

139 2869 290 2936 ξήσεις
323 2877 539 2924 indicatos,
585 2878 658 2916 has
702 2878 822 2929 igitur
851 2879 1045 2918 terminos
1079 2893 1101 2919 a
1132 2884 1261 2919 semet
1290 2881 1390 2931 ipsis
1421 2879 1526 2918 acci-
