1764 3176
265 129 461 155 Lxxxuu
696 110 1224 153 PRAEFATIO

266 238 342 274 tur.
415 233 482 272 Sic
509 245 561 271 ne
588 232 726 271 umbra
746 232 905 283 quidem
935 232 1158 284 pleonasmi
1181 230 1424 281 relinquitur.
1496 229 1578 269 Sed
1599 231 1656 270 vi-

270 326 459 373 deamus,
508 337 586 375 qua
625 325 780 364 ratione
807 324 1012 363 Branisius
1055 323 1404 374 multiplicationes
1446 334 1538 360 suas
1574 326 1659 361 tres

267 417 472 455 distantias
502 417 772 468 manifestare
802 418 960 454 statuat.
1030 414 1138 453 Inter
1173 414 1274 452 duos
1299 426 1560 464 quoscunque
1583 426 1658 452 nu-

267 520 402 546 meros
447 507 626 546 diversos
677 508 903 546 distantiam
942 506 1193 545 intercedere
1248 508 1407 551 monet3
1461 504 1512 542 de
1555 505 1659 542 binis

270 600 388 650 igitur
426 599 578 636 numeri
623 598 786 637 alicuius
826 599 1072 646 factoribus,
1119 598 1185 648 qui
1210 598 1378 635 invicem
1413 596 1662 647 multiplicati

270 704 360 728 eum
388 691 624 741 producant,
660 689 737 728 dici
760 703 885 740 posse
907 690 1131 741 distantiam
1154 702 1224 727 eos
1244 688 1524 734 manisestare3
1562 700 1658 738 ergo

270 795 410 821 omnes
433 782 585 819 numeri
618 781 822 818 cuiusdam
852 781 1029 819 factores
1067 781 1180 818 datos
1214 784 1274 817 tot
1308 779 1510 817 distantias
1533 779 1658 816 mani-

269 875 444 921 festare,
483 873 639 923 quoties
667 885 896 919 numerum,
934 873 1046 910 cuius
1077 873 1155 910 sint
1186 871 1387 917 factores,
1423 870 1658 922 producant.

270 965 351 1003 Iam
370 954 586 1021 αὗξήσεις
622 963 708 1001 illas
737 963 1087 1014 multiplicationes
1119 977 1234 1011 csse,
1272 962 1413 1012 quibus
1433 964 1564 999 certus
1584 974 1658 999 nu—

272 1069 404 1094 merus
428 1069 450 1093 e
486 1054 705 1093 factoribus
736 1055 864 1106 ipsius
895 1055 1160 1105 producatur3
1199 1055 1232 1092 si
1260 1055 1377 1105 igitur
1400 1067 1471 1091 eae
1493 1056 1574 1092 tres
1599 1053 1659 1091 di-

273 1148 435 1186 stantias
465 1145 724 1185 manifestare
748 1145 947 1194 dicantur,
985 1147 1084 1185 nihil
1110 1147 1185 1184 nisi
1217 1146 1254 1183 id
1287 1145 1419 1193 inlini,
1455 1158 1663 1184 numerum

272 1240 381 1277 illum
402 1251 450 1277 ex
470 1239 569 1288 ipsis
590 1237 781 1276 trifariam
802 1240 998 1292 progigni.
1055 1239 1169 1277 Ilaec
1191 1237 1335 1276 eodem
1353 1238 1446 1275 vitio
1467 1237 1661 1285 laborant,

273 1343 351 1381 quo
372 1330 629 1380 illa,.quibus
659 1327 926 1385 δυναμένας
961 1321 1177 1388 αὐξήσεις
1213 1329 1457 1380 simplicibus
1487 1329 1661 1367 numeris

268 1423 399 1461 factas
424 1434 517 1459 esse
539 1422 889 1473 multiplicationes
913 1422 1123 1474 probatum
1139 1421 1241 1459 ibat:
1280 1433 1330 1458 ex
1351 1433 1414 1468 eo,
1436 1421 1543 1471 quod
1558 1421 1660 1469 mul-

271 1514 542 1566 tiplicatu1⁴us‚
579 1512 672 1551 dum
702 1514 880 1553 factores
911 1514 1105 1560 intuetur‚
1143 1512 1192 1550 ad
1228 1511 1491 1550 differentiam
1524 1525 1663 1551 eorum

275 1607 445 1645 animum
479 1607 713 1642 convertere
744 1608 785 1643 et
812 1604 1082 1651 intervallum,
1118 1605 1151 1642 si
1183 1604 1290 1655 quod
1321 1604 1550 1651 intercedit,
1588 1603 1662 1642 ob-

275 1710 434 1736 servare
466 1699 624 1747 potest„
662 1696 833 1747 colligit,
871 1697 1028 1747 quoties
1063 1696 1149 1746 quis
1184 1696 1427 1734 intervallum
1451 1695 1666 1734 observare

275 1801 401 1841 posse
425 1787 597 1834 dicatur,
633 1787 756 1825 toties
788 1800 877 1826 eum
905 1787 1167 1839 multiplicare
1189 1787 1288 1835 dici,
1327 1787 1439 1838 quasi
1469 1787 1510 1826 id
1532 1780 1666 1838 ipsum

277 1881 329 1918 sit
350 1879 636 1930 multiplicare,
672 1879 918 1918 intervallum
937 1879 1171 1925 observare,
1207 1891 1253 1916 ac
1273 1891 1354 1917 non
1373 1879 1507 1929 potius
1530 1878 1664 1917 multi—

276 1971 438 2024 plicatio
472 1970 668 2021 tantisper
709 1973 845 2009 cesset
877 1973 996 2021 atque
1025 1971 1109 2009 eius
1138 1970 1181 2008 in
1213 1969 1346 2008 locum
1378 1969 1593 2009 subtractio
1626 1972 1666 2009 et

279 2062 526 2113 comparatio
549 2061 759 2108 succedat„
797 2065 837 2100 et
853 2062 1005 2100 numeri
1024 2062 1103 2110 illi,
1141 2062 1206 2112 qui
1229 2061 1277 2100 ad
1297 2060 1666 2111 multiplicationem

278 2154 456 2193 factores
488 2156 603 2201 sunt,
635 2152 752 2191 simul
783 2155 902 2204 atque
932 2153 1035 2191 inter
1067 2165 1112 2192 se
1150 2156 1450 2205 comparentur„
1486 2152 1664 2191 factores

281 2258 374 2285 esse
406 2245 599 2283 desinant.
680 2244 806 2294 Quid,
856 2244 963 2295 quod
1000 2245 1090 2296 ipse
1118 2246 1251 2297 vitium
1293 2244 1472 2283 sensisse
1497 2244 1666 2296 videtur,

281 2349 401 2388 quum
429 2336 626 2387 vulgatam
654 2335 869 2374 lectionem
895 2327 1309 2382 α’ποκαταστάσεις
1334 2336 1463 2388 magis
1497 2336 1574 2374 sibi
1601 2348 1663 2373 ar-

280 2429 413 2475 ridere
434 2429 693 2476 demonstret,
730 2428 807 2466 hac
827 2430 959 2466 tamen
980 2440 1120 2465 caussa
1138 2426 1264 2473 allata,
1303 2427 1411 2478 quod
1433 2440 1513 2466 non
1533 2427 1663 2466 credi-

280 2519 362 2559 bile
380 2520 432 2557 sit
454 2520 653 2558 librarium
685 2519 894 2571 quemdam
917 2532 990 2570 pro
1020 2510 1332 2569 α’ποστοῖσεις,
1369 2519 1491 2558 verbo
1519 2519 1663 2562 usitato

284 2613 324 2650 et
353 2611 482 2662 primo
517 2615 684 2663 aspectu
716 2611 895 2664 clariori,
931 2601 1366 2659 ἀποκαταστάσεις,
1392 2609 1511 2662 longe
1539 2611 1664 2650 rarius

279 2702 468 2759 idemque
495 2702 703 2742 obscurius
724 2701 981 2749 vocabulum,
1019 2701 1256 2751 scripsisse,
1289 2704 1426 2741 contra
1464 2702 1665 2755 difficilius

283 2793 487 2832 intellectu
509 2785 924 2841 ἀποκαταστάσεις
942 2793 983 2831 in
1002 2792 1156 2844 planius
1184 2783 1472 2842 ἀποστάσεις
1488 2796 1665 2834 mutasse
