1764 3176
293 122 378 161 304

294 247 328 273 ω
379 225 614 278 Γλαύκων,

739 116 1210 158 PLATONIS

674 230 819 282 μῦθος
878 226 1023 284 ἐσώθη
1081 227 1156 272 καὶ
1214 224 1299 270 οὐκ
1353 223 1551 270 ἀπώλετο
1600 243 1674 271 και

235 309 266 352 C
293 294 407 354 ἡμᾶς
438 295 492 338 ἂν
522 292 711 346 σώσειεν,
741 294 796 338 ἂν
827 295 1086 351 πειθώμεθα
1111 293 1249 351 αύτῳ,
1281 293 1354 337 καὶ
1381 295 1460 338 τὸν
1489 299 1564 352 τῆς
1587 293 1675 352 Λή-

290 370 374 420 θης
431 361 631 417 ποταμὸν
690 356 737 405 εὗ
797 363 1098 420 διαβησόμεθα
1149 364 1224 406 καὶ
1281 362 1360 418 τὴν

290 429 653 487 μιανθησόμεθα·

1416 363 1561 419 ψυχην
1616 379 1672 406 ου

708 427 802 472 ἀλλ’
845 430 901 473 ἀν
951 432 1044 486 ἐμοὶ
1091 429 1370 485 πειθώμεθα,
1430 433 1675 486 νομίζοντες

291 499 519 543 ἀθάνατον
547 497 627 554 τήν
656 500 800 554 ψυχὴν
829 499 902 542 καὶ
933 499 1125 556 δυνατὴν
1155 499 1297 542 πάντα
1325 498 1404 553 μὲν
1433 499 1545 542 κακὰ
1575 496 1674 541 οἰνέ-

289 574 466 624 χεσθαι,
506 565 647 610 πάντα
688 567 733 610 δὲ
775 565 945 623 ἀγαθοὶ,
983 566 1191 624 τῆςἽῖἷνω
1231 565 1344 611 ὁδοῦ
1382 564 1448 610 dez
1487 566 1674 623 ἑξόμεθα

336 718 474 762 μῦθος]
499 715 623 759 μύθος
648 717 748 751 Vind.
774 718 813 752 F.
842 714 860 752 ὁ
885 718 953 761 μῦ-

289 766 362 804 θος
391 766 467 797 Par.
492 764 535 796 K.
561 776 630 798 sec.
655 763 762 796 Bekk.
789 770 824 798 et
849 765 956 798 Stall-

288 811 441 844 baumius
464 809 498 842 in
521 821 591 844 sec.
626 809 713 843 Mihi
736 811 899 844 articulus
919 810 954 843 in

291 870 352 898 ea,
378 868 477 900 quam
504 861 638 895 statuo,
665 857 844 889 verborum
875 868 955 901 sen-

289 902 401 936 tentia
425 913 490 934 non
524 901 749 935 admittendus
782 908 816 935 et
842 902 954 941 οὐτος

290 961 352 994 pro
386 947 560 988 subiecto,
585 948 709 989 μῦθος
743 944 867 992 ἐσώθη
893 960 954 993 pro

290 993 489 1047 praedicato
515 994 701 1026 habendum
723 994 879 1035 videtur3
903 994 957 1027 cui

292 1040 418 1074 lationi
448 1045 483 1072 et
506 1039 706 1073 intenioetus
731 1040 905 1073 vocativus
922 1045 957 1073 et

292 1086 383 1140 quod
418 1086 453 1118 in
493 1086 562 1118 fine
602 1086 694 1118 fabu'
700 1097 792 1118 arum
831 1086 958 1128 μῦθος

293 1129 463 1166 οἷπώλετο
488 1131 561 1164 siue
593 1131 738 1165 articulo
770 1132 836 1165 dici
869 1133 958 1165 sole-

293 1180 366 1219 bat,
390 1178 556 1220 congruit.

339 1222 426 1267 καὶ]
454 1204 555 1256 δαλλῖ
591 1223 676 1256 Lob.
714 1223 814 1257 Vind.
852 1223 957 1256 BEF.

294 1270 387 1303 Mon.
415 1270 455 1303 B.
480 1269 559 1302 Vat.
584 1269 699 1302 BHM.
724 1269 804 1303 Par.
821 1269 862 1302 K.
888 1280 957 1304 sec.

294 1317 406 1350 Bekk.
451 1316 534 1359 Aug.
573 1316 612 1348 B.
658 1315 732 1347 Pal.
778 1317 818 1348 A.
865 1316 958 1349 Flor.

295 1361 506 1396 ACRTUV.
539 1361 628 1404 quod
658 1361 691 1393 in
718 1361 959 1394 contradictio-

294 1420 337 1441 ne
372 1409 480 1440 locum
510 1407 633 1448 habet,
668 1418 756 1451 quae
790 1407 844 1439 hic
868 1407 959 1440 uuila

294 1457 357 1487 est.
406 1453 571 1486 Similiter
595 1453 678 1510 Leg.
704 1453 743 1486 L.
766 1453 807 1486 V.
832 1464 865 1496 p.
880 1455 957 1487 727.

292 1500 345 1534 D:
381 1495 525 1533 νπείκει
550 1498 613 1532 καὶ
649 1511 717 1531 ουκ
751 1495 955 1532 ἀντιτείνει.

293 1545 444 1602 Euthyd.
479 1557 514 1589 p.
544 1547 623 1579 297.
651 1545 698 1577 Β.
726 1542 872 1588 φεύγεις
895 1544 957 1578 καὶ

295 1588 366 1626 ov'n
391 1589 531 1630 ἐθέλεις
556 1588 837 1633 ἀποκρίνεσθαι.

342 1635 410 1671 οὐκ
430 1633 612 1680 εἰπώὲετο]
644 1634 779 1671 ούκαπ.
808 1637 905 1670 Vind.
917 1636 957 1669 F.

342 1681 515 1727 σώσειεν]
542 1681 649 1716 σώσει
673 1683 768 1716 Flor.
793 1683 837 1715 U.
864 1683 957 1715 Mon.

296 1730 337 1764 B.
361 1730 395 1762 in
421 1741 489 1783 quo
508 1741 528 1761 a
552 1741 596 1762 ιιι.
621 1740 672 1773 pr.
698 1726 824 1762 σώσειε
843 1729 959 1770 fuisse,

297 1776 418 1809 deinde
445 1787 459 1808 ε
481 1776 513 1808 in
539 1776 773 1819 hypostigmen
794 1780 959 1808 mutatum

296 1822 391 1855 videt
393 1833 443 1854 ur.
469 1821 712 1854 StaHbaumius
736 1820 770 1853 in
795 1832 862 1853 sec.
882 1825 959 1864 post

297 1865 445 1901 σώσειεν
469 1868 564 1900 co¹on
589 1866 721 1910 posuit,
745 1867 823 1911 quia
847 1867 960 1899 verbis

299 1910 346 1947 ὃὶν
385 1911 609 1955 πειθώμεθα
652 1918 716 1945 etc.
764 1924 871 1956 usque
914 1912 959 1945 ad

297 1957 590 2015 μιανθησόμεθα
602 1958 758 2002 explhati
762 1970 780 1990 o
800 1958 898 1990 liuius
916 1954 958 2001 ἦ·

299 2006 374 2049 μᾶς
399 2001 445 2039 οὶν
465 2003 612 2038 σώσειεν
631 2004 854 2037 contineatur.
888 2004 959 2037 Sed

299 2052 383 2085 nihil
406 2056 478 2091 est,
512 2051 601 2095 quod
633 2050 821 2083 naturalem
844 2049 960 2082 condi-

298 2098 400 2132 tionis
424 2093 492 2141 (ἂν
516 2094 739 2139 πειθώμεθα
765 2093 884 2140 αὐτῷ)
907 2101 960 2129 at-

301 2157 367 2188 que
392 2144 475 2184 eius,
499 2143 588 2197 quod
608 2154 681 2175 cum
699 2142 888 2175 conditione
908 2143 960 2174 as-

300 2191 466 2230 firmatur,
491 2185 609 2232 (ἡμᾶς
629 2200 674 2221 αν
693 2186 859 2230 σώσειεν)
881 2199 959 2221 eon-

301 2236 504 2269 iunctionem
538 2235 706 2268 sublatam
742 2234 890 2274 indicet,
925 2238 960 2266 et

298 2283 388 2315 salus
420 2280 596 2336 promissa
638 2281 739 2313 latius
773 2283 892 2334 patet,
926 2282 961 2312 et

296 2330 403 2361 verba
435 2326 498 2360 καὶ
531 2325 600 2370 τὴν
623 2324 749 2369 ψυχὴν
784 2322 829 2359 ου’
854 2336 960 2367 μιαν-

297 2370 499 2417 θησόμεθα
536 2373 650 2417 potius
686 2372 729 2405 ad
771 2372 960 2415 sequentia,

297 2432 398 2464 quam
436 2420 480 2452 ad
515 2418 751 2452 antecedentia
772 2422 959 2473 spectant.

298 2466 416 2506 Quare
440 2468 476 2498 et
498 2465 529 2498 h.
555 2465 578 2498 l.
601 2468 636 2497 et
661 2470 737 2507 post
756 2459 803 2496 οὶν
820 2460 959 2496 πειθώ-

297 2513 398 2555 μεθα
424 2508 541 2556 αυτῷ,
567 2510 624 2543 ubi
649 2510 842 2554 Stephanus
864 2510 960 2542 colon

297 2558 394 2599 fecit,
413 2568 540 2590 comma
553 2556 751 2597 faciendum,
770 2558 846 2599 post
859 2552 961 2588 α’πώ-

299 2606 380 2638 λετο
405 2608 529 2643 autem,
554 2614 620 2646 quo
640 2602 712 2635 loco
739 2602 797 2635 alii
823 2613 961 2642 comma,

299 2651 356 2685 alii
383 2650 478 2683 colon
501 2648 761 2690 habent,nu11a
783 2647 963 2692 interpun-

300 2697 367 2730 ctio
392 2695 582 2729 adhibenda
606 2700 669 2728 est.

347 2740 480 2786 Λήθης
511 2738 705 2795 ποταμὸν]
752 2739 895 2774 Procius
929 2739 964 2772 in

299 2789 389 2824 Tim.
416 2787 546 2833 p.339‚
566 2787 627 2821 15:
654 2783 752 2820 οὕτω
779 2783 818 2819 δὲ
841 2783 903 2819 καὶ
925 2782 963 2818 ἐν

1013 718 1189 753 Πολιτεία
1218 716 1287 752 τὸν
1311 718 1379 761 τῆς
1403 715 1535 773 Λήθης
1556 727 1672 750 ποτα-

1010 763 1082 809 μὸν
1108 754 1308 798 απεκάλεσε
1333 764 1459 797 πᾶσαν
1483 761 1552 807 τὴν
1578 773 1674 806 γενε-

1013 809 1186 854 σιουργὸν
1213 808 1336 853 φύσιν.

1057 854 1371 900 μιανθησόμεθα]
1396 854 1484 908 μιαν
1511 849 1672 896 θησόμε-

1011 903 1067 936 θα
1093 903 1193 935 Vind.
1206 902 1246 935 E.
1271 901 1412 945 μίανθη
1439 897 1583 943 σόμεθα
1597 898 1673 932 Ald.

1016 950 1116 982 Plena
1131 948 1415 999 interpunctione,
1429 957 1496 991 qua
1508 945 1607 988 vulgo
1621 945 1675 977 hic

1012 1000 1164 1036 ntuntm,
1185 995 1280 1027 colon
1292 992 1532 1038 aptiusvisum.
1559 991 1675 1024 Astius

1013 1041 1049 1074 in
1081 1052 1149 1074 sec.
1186 1051 1315 1073 comma
1332 1039 1471 1095 posuit,
1505 1037 1595 1091 quod
1619 1048 1675 1069 se-

1014 1087 1196 1132 quentibus
1232 1081 1280 1118 ἂν
1324 1082 1406 1127 ἐμοὶ
1450 1081 1675 1126 πειθώμεθα

1014 1145 1079 1166 ιιοιι
1106 1133 1189 1165 satis
1215 1115 1381 1164 convent.

1016 1174 1108 1258 Flffgs
1120 1176 1292 1257 :iligssVv
1297 1174 1677 1278 ἰῗῗΝθΒιῖιιονιῗιιᾱξιι

1014 1270 1175 1325 loquendi
1205 1271 1369 1312 formam,
1403 1263 1451 1301 ὂὶν
1486 1265 1566 1310 ἐμοὶ
1598 1277 1677 1300 πει-

1012 1315 1187 1359 θώμεθα,
1209 1315 1369 1367 exemplo
1377 1314 1465 1358 apud
1484 1315 1572 1347 hunc
1590 1312 1677 1346 scri—

1015 1368 1146 1407 ptorem
1171 1373 1289 1394 carere
1321 1360 1413 1393 scio:
1448 1360 1593 1404 ideoque
1616 1358 1679 1391 ιιιί-

1015 1408 1101 1441 nime
1126 1411 1318 1452 suspectam
1342 1406 1461 1439 habeo.
1466 1409 1488 1424 ‘⁶
1528 1405 1679 1449 Stepha-

1016 1465 1080 1487 nus
1116 1459 1229 1487 annot
1269 1464 1301 1496 p.
1333 1454 1390 1485 28.
1460 1451 1586 1484 Similis
1625 1456 1679 1483 est

1016 1500 1100 1544 Leg.
1126 1499 1166 1532 L.
1197 1498 1225 1531 Ι.
1256 1510 1289 1542 p.
1315 1498 1394 1531 638.
1416 1497 1466 1530 E:
1500 1494 1679 1539 πειρώμε·

1016 1558 1102 1587 νος,
1139 1540 1185 1577 ἕὶν
1212 1540 1286 1588 ἄρα
1311 1541 1479 1586 δύνωμαι
1501 1541 1576 1597 τὴν
1593 1541 1679 1584 περὶ

1017 1588 1197 1625 απάντων
1235 1590 1311 1624 τών
1342 1587 1523 1623 τοιούτων
1557 1585 1678 1632 ὀρθὴν

1016 1635 1184 1681 μέθοδον
1208 1633 1297 1679 ἡμῖν
1322 1636 1470 1679 δηλοῦν.

1063 1682 1155 1727 τὴν]
1182 1695 1248 1716 om.
1276 1682 1362 1715 Lob.
1392 1682 1488 1715 Vind.
1512 1681 1557 1716 F.
1583 1681 1677 1714 Mon.

1016 1730 1056 1763 Β.
1084 1730 1164 1764 Vat.
1178 1729 1255 1762 ΒΜ.
1287 1730 1363 1760 Par.
1377 1728 1452 1761 DK.
1479 1739 1547 1761 sec.
1566 1727 1676 1761 Bekk.

1015 1779 1102 1812 Ano.
1131 1777 1169 1808 B.
1197 1776 1287 1807 Flor.
1312 1774 1390 1807 RU.

1061 1833 1126 1864 μεν
1150 1818 1267 1864 κακὰ]
1302 1831 1368 1862 μεν
1398 1817 1494 1852 καλὰ
1529 1819 1607 1852 Par.
1631 1819 1677 1852 K.

1015 1880 1084 1902 sec.
1109 1868 1217 1900 Bekk.
1245 1878 1309 1899 om.
1334 1866 1427 1899 Mon.
1452 1866 1493 1899 Β.

1064 1910 1135 1955 αἐὶ]
1163 1913 1198 1945 in
1223 1923 1265 1945 m.
1293 1912 1380 1945 Lob.

1061 1957 1174 1992 παντὶ
1217 1955 1370 2002 τρόπῳ]

1014 2005 1115 2038 Vind.
1139 2005 1179 2037 F.

1061 2050 1136 2093 καὶ]
1163 2062 1228 2082 om.
1255 2049 1341 2083 Lob.
1368 2049 1449 2083 Vat.
1474 2048 1555 2081 ΒΜ.

1063 2093 1205 2139 αὕτοῖς]
1233 2108 1298 2128 οτι.
1323 2095 1402 2128 Par.
1428 2094 1472 2127 K.

1061 2145 1140 2181 τοῖς
1164 2140 1285 2185 θεοῖς]
1313 2141 1364 2174 τώ
1390 2142 1437 2174 θε
1441 2140 1469 2173 ὦ
1494 2140 1566 2173 Pal.
1592 2144 1634 2174 A.

1062 2190 1114 2231 τε]
1139 2199 1178 2230 γε
1204 2188 1302 2220 Vind.
1317 2187 1360 2220 F
1387 2187 1464 2219 Vat.
1476 2186 1521 2219 H.
1534 2186 1625 2220 Flor.
1637 2186 1679 2219 R.

1439 1953 1678 2000 παντιτρόπω

1063 2232 1217 2268 ἐπειδὰν
1237 2253 1284 2257 -
1310 2229 1562 2276 κομιζώμεθα]
1585 2237 1680 2276 post-

1017 2293 1120 2326 quam
1147 2300 1189 2304 —-
1208 2280 1500 2321 reportaverimus
1517 2279 1591 2312 Fic.
1617 2279 1678 2311 im-

1016 2339 1070 2361 mo
1096 2327 1176 2359 dum
1201 2331 1425 2369 reportamus.
1462 2324 1518 2358 Cf.
1541 2324 1614 2358 Vol.
1629 2324 1677 2357 ΙΙ.

1017 2386 1052 2418 p.
1075 2375 1157 2418 177,
1183 2384 1213 2405 a.
1240 2374 1272 2404 b

1064 2399 1180 2460 ἆθλα]
1207 2413 1309 2451 ἄθλα
1327 2417 1425 2452 Vind.
1439 2417 1510 2451 EF.
1535 2415 1627 2451 Mon.
1638 2416 1678 2450 Β.

1063 2461 1402 2517 περιαγειρόμενοι]
1427 2462 1590 2496 Timaeus
1613 2463 1678 2495 lex.
1705 2463 1745 2504 D

1019 2523 1052 2556 p
1072 2513 1157 2546 215:
1188 2507 1503 2565 περιαγειρόμενοι
1523 2506 1679 2552 νικηφό-

1021 2568 1099 2606 ροι·
1136 2569 1172 2590 οι
1204 2554 1419 2599 νικήσαντες
1451 2552 1490 2588 ἐν
1515 2554 1678 2599 δημοσίῳ

1021 2602 1137 2646 αγώνι
1160 2614 1223 2635 και
1248 2602 1351 2644 δῶρα
1374 2599 1477 2643 παρὰ
1511 2601 1585 2634 τῶν
1618 2601 1678 2643 φί-

1020 2650 1092 2682 λων
1111 2647 1174 2682 καὶ
1195 2647 1340 2681 οἰκείων
1351 2645 1601 2692 λαμβάνοντες
1617 2644 1680 2679 και

1019 2692 1234 2737 περιιόντες.
1285 2694 1341 2727 Cf.
1366 2693 1536 2727 annotatio
1562 2693 1680 2725 Ruhn-

1020 2741 1131 2782 kenii,
1165 2752 1185 2773 a
1215 2752 1281 2784 quo
1305 2739 1442 2772 laudata
1466 2738 1576 2772 Photii
1599 2737 1678 2772 MS.

1019 2787 1132 2829 glossa
1155 2786 1188 2820 in
1211 2785 1355 2820 Porsoni
1378 2785 1525 2819 editione
1548 2795 1580 2828 p.
1597 2785 1677 2819 357.
