1764 3176
107 52 129 88 {Q

756 41 898 80 Volum.
930 42 958 84 l,

322 150 531 205 λαμπάδος
552 155 621 202 τῆς
642 151 683 191 ἐν
707 154 930 200 Βενδιδίοις
960 149 1224 204 μνημονεύει,
1256 152 1345 204 περὶ
1370 148 1418 203 ἧς
1449 152 1471 191 ὅ
1503 149 1612 191 Πλά-

323 227 402 250 των
434 210 475 249 ἐν
508 205 610 262 οἷρχῇ
635 211 704 258 τῆς
730 210 939 255 πολιτείας.

355 267 380 306 4
406 280 426 302 a
457 266 481 301 f.
519 266 567 301 ad
609 263 814 314 λαμπάδια
853 266 996 301 addas:
1039 259 1263 314 λαμπάδεια
1303 278 1323 300 a
1353 278 1401 303 m.
1433 278 1487 313 pr.
1523 265 1608 302 Par.

384 322 426 357 A.
454 320 528 357 Dii.
559 320 697 369 (Harl),
728 319 819 367 etc.)

295 380 331 423 b,
364 376 389 416 4
419 377 466 411 ad
516 373 686 413 Πλάτων
725 376 863 411 addas:
912 374 1053 411 Eadem
1089 375 1265 423 leguntur
1303 376 1404 424 apud
1444 376 1614 421 Suidam,

324 434 426 469 cuius
465 432 586 467 editor
612 431 787 467 Halensis
826 434 935 479 putat
973 426 1078 468 οὕτω
1112 431 1160 466 ad
1189 444 1295 466 usum
1325 432 1427 466 vocis
1457 428 1614 480 λαμπάς

325 489 468 526 referri.
529 488 604 523 Sed
645 487 745 522 aliud
785 487 895 522 docet
931 486 1205 534 Harpocratio,
1247 487 1347 535 apud
1388 499 1497 535 quem
1526 490 1615 536 post

324 540 547 594 λαμπαδιον
574 543 720 591 plenius
749 548 808 578 est
835 543 1188 603 interpungendum.

296 602 393 637 inter
430 612 464 636 V.
505 601 554 638 11
590 602 627 633 et
670 598 723 636 10
755 609 777 633 a
807 596 832 635 Γ.
866 597 1031 633 inseras:
1073 597 1208 635 οἴεκαδ
1241 619 1291 624 Q
1326 593 1615 648 κατελάβομεν)

325 656 414 693 Non
452 655 561 691 aliter
599 654 690 689 haec
719 653 860 701 scripta
886 652 1049 700 legisse,
1093 654 1161 689 sed
1189 666 1387 702 perperam
1417 667 1496 689 cum
1528 653 1615 700 illis,

327 723 423 759 quae
465 724 501 760 p.
541 710 567 748 3
607 722 641 747 v.
672 709 695 747 5
733 712 902 755 exstant,
940 708 1159 744 confudisse
1196 710 1346 745 videtur
1380 711 1432 756 is,
1468 710 1529 757 qui
1567 715 1615 745 ad

329 765 453 803 Procli
495 767 531 802 in
564 765 663 800 Tim.
703 777 738 814 p.
772 766 809 803 7.
843 762 888 802 D.
926 764 978 812 (v,
1009 764 1059 802 31
1094 764 1199 810 Bas.)
1238 765 1352 800 verba
1390 763 1451 803 διό
1479 764 1546 803 καὶ
1577 764 1618 803 οἷ

329 818 519 871 ἀκροαταὶ
560 819 602 858 τό
642 834 681 857 τε
715 815 904 870 α’όριστον
936 818 1065 869 ἔχουσι
1102 818 1167 857 καὶ
1198 816 1238 858 τὸ
1268 820 1529 871 διωρισμένον
1561 821 1617 866 εἰς

327 879 487 926 πλῆθος
525 873 797 924 ἐκτεινόμενον
836 875 870 910 in
909 875 1075 922 margine
1106 875 1243 911 codicis
1275 876 1516 913 Monacensis
1548 877 1617 912 ad-

331 934 479 983 scripsit
511 930 554 970 τό
585 927 796 982 α’όριστον,
824 930 891 969 καὶ
919 928 1061 977 ἄλλους
1089 930 1188 981 φησὶ
1214 928 1326 977 τινοῖς
1357 929 1547 984 εὕρομεν,
1575 931 1617 970 ἐν

327 991 378 1042 τῇ
408 991 481 1027 τοῦ
509 986 689 1035 κεφάλου
721 987 841 1040 οἰκίᾳ.
874 986 934 1024 Cf.
967 987 1062 1023 infra
1094 1000 1129 1036 p.
1162 985 1228 1033 44,
1259 1000 1293 1026 a.

112 1047 190 1094 Pag
227 1046 264 1093 5,
295 1058 330 1093 a,
363 1046 388 1084 3
421 1049 508 1081 ante
548 1042 629 1079 Vat.
660 1042 707 1080 B.
737 1044 901 1078 inseras:
935 1040 1017 1082 Par,
1043 1042 1088 1078 A.
1116 1042 1186 1079 Dii.

361 1100 409 1139 15
441 1104 531 1149 post
560 1096 715 1149 ἑωράκη
747 1099 884 1135 addas:
911 1111 931 1133 a
958 1111 1004 1136 m
1030 1112 1086 1147 pr.
1119 1098 1203 1135 Par.
1239 1098 1280 1137 A.
1310 1098 1383 1134 Dii.

299 1156 335 1203 b,
368 1156 420 1194 13
450 1155 588 1191 addas:
628 1155 716 1191 Non
746 1155 797 1189 ita
827 1154 1002 1190 dissimile
1030 1158 1087 1189 est
1118 1154 1218 1202 quod
1249 1154 1386 1202 legitur
1416 1154 1514 1202 apud
1541 1154 1619 1190 Xe·

330 1211 561 1259 nophontem
593 1210 750 1245 Conviv.
781 1208 821 1257 4,
852 1209 925 1247 23:
957 1205 1044 1247 ἄλλ’
1075 1207 1170 1260 ἐγώ,
1200 1204 1231 1247 ὦ
1261 1205 1490 1259 Σώκρατες,
1524 1206 1617 1248 ου’δὲ

329 1263 430 1316 πρός
462 1269 535 1305 σοῦ
561 1268 662 1304 ποιῶ
690 1262 733 1304 τό
766 1266 959 1311 περιιδεῖν
980 1264 1253 1315 Κριτόβουλον
1274 1262 1400 1311 οὕτως
1434 1263 1516 1303 ὑπό
1546 1268 1618 1304 τοῦ

333 1322 476 1372 ἔρωτος
516 1320 766 1372 ἐκπλαγέντα.
828 1321 972 1357 Tamen
1012 1321 1206 1357 fatendum
1246 1327 1304 1358 est
1333 1321 1489 1370 Cephali
1527 1334 1617 1370 erga

330 1379 525 1414 Socratem
566 1378 687 1413 animo
732 1377 851 1413 minus
898 1377 967 1412 hoc
1005 1378 1204 1413 convenire
1251 1390 1408 1425 eamque
1456 1377 1503 1413 ob
1541 1391 1616 1413 rem

334 1434 450 1480 magis
480 1434 629 1483 placere
661 1428 709 1471 ου’
737 1430 798 1477 δὲ,
826 1433 927 1480 quod
959 1445 979 1468 a
1003 1432 1199 1469 Nitzschio
1229 1434 1276 1469 ad
1298 1433 1442 1480 Odyss.
1474 1432 1557 1468 Vol.
1578 1435 1616 1473 2,

336 1503 371 1538 p.
407 1490 457 1528 18
495 1489 731 1539 propositum
771 1489 961 1537 Sanppins
1000 1489 1173 1538 probavit
1203 1489 1321 1538 Epist.
1360 1489 1441 1526 crit.
1484 1489 1532 1523 ad
1569 1489 1618 1524 G.

332 1545 588 1581 Hermannum
630 1558 666 1594 p,
698 1546 775 1588 773
814 1545 926 1579 modo
967 1556 1013 1580 ne
1047 1558 1127 1580 cnm
1157 1544 1354 1581 Nitzschio
1393 1545 1618 1593 interprete-

335 1601 384 1634 ris
415 1603 469 1636 do
487 1602 539 1637 ch
572 1600 734 1647 nicht,
767 1600 868 1648 quod
895 1600 940 1636 ab
976 1600 1037 1635 illa
1068 1600 1248 1649 particula
1272 1600 1429 1636 alienum
1455 1600 1618 1646 videtur,

337 1655 404 1689 sed
432 1656 542 1691 aber
568 1656 722 1701 nicht,
754 1668 828 1704 quo
856 1656 908 1701 ei,
948 1669 1044 1704 qnae
1074 1658 1109 1692 in
1141 1656 1255 1692 verbo
1284 1651 1480 1705 ἠσπάζετο
1506 1656 1619 1701 inest,

334 1708 499 1744 laetitiae
537 1712 798 1757 significationi
837 1685 930 1747 lenis
976 1712 1069 1748 haee
1111 1717 1324 1761 opponatur
1363 1711 1618 1760 reprehensio,

338 1764 397 1799 Cf
424 1763 573 1810 sheag.
612 1767 697 1805 130
729 1767 780 1802 B:
822 1764 919 1805 ι’δων
951 1762 1025 1806 οὖν
1058 1782 1103 1817 με
1135 1767 1156 1806 ὁ
1183 1764 1447 1817 Ἀριστείδης
1480 1764 1619 1816 ἐπειδη

338 1814 547 1866 ἠσπάσατό
583 1834 621 1856 τε
660 1821 724 1858 καὶ
753 1824 871 1860 τᾶλλα
899 1822 1102 1874 διελέχθη,
1138 1824 1388 1872 Θουκυδίδην
1429 1820 1490 1869 δὲ,
1526 1822 1618 1872 ἔφη,

339 1871 497 1920 α’κούω,
525 1876 554 1912 ὠ
588 1870 818 1926 Zoenpcct5g,
852 1877 1118 1928 σεμνύνεσθαι
1147 1877 1241 1917 ἅττα
1270 1894 1371 1929 προς
1404 1878 1456 1917 σε’.
1497 1879 1618 1915 Euam

339 1931 424 1966 alibi
447 1926 568 1968 ου’δὲ
561 1942 595 1965 ιη
621 1931 694 1966 (luo
720 1931 898 1970 iocabnla
924 1936 1186 1984 dirimendum,
1220 1939 1259 1971 ut
1277 1934 1310 1971 L
1295 1948 1372 1982 eg.
1391 1937 1417 1972 Ι,
1448 1935 1543 1974 630.
1573 1934 1617 1971 Ε.

368 1987 393 2025 3
432 1998 454 2021 a
495 1986 516 2021 Γ.
561 1986 698 2021 addas:
746 1984 787 2021 ln
825 1987 906 2024 Par.
938 1992 982 2026 A.
1016 1991 1085 2027 Dii.
1125 1992 1171 2027 ul
1211 1986 1263 2041 ἦν
1302 1992 1531 2040 adscriptum
1563 1994 1620 2025 est

398 2041 565 2078 scholion
597 2037 710 2087 ,οἷντὶ
743 2055 813 2079 του
845 2040 953 2092 ἤμην
984 2041 1189 2092 οἷιεττικιῑός.“ι

123 2100 213 2148 Pag,
237 2099 274 2142 6,
306 2098 343 2145 b,
379 2098 428 2136 10
458 2101 544 2146 post
572 2097 616 2134 A.
643 2097 807 2133 inseras:
834 2099 996 2144 ξυνίσθι
1025 2100 1110 2137 Par.
1141 2102 1186 2141 A
1221 2101 1295 2141 Dii.

369 2153 478 2189 inler.
517 2166 548 2188 v.
583 2155 607 2192 6
639 2157 675 2189 et
705 2154 728 2192 5
771 2166 792 2188 a
824 2154 847 2193 Γ,
874 2155 1035 2190 inseras:
1080 2154 1179 2202 ἐστι,
1217 2158 1393 2209 τραχεῖα)
1429 2157 1533 2196 ἐστιν
1562 2171 1619 2208 τρ.

399 2209 485 2245 Par.
520 2208 562 2247 A.
593 2207 662 2248 Dii

125 2264 217 2314 Pag.
239 2267 277 2309 7,
308 2265 343 2311 b,
375 2265 397 2304 2
426 2264 564 2301 addas:
596 2268 633 2299 et
662 2263 806 2302 Criton.
835 2261 901 2302 44.
933 2263 975 2300 B.

372 2321 556 2358 4addas:
588 2318 635 2357 L.
659 2319 702 2353 V.
729 2333 765 2368 p.
788 2317 870 2358 480
906 2323 997 2357 extr.
1021 2319 1097 2355 lon.
1118 2320 1212 2359 533.
1236 2321 1277 2356 Β.
1295 2320 1391 2369 Leg.
1410 2321 1439 2359 l.
1458 2323 1552 2362 625.
1577 2321 1619 2358 E

126 2376 220 2424 Pag.
239 2377 275 2420 8,
304 2388 338 2422 a,
366 2377 392 2413 7
421 2376 564 2411 addas:
604 2374 832 2422 Phrynichus
864 2375 983 2412 Bekk.
1025 2389 1061 2423 p
1092 2377 1168 2424 61,
1199 2377 1270 2415 20:
1309 2374 1620 2428 προπηλάκισις·

344 2445 391 2468 ου
423 2446 544 2481 μονον
573 2426 915 2480 προπηλακισμός

312 2487 346 2529 Ι),
377 2487 396 2524 1
428 2492 515 2535 post
543 2481 747 2536 ἐπεπόνθη
773 2486 910 2522 addas:
947 2499 968 2522 a
1000 2500 1045 2522 m.
1076 2500 1133 2536 pr,
1167 2486 1249 2525 Par.
1281 2486 1324 2524 A.
1354 2487 1428 2524 Dii.
1459 2488 1560 2523 cuius
1586 2487 1622 2524 in

345 2542 511 2588 margine
542 2554 671 2578 manus
710 2546 856 2578 vetusta
884 2543 1037 2587 eadem,
1075 2554 1169 2590 quae
1199 2557 1235 2592 p,
1263 2544 1299 2582 3,
1332 2556 1366 2583 v,
1396 2543 1446 2581 10
1472 2543 1517 2580 ἓν
1546 2543 1622 2581 λεί-

345 2611 485 2640 πεται,
526 2598 652 2645 posuit
686 2612 744 2635 ειν
782 2598 882 2634 inter
922 2612 954 2633 v.
988 2600 1012 2637 6
1048 2603 1083 2634 et
1114 2601 1138 2637 7
1176 2598 1336 2635 inseras:
1376 2597 1505 2648 ἔχουσι
1534 2597 1621 2647 καὶ)
1686 2631 1689 2633 Α

348 2652 503 2701 ἔχουσιν
534 2652 597 2690 καὶ
629 2653 714 2690 Par.
747 2654 790 2690 A.
823 2652 895 2692 Dii.

368 2709 416 2748 12
448 2709 566 2745 addas
597 2708 680 2746 Par.
710 2710 753 2747 A.
786 2708 856 2749 Dii.
