1764 3176
485 177 823 221 CIVITAS
866 177 993 222 LIB.
1020 180 1081 222 X.
1110 187 1178 221 608

1439 183 1524 225 247

141 302 255 341 που,
296 286 376 332 ἑᾶν
412 288 474 346 μὴ
512 288 653 345 μόνον
697 288 823 346 ἡδεῖα
866 295 1011 348 φανῇ,
1053 291 1163 337 ἄλλα
1199 293 1273 337 καὶ
1311 290 1519 350 ὠφελίμη.
1554 297 1587 338 Ε

143 360 251 408 Παῖς
289 355 333 400 δ’
377 356 433 401 ου’
472 357 706 413 μέλλομεν,
748 357 855 415 ἔφη,
895 362 1163 415 κερδαίνειν,·
1200 363 1259 405 Εἰ
1291 361 1337 405 δέ
1366 377 1416 416 γε
1447 361 1522 417 μὴ,

141 418 179 469 ὦ
207 426 306 481 φίλε
335 424 496 481 ἑταῖρε,
517 424 672 480 ’ὥσπερ
703 428 747 470 οἱ
775 426 879 471 ποτέ
907 445 987 472 του
1018 430 1286 484 ἐρασθέντες,
1311 428 1388 473 ἐάν
1416 428 1523 486 ἡγή-

141 504 301 537 σωνται
343 494 404 551 μὴ
443 493 670 550 ω’φέλιμον
706 493 819 538 εἶναι
846 498 926 540 τόν
955 497 1119 550 ἔρωτα,
1157 500 1232 555 βίᾳ
1262 498 1365 554 μὲν,
1407 496 1524 553 ὅμως

138 561 186 605 δὲ
218 559 474 618 ἀπέχονται,
514 563 590 606 καὶ
626 561 749 619 ἡμεῖς
787 563 904 607 οὕτω
935 564 1008 608 διὰ
1037 565 1116 609 τόν
1147 565 1405 623 ἐγγεγονότα
1442 565 1522 622 μὲν

137 628 278 684 ε’ρωτα
304 633 381 686 τῆς
408 628 613 686 τοιαύτης
640 630 857 688 ποιήσεως
883 630 974 677 ὑπὸ
1003 637 1079 690 τῆς
1107 638 1196 677 τῶν
1220 637 1368 678 καλῶν
1397 638 1520 677 πολι-

135 702 265 742 τειῶν
302 701 474 755 τροφῆς
515 693 640 742 εὖνοι
685 699 765 755 μὲν
805 699 997 756 ἐσόμεθα
1036 707 1235 759 φανῆναι
1275 701 1413 757 αὐτὴν
1460 718 1518 752 ως
1542 704 1610 738 608

136 768 364 824 βελτίστην
407 767 483 810 καὶ
523 766 847 825 αληθεστάτην,
891 769 974 821 ἕως
1015 769 1056 814 δ’
1098 770 1155 814 ἂν
1192 769 1252 827 μή
1299 772 1372 814 οἵα
1408 767 1448 813 τ’
1492 764 1522 826 ἧ

135 833 520 892 ἀπολογήσασθαι,
580 835 879 893 ἀκροασόμεθ’

134 960 190 994 ita
214 960 352 994 demum
374 960 411 994 ι’τι
431 960 588 1005 patriam
612 962 747 1002 redire,
771 962 801 994 si

134 1017 171 1040 se
203 1006 398 1048 defende-rit
432 1007 526 1040 eta?
576 1007 695 1041 Ceten'
727 1007 800 1040 lon—

134 1052 213 1097 gius
237 1053 455 1086 aberrarunt:
481 1052 643 1087 Ficinus:
665 1056 800 1087 Annon

135 1110 284 1143 aequum
321 1104 372 1132 est
396 1110 473 1132 eam
499 1100 639 1142 prodire
664 1101 700 1133 in
725 1111 797 1133 me—

133 1145 229 1179 dium
239 1156 310 1179 sese
323 1146 562 1189 defendentem
572 1164 619 1170 —-
629 1145 647 1178 fr*
660 1145 797 1179 Astius:

135 1191 259 1225 Nonne
286 1203 356 1236 par
389 1197 439 1226 est
476 1203 553 1232 eam
592 1193 798 1226 descendere

133 1249 292 1271 caussam
316 1238 488 1272 dicturam
508 1257 553 1263 —
566 1237 585 1271 ἰ)
625 1238 797 1271 Schleier-

132 1284 327 1317 macherus·
352 1285 497 1318 Κὸηπεη
518 1284 583 1317 m‘r
606 1284 680 1318 also
703 1284 798 1317 nicht

131 1331 197 1364 mit
229 1331 340 1365 Recht
372 1331 587 1375 verlangcn‚
631 1331 713 1363 dass
747 1330 797 1363 sie

131 1377 354 1422 herabsteige
377 1388 436 1410 um
453 1377 526 1410 sich
544 1388 588 1409 zu
606 1376 798 1409 vertheidi-

129 1421 287 1467 gen—?
327 1433 414 1478 quos
445 1433 561 1456 omnes
590 1421 796 1466 significatio

129 1469 228 1503 verbi
250 1467 420 1502 κατιέναι
443 1468 544 1512 fugit.

129 1532 431 1617 ..if’vfflz‘ffiff
462 1532 672 1616 meg-1
693 1535 795 1616 ‘22:3-

129 1629 204 1663 Bc.
229 1629 310 1664 Par.
323 1629 400 1663 DK.
426 1641 494 1663 sec.
519 1628 630 1663 Bekk.
654 1629 739 1671 Ang.
752 1629 791 1661 B.

130 1681 168 1709 et
192 1675 267 1709 Ald.
288 1676 370 1710 Bas.
395 1676 449 1710 ab.
467 1675 623 1709 omissum
643 1674 699 1707 vix
721 1685 796 1707 cre-

130 1721 235 1756 dibile
259 1726 314 1755 est
332 1722 367 1754 in
388 1720 653 1763 omnibuerlor.
680 1724 796 1753 exsta-

129 1779 187 1809 re,
212 1779 296 1812 quos
325 1772 437 1801 tamen
455 1766 669 1800 Stallbaumii
695 1765 795 1799 silen-

129 1813 213 1847 tium
238 1825 313 1847 cum
337 1814 511 1858 Stephano
537 1812 727 1846 consentire
743 1812 795 1844 in-

130 1858 233 1893 dicat.
278 1859 389 1902 Quid,
414 1859 505 1904 quod
528 1859 637 1904 ipsius
655 1859 735 1891 Par.
753 1858 793 1890 A.

130 1905 317 1940 auctoritas
341 1905 442 1939 dubia
462 1905 503 1938 fit
519 1917 572 1947 eo,
592 1904 681 1949 quod
700 1904 793 1936 Bek-

128 1952 232 1985 kerus
256 1951 358 1985 etiam
382 1951 481 1986 Vind.
509 1951 548 1984 B.
579 1951 669 1984 inter
692 1949 794 1983 omit-

128 2001 241 2031 tentes
273 1999 402 2031 referre
439 1997 562 2031 oblitus
597 2001 660 2030 est.
719 1995 792 2028 Sed

127 2045 284 2098 quoniam
312 2043 415 2078 facile
448 2047 527 2088 post
558 2040 792 2086 ἀπολογησα-

125 2087 538 2173 ἕένέιὲζῖῗῖῗιὲἓξὲῗ
547 2088 793 2169 ιίἱέἓξῗῗῖἰῖἓῖ

128 2186 186 2215 tur
212 2183 283 2226 (vel
300 2183 503 2225 cantilena),
520 2181 653 2214 interim
674 2184 792 2213 tenen-

128 2228 207 2261 dum
238 2228 369 2272 putavi.
417 2227 485 2262 Pro
516 2224 617 2271 μέλει
639 2227 715 2261 Ald.
743 2225 792 2260 εἰ-

126 2272 227 2317 μέλεὶ
250 2274 365 2308 habet.

174 2338 200 2387 ἥ
213 2342 311 2398 τινι]
339 2340 392 2376 ἔτι
414 2343 499 2376 Ven.
516 2341 558 2375 C.

174 2386 318 2442 μέτρῳ]
349 2386 476 2435 τρόπῳ
501 2400 544 2432 γρ
568 2388 648 2421 Par.
672 2388 713 2422 Α.
738 2387 793 2430 (in

130 2435 305 2490 margine,
339 2438 429 2468 teste
454 2424 638 2478 Faehsio.)
671 2434 717 2469 cf.
741 2434 792 2467 A·

128 2477 171 2515 ἐν
195 2460 338 2524 μέλεσιν
361 2477 385 2526 ἢ
410 2479 544 2515 ἔπεσιν.

177 2551 332 2595 Δοῖμεν]
357 2549 509 2594 δοίημεν
534 2550 618 2584 Lob.
641 2549 732 2586 Mon.
751 2549 792 2583 Β.

131 2598 212 2632 Vat.
237 2598 278 2631 B.
306 2603 451 2631 etam.
475 2608 502 2630 s.
526 2598 614 2631 Ven.
639 2596 680 2630 B.

175 2664 233 2710 δέ]
260 2671 375 2711 post,
374 2676 400 2699 ε
423 2665 510 2699 Lob.
535 2666 616 2699 Vat.
640 2665 720 2698 ΒΜ.

173 2713 272 2757 που]
306 2712 387 2751 πῶς
419 2712 496 2746 Par.
531 2712 575 2745 K.
609 2723 678 2745 sec.
712 2710 788 2756 Bip.

127 2771 206 2798 πως
230 2771 298 2793 sec.
322 2757 433 2792 Bekk.

172 2802 314 2849 αὐτῆς]
350 2800 481 2842 αὐτοῖς
512 2803 599 2848 Ang.
623 2804 664 2840 B.
699 2803 790 2838 Flor.

127 2852 170 2886 R.
195 2858 230 2886 et
254 2856 334 2886 ante
359 2861 447 2884 corr.
471 2849 572 2884 Vind.
597 2850 640 2883 F.

936 835 1072 896 αὐτῆς
1124 838 1359 897 ἐπᾴδοντες
1414 836 1521 896 ἡμῖν

856 963 1148 1045 LobGoFathV
1150 963 1264 1043 ali-1013..
1285 974 1326 1042 Ba.
1354 960 1522 1042 ιέ1οτδ..ὗί

857 1067 921 1088 om.
956 1056 1040 1090 Ven.
1066 1055 1107 1088 C.
1145 1056 1224 1089 Par.
1249 1055 1326 1088 DK.
1364 1059 1400 1088 et
1432 1066 1453 1088 a
1475 1065 1519 1088 m.

857 1111 908 1146 pr.
934 1102 1014 1135 vat.
1041 1101 1080 1135 B.

900 1146 1099 1190 ποιητικοὶ]
1124 1149 1249 1191 poetae
1272 1145 1350 1179 Fic.

852 1191 969 1274 Ετὰς
1013 1194 1224 1238 πολιτείας]
1274 1191 1519 1236 rempublicam

887 1250 919 1271 ic

901 1281 1145 1327 ἀνθρώπινόν
1157 1281 1247 1340 ἔστι]
1273 1280 1520 1337 α’νθριόπινον

853 1327 930 1364 ἔστι
966 1330 1066 1365 Vind.
1089 1331 1132 1363 F.
1169 1327 1415 1374 ἀνθρώπινον
1444 1326 1519 1363 ἐστί

851 1376 929 1409 Ald.
970 1377 1052 1410 Bas.
1094 1377 1149 1410 ab.
1187 1377 1310 1422 steph.
1343 1377 1420 1410 Ast.
1464 1386 1518 1421 pr.

853 1422 961 1456 Bekk.
987 1422 1112 1456 Stallb.
1139 1433 1192 1467 pr.

899 1492 986 1535 του]
1012 1491 1080 1525 τοῦ
1104 1491 1206 1525 Vind.
1231 1490 1271 1525 F.
1304 1501 1378 1524 που
1410 1489 1514 1534 (Ven.
1543 1487 1578 1528 E

849 1537 910 1581 B.)
936 1537 1014 1572 Ald.
1039 1538 1119 1571 Bas.
1147 1538 1201 1570 ab.
1231 1537 1353 1581 steph.
1379 1536 1514 1569 Bekke-

850 1595 910 1617 rus
932 1588 967 1617 et
986 1584 1022 1617 in
1043 1595 1094 1628 pr.
1107 1582 1364 1617 Stallbaumius.
1392 1582 1516 1624 „Scri—

850 1629 995 1663 bendum
1021 1634 1123 1673 puto,
1157 1629 1193 1663 oz
1216 1627 1310 1663 ποτέ
1337 1640 1404 1662 του
1434 1624 1516 1670 ἐρα-

852 1674 1044 1714 σθέντες.“
1089 1676 1212 1719 Steph.
1248 1682 1362 1708 annot.
1395 1685 1430 1718 p.
1459 1675 1517 1708 27.

851 1721 897 1755 Ei
933 1722 1109 1754 Bekkerus
1141 1721 1177 1754 in
1210 1733 1329 1754 comm.
1361 1719 1516 1753 subscri-

853 1768 932 1812 psit.
980 1768 1074 1800 Idem
1108 1767 1173 1800 iam
1198 1767 1234 1800 in
1265 1779 1319 1811 pr.
1345 1766 1516 1799 sentiebat

852 1813 1116 1854 Stallbaumius‚
1144 1813 1238 1846 cuius
1265 1816 1346 1846 nota
1371 1812 1414 1845 ad
1440 1812 1471 1844 h.
1491 1812 1514 1845 l.

850 1858 898 1893 ita
923 1859 1052 1904 scripta
1075 1864 1148 1901 est,
1174 1860 1271 1904 quasi
1296 1859 1329 1892 in
1353 1861 1514 1892 contextu

850 1917 917 1939 του
942 1906 1102 1940 dedisset.

894 1948 1119 2007 ἡγήσωνται]
1140 1947 1387 2007 ἡγήσονταιᾞ
1390 1950 1456 1985 ind.
1471 1950 1511 1994 Ε.

896 1995 1126 2042 ἀπέχονται]
1151 1995 1403 2040 ἀποδέχονται
1433 1997 1512 2032 Vat.

895 2085 1019 2133 οὕτω]
1055 2086 1176 2129 οὕτως
1199 2089 1286 2123 Lob.
1311 2089 1413 2122 Vind.
1439 2088 1512 2122 EF.

848 2136 940 2170 Flor.
968 2136 1141 2170 ACRTV.

892 2201 970 2239 ’ὑπὸ
997 2204 1078 2248 τῆς]
1103 2204 1170 2247 τῆς
1194 2215 1259 2237 om.
1290 2203 1369 2236 Par.
1397 2202 1442 2236 K.

892 2251 1029 2295 καλῶν]
1056 2251 1180 2284 κακῶν
1205 2251 1290 2285 ven.
1317 2250 1358 2282 B.

895 2297 999 2332 εὖνοι
1022 2308 1089 2340 μεν
1121 2293 1310 2339 ἐσόμεθα]
1345 2306 1450 2329 ευνοι
1472 2307 1509 2338 μ.
1534 2295 1603 2329 608

848 2341 878 2379 ἐ.
902 2344 1004 2377 Vind.
1030 2343 1072 2377 F.
1105 2343 1253 2385 benique
1283 2342 1422 2386 quidem
1455 2353 1512 2375 ex-

848 2391 1087 2435 spectabimus,
1111 2395 1151 2423 ut
1176 2380 1250 2422 Fic.

896 2457 1113 2515 βελτίστην]
1127 2456 1161 2502 β.
1186 2468 1226 2490 τε
1275 2456 1373 2490 Vind.
1398 2457 1438 2490 B.

896 2516 960 2538 οια
984 2501 1043 2547 τ’]
1072 2507 1134 2537 οια
1158 2499 1197 2537 τ’
1223 2502 1307 2536 Lob.
1330 2502 1426 2535 Vind.
1439 2502 1511 2536 EF.

851 2547 914 2584 οἶά
939 2547 977 2583 τ’
1003 2550 1103 2583 Vind.
1128 2549 1168 2584 Β.
1191 2549 1266 2582 Ald.
1291 2550 1370 2582 Bas.
1397 2550 1451 2581 ab.

848 2590 955 2676 Agl}
967 2589 1016 2640 ἧν
1038 2595 1137 2630 wind.
1164 2595 1236 2628 BF.
1261 2597 1346 2639 Ang.
1358 2595 1399 2629 B.
1418 2595 1510 2627 Flor.

895 2707 1176 2767 ἀκροασόμεθ’]
1240 2706 1508 2763 οἷκροασόμεθα

847 2758 931 2791 Lob
955 2758 1053 2791 Vind.
1066 2758 1106 2790 F.
1126 2753 1407 2811 ἀκροασώμεθα
1421 2757 1509 2797 Ang.

847 2805 886 2837 B.
923 2804 1016 2837 Flor.
1053 2804 1093 2838 R.
1139 2800 1209 2837 οὐκ
1241 2798 1508 2846 ακροασόμεθα

846 2851 925 2884 Pa..
951 2850 994 2883 K.
1023 2861 1091 2884 sec.
1121 2849 1230 2884 Bekk.
