1764 3176
83 67 138 108 30
733 59 880 97 Volum.
910 59 937 97 I.

81 179 172 229 Pag.
184 177 280 224 353,
290 187 325 222 a,
357 172 408 211 16
441 184 463 208 a
491 171 518 207 s.
549 173 635 221 post
662 168 828 221 μείνειεν
854 170 1020 208 inseras:
1051 170 1136 208 Par.
1166 168 1210 206 A.
1241 169 1313 208 Dii.

84 236 175 284 pag
183 232 276 279 354
288 245 324 279 a,
356 228 406 267 13
449 227 524 266 as
555 227 690 264 addas.
737 226 796 263 Cf.
834 227 954 277 Epist.
987 227 1069 267 VH,
1112 241 1148 277 p.
1178 226 1273 266 351
1309 224 1368 262 A.
1417 222 1496 263 ἐστι
1532 221 1575 263 δὲ

328 280 424 331 ου’κ,
465 280 514 321 ἄν
550 297 608 329 τις
645 279 848 350 πλούσιον,
875 281 1015 323 ἓαυτον
1053 294 1211 337 ποιησῃ.
1270 282 1331 318 Sic
1363 281 1457 318 enim
1487 281 1580 317 scri-

327 340 514 384 bendum,
544 351 618 375 non
649 361 703 366 —
735 340 809 378 οὐκ
834 336 896 379 ἅην

82 402 176 451 Pag
187 400 330 448 355‚a,
359 409 445 446 pen.
471 399 560 445 post
589 395 681 434 690.
708 393 756 432 Β.
785 396 947 432 inseras:
980 394 1075 445 (quo
1102 400 1224 432 tamen
1246 394 1328 431 loco
1361 388 1581 444 α’ναγκαΐον

327 465 372 490 ex
396 451 482 487 Par.
513 450 556 487 A.
584 450 694 488 Voss
725 463 795 500 pro
827 447 1051 502 ἀναγκαίαν
1080 451 1294 502 ponendum
1319 448 1485 498 videtur)

301 509 339 557 b,
369 508 422 547 16
458 522 480 544 a
514 506 540 543 f.
582 506 722 545 addas:
769 506 913 544 Tamen
954 507 1055 546 Tim.
1090 520 1127 557 p.
1154 506 1221 548 64,
1253 507 1297 546 Ε.
1341 506 1410 555 βία
1435 503 1509 556 γάρ
1537 501 1580 543 τὸ

330 560 499 614 πάμπαν
541 558 614 601 ov’n
652 561 710 601 ε’νι
746 565 796 615 τῇ
835 563 1025 614 διακρίσει
1060 578 1098 602 τε
1138 559 1262 614 αὐτῆς
1294 563 1392 612 (της
1421 559 1580 611 ὅψεως)

330 619 399 659 καὶ
430 618 630 685 συγκρίσει
658 617 811 667 vulgata
846 624 883 656 et
915 620 1074 656 omnium
1112 621 1278 657 codicum
1309 630 1381 655 uno
1409 618 1493 655 Ric.
1525 619 1583 664 A.‚

326 677 389 726 qui
424 672 466 714 τὸ
505 671 697 726 παράπαν
735 674 870 723 habet,
909 680 1063 725 excepto
1089 675 1224 723 lectio,
1264 674 1488 724 significatio
1517 687 1583 710 au-

331 738 405 770 tem
437 735 476 767 ut
504 730 540 767 h.
572 731 594 769 1.
624 731 815 767 affirmans
845 736 924 779 est,
959 744 1110 771 omnmo

85 791 284 840 Pag,356‚
302 803 338 837 a,
368 790 390 828 2
429 787 566 824 addas:
607 788 645 823 In
682 787 768 827 Par.
807 788 848 823 A.
890 786 962 824 Du.
1005 783 1414 839 ἐμπροσθενηλθομεν
1453 797 1584 835 super-

327 844 466 893 scripto
499 843 629 880 eadem
659 855 769 879 manu
799 845 863 880 ΔΙ
885 843 1034 892 legitur.

304 901 341 948 b,
370 900 421 938 13
448 903 536 949 post
563 893 679 950 ὑγιής
709 899 873 936 inseras:
902 898 987 936 Par.
1015 900 1058 937 A.
1089 897 1161 936 Dii.

364 954 415 996 14
442 968 464 991 a
493 955 519 991 f.
550 956 596 991 ad
630 953 734 991 Vind.
767 953 814 992 B.
855 956 991 992 addas:
1030 960 1066 992 et
1103 968 1124 992 a
1162 966 1208 991 m.
1236 966 1291 1004 pr.
1320 952 1405 993 Par,
1437 951 1480 992 Α,
1512 951 1584 989 Dii.

393 1014 431 1048 et
461 1011 511 1051 12
544 1023 566 1047 a
598 1010 624 1049 f.
652 1014 741 1060 post
767 1010 813 1048 D.
845 1012 1011 1048 inseras:
1035 1015 1072 1048 et
1102 1024 1124 1048 a
1151 1023 1200 1048 m.
1231 1022 1306 1048 sec.
1332 1009 1416 1049 Par,
1440 1008 1484 1045 A.
1511 1007 1583 1045 Dii.

363 1068 389 1106 6
417 1079 439 1103 a
468 1066 495 1105 f.
525 1079 594 1117 pro
622 1066 704 1107 527
728 1067 832 1115 legas
863 1067 958 1108 570.

361 1121 388 1162 4
413 1138 435 1161 a
465 1122 490 1158 f.
522 1122 662 1162 addas:
691 1122 752 1162 Cf.
785 1121 907 1160 Lehrs
934 1123 1089 1166 Quaest.
1123 1136 1180 1172 ep.
1212 1136 1249 1172 p.
1281 1120 1375 1161 143.

87 1181 329 1231 Pag 357‚a‚
359 1179 456 1215 inter
490 1191 526 1217 V.
553 1179 576 1217 2
609 1182 645 1215 et
669 1178 694 1217 3
725 1180 892 1217 inseras:
921 1176 1231 1230 ἐμπιπλάμενος)
1260 1178 1346 1217 Par.
1380 1176 1425 1215 A.
1458 1175 1531 1212 Dii·
1567 1189 1588 1212 a

336 1248 384 1272 m.
412 1234 666 1272 recentissima
691 1250 717 1284 μ
742 1237 839 1272 inter
871 1252 885 1274 ι
914 1241 951 1273 et
979 1252 1018 1275 π.
1052 1236 1285 1273 interiectum
1315 1233 1439 1270 habet.

363 1290 389 1330 4
409 1291 551 1327 addas:
598 1294 635 1326 et
676 1286 809 1330 αὐτῶν
843 1306 866 1329 a
902 1305 950 1334 m.
982 1305 1057 1333 sec.
1085 1292 1222 1329 sactum
1254 1303 1299 1328 ex
1328 1285 1450 1329 αὐτόν
1478 1287 1590 1326 habet

392 1346 478 1386 Par.
508 1345 556 1383 A.
582 1345 656 1383 Dii.

363 1402 387 1442 5
418 1402 557 1440 addas:
602 1416 736 1454 χαριεν
775 1418 796 1441 a
834 1416 882 1441 m.
922 1417 979 1454 pr.
1015 1402 1150 1456 χαρίεν
1190 1415 1212 1440 a
1239 1415 1287 1442 m.
1318 1414 1395 1440 sec.
1426 1400 1511 1437 Par.
1544 1399 1588 1436 A.

393 1456 469 1497 Dii.
498 1459 611 1495 etiarn
635 1458 670 1496 h.
701 1458 724 1498 l.

362 1514 461 1551 inter
489 1527 525 1553 v.
545 1515 570 1554 8
600 1518 637 1551 et
657 1516 682 1554 9
712 1515 881 1556 inseras:
912 1511 954 1555 τὸ
980 1512 1074 1568 γάρ)
1109 1536 1155 1542 -
1178 1511 1198 1554 ὁ
1222 1534 1276 1540 -
1305 1514 1342 1551 in
1371 1513 1482 1550 litura
1502 1511 1587 1551 Par.

390 1569 436 1607 A.
466 1569 541 1608 Dii.

364 1627 416 1665 16
445 1630 536 1677 post
563 1624 781 1678 ἐπαινέσει)
809 1628 973 1664 inseras:
1006 1627 1091 1664 Par.
1124 1626 1170 1667 A.
1204 1626 1278 1664 Dfi.
1312 1638 1334 1662 a
1362 1638 1410 1662 m.
1438 1639 1495 1677 pr.

308 1682 344 1728 b,
374 1687 466 1732 post
495 1696 528 1719 v.
558 1683 622 1722 ult.
650 1685 786 1720 addas:
818 1684 942 1734 σφᾶς)
974 1680 1079 1734 σφςές
1106 1682 1192 1719 Par.
1222 1682 1267 1721 A.
1299 1680 1377 1723 Dii.

89 1739 182 1789 Pag.
198 1739 293 1784 358,
308 1753 342 1787 a,
370 1739 469 1775 inter
505 1751 538 1777 v.
576 1740 629 1779 10
668 1744 706 1777 et
738 1741 787 1779 11
827 1740 988 1778 inseras:
1040 1736 1188 1788 δεινός)
1228 1739 1366 1785 ὅεινως
1398 1751 1420 1776 a
1454 1751 1502 1775 m.
1533 1749 1590 1788 pr.

338 1793 422 1832 Par.
450 1794 495 1829 A.
527 1793 602 1831 Dii.

312 1850 347 1896 b,
375 1848 400 1889 4
430 1854 519 1900 post
553 1846 670 1902 ἔγωγ’
709 1855 748 1888 et
781 1852 833 1891 10
869 1856 958 1903 post
993 1863 1143 1904 συγγιν.
1182 1854 1219 1887 et
1256 1852 1309 1890 16
1343 1854 1431 1900 post
1468 1845 1594 1889 αὐτοῦ

339 1906 506 1942 inseras:
535 1906 623 1943 Par.
651 1906 697 1943 A.
727 1906 803 1947 Dii.

91 1961 340 2012 Pag.361,a,
370 1963 420 2003 12
451 1974 473 1998 a
500 1962 525 1999 f.
555 1967 643 1999 ante
672 1958 797 2008 οὕτως
822 1963 989 2000 inseras:
1021 1957 1182 2009 οὕτως-3
1203 1975 1252 1999 m.
1269 1975 1325 2012 pr.
1349 1962 1433 2002 Par,
1450 1961 1496 2000 A.
1516 1960 1591 2000 Dii,

311 2018 349 2066 b,
380 2017 406 2057 4
434 2022 523 2068 post
553 2014 654 2057 οὕτω
686 2022 724 2055 et
753 2019 805 2057 17
831 2023 919 2069 post
945 2016 1075 2058 πόθεν
1101 2021 1264 2056 inseras:
1291 2018 1376 2058 Par.
1408 2018 1453 2058 A.
1476 2016 1548 2054 Dii.

90 2073 338 2123 Pag.362‚a‚
367 2074 464 2110 inter
498 2086 532 2110 v.
565 2076 587 2115 2
611 2079 649 2111 et
678 2075 704 2113 3
731 2075 894 2112 inseras:
927 2073 960 2121 ὁ)
993 2075 1028 2112 in
1056 2076 1165 2112 litura
1190 2074 1275 2112 Par.
1303 2074 1348 2113 A.
1376 2073 1451 2110 Dii.

312 2131 350 2178 b,
381 2130 478 2166 inter
507 2143 541 2170 v.
573 2131 598 2169 9
629 2134 665 2167 et
698 2131 722 2170 8
752 2143 774 2167 a
803 2131 830 2167 f.
862 2132 1024 2168 inseras:
1066 2128 1135 2182 δή)
1171 2153 1214 2157 -
1241 2127 1267 2181 ἠ
1302 2132 1337 2166 in
1368 2130 1479 2167 litura
1506 2127 1591 2166 Par.

339 2186 385 2225 A.
418 2184 493 2225 Dii.

93 2241 338 2290 Pag.363,a‚
371 2242 467 2278 inter
493 2254 524 2279 v.
555 2243 580 2282 8
611 2246 649 2279 et
679 2244 702 2281 9
738 2243 899 2279 inseras:
933 2241 975 2281 ἐν
1004 2238 1127 2296 αὐτῇ)
1158 2241 1198 2279 In
1220 2242 1306 2280 Par.
1326 2240 1371 2281 A.
1392 2240 1465 2278 Dii.
1496 2241 1593 2277 inter

341 2313 363 2336 ν
391 2302 429 2334 et
455 2313 479 2336 α
504 2297 666 2335 deletum
694 2303 752 2335 est
780 2313 796 2338 ε
1177 2340 1179 2342 ,

368 2354 393 2393 8
422 2366 450 2409 ³5.
472 2352 498 2390 f.
529 2358 619 2403 post
643 2357 883 2392 continuatur
909 2355 1071 2392 inseras:
1104 2354 1170 2404 (ef.
1194 2368 1230 2404 p.
1252 2352 1347 2394 420.
1381 2352 1434 2390 C:
1461 2348 1591 2404 ὥσπερ

400 2411 474 2449 οὐν
489 2411 564 2460 -)

313 2465 349 2514 b,
376 2472 465 2516 post
491 2478 525 2506 v.
559 2468 582 2507 2
610 2467 771 2503 inseras:
817 2462 955 2516 ὁπότε)
984 2460 1004 2505 ὅ
1034 2480 1127 2505 ποτε
1151 2465 1234 2502 Par.
1263 2466 1308 2501 A.
1340 2464 1416 2502 Dii.
1446 2462 1591 2513 ἐκεῖνο)

341 2522 385 2559 In
423 2521 509 2559 Par.
545 2523 591 2559 A.
623 2522 698 2562 Dii,
737 2534 851 2571 super
892 2536 912 2560 ο
944 2523 1075 2559 eadem
1111 2534 1220 2559 manu
1259 2522 1438 2571 scriptum
1473 2526 1531 2558 est
1562 2535 1592 2559 ω

340 2578 544 2625 minutum,
580 2579 637 2615 cui
665 2578 838 2627 imposita
867 2583 924 2615 est
953 2578 1088 2614 lineola
1116 2578 1286 2615 accentui
1316 2578 1420 2626 gravi
1450 2577 1591 2614 similis.

371 2635 422 2674 12
453 2646 474 2670 a
496 2633 522 2670 f.
553 2639 639 2682 post
667 2629 908 2684 ὖποληφθέν
937 2635 1097 2672 inseras:
1130 2634 1213 2674 Par,
1241 2634 1286 2670 A.
1310 2633 1383 2671 Dii.
1414 2646 1435 2670 a
1461 2647 1508 2672 m.
1535 2645 1592 2682 pr.

367 2691 465 2782 infr
479 2702 526 2782 Β.
552 2691 578 2728 6
609 2695 644 2729 et
671 2692 695 2729 5
725 2703 746 2728 a
769 2691 793 2729 f.
824 2691 984 2728 inseras:
1022 2687 1237 2741 ὡσαύτως)
1263 2687 1316 2737 οἷς
1346 2685 1475 2736 αὕτως
1506 2689 1589 2729 Par.

439 2773 447 2784 .
519 2759 553 2783 u.
