1764 3176
296 107 382 149 250
754 106 1219 152 PLATONIS

297 214 463 272 σβύτου
491 215 650 271 χρόνος
677 216 787 272 πρὸς
815 219 958 263 πάντα
989 219 1136 277 ὀλίγος
1160 220 1248 265 πού
1278 237 1342 274 τις
1372 220 1427 266 ἂν
1456 222 1534 278 ε’ίη.
1590 222 1677 266 Οὐ-

295 285 371 328 δὲν
411 284 490 339 μὲν
532 278 638 338 οὖν,
678 285 777 341 ἔφη.
853 289 904 331 Τί
942 284 1049 340 οὗνς
1092 291 1172 333 οἴει
1210 288 1421 348 ἀθανάτῳ
1457 287 1679 347 πράγματι

292 350 405 407 ὑπὲρ
446 350 666 396 τοσούτου
714 355 806 397 δεῖν
850 355 1016 410 χρόνον
1055 357 1403 410 ἐσπουδακέναι,
1453 356 1551 402 ἀλλ’
1598 357 1678 414 οὐχ

228 427 267 468 D
293 419 405 475 ὑπὲρ
430 424 511 463 τοῦ
534 420 721 473 παντός,·
758 420 891 479 Οἶμαι
921 423 1056 480 ἔγωγ’,
1090 427 1188 484 ἔφη.
1238 425 1345 472 ἀλλὰ
1374 427 1415 472 τί
1443 430 1575 471 τοῦτο
1606 426 1679 470 λέ-

290 504 407 544 γειςς
455 487 548 532 Οὐκ
577 489 795 546 ᾔσθησαι,
833 488 890 548 ἦν
920 491 963 536 δ’
994 493 1100 549 ἐγώ,
1142 496 1210 540 ὅτι
1239 495 1463 546 ἀθάνατος
1491 494 1617 551 ἡμῶν
1649 492 1677 551 ἦ

291 556 408 614 ψυχή
451 557 524 600 καὶ
563 556 776 603 οὐδέποτε
815 558 1084 614 &adlimam
1127 565 1214 608 Καὶ
1257 564 1306 615 ὃς
1349 562 1565 619 ἐμβλέψας
1603 578 1679 618 μοι

290 626 366 669 καὶ
406 625 644 681 θαυμάσας
684 625 795 671 εἶπε·
835 630 896 684 μὰ
936 628 1014 673 Δί’
1058 631 1140 676 οὐκ
1174 633 1326 689 ἔγωγε·
1369 632 1424 675 σύ
1464 632 1510 675 δὲ
1550 629 1676 673 τοῦτ’

291 694 400 750 ἔχεις
430 694 595 750 λέγειν,·
638 696 694 736 Εἰ
733 695 790 751 μὴ
824 695 962 740 ἀδικῶ
992 697 1039 753 γ’
1043 732 1053 752 ,
1083 700 1218 784 ξ’ἕφην.
1260 699 1382 755 οἶμαι
1416 699 1462 742 δὲ
1495 698 1568 742 καὶ
1599 698 1675 741 σύ·

290 761 424 807 οὐδὲν
461 762 546 818 γάρ
587 763 790 818 χαλεπόν.

288 899 387 956 ἐγώ.

287 1035 607 1119 Mnot'sghnoiffiocl
620 1049 716 1117 MSS
738 1036 806 1072 τὸν
827 1037 953 1073 πάντα

287 1096 444 1164 Asttilus‘
436 1131 471 1164 in
503 1085 607 1165 tergi·-
624 1134 659 1164 et
690 1086 951 1174 ὲῐᾶῗῗίξεξίξῗιξιῗξ,

287 1177 567 1232 quemadmodum
588 1182 624 1209 et
641 1177 752 1230 paullo
770 1184 847 1221 post
866 1175 949 1211 ἀλλ’

290 1220 358 1266 οὐχ
375 1219 469 1265 ὑπὲρ
489 1222 557 1256 τοῦ
578 1220 731 1263 παντός,
748 1230 783 1256 et
802 1224 841 1256 L.
853 1226 883 1259 V
887 1225 950 1258 ΙΙΙ.

286 1281 322 1314 p.
345 1271 427 1304 546.
445 1271 485 1301 A.
523 1265 612 1302 ουδ’
645 1265 667 1312 ἡ
701 1267 856 1313 τοιαύτη
887 1268 947 1311 ξύρ

287 1325 412 1354 σῖῡίσις
447 1327 514 1348 ‘cov
547 1311 700 1347 ἅπαντα
729 1318 830 1357 μενεῖ
862 1328 945 1359 χῼΟ·

285 1373 375 1404 νον,
409 1365 442 1394 et
478 1361 517 1394 L.
539 1360 598 1394 VI.
633 1372 668 1405 p
690 1361 770 1396 498.
791 1362 833 1395 D.
883 1361 951 1401 Εἰς

285 1405 416 1451 μικρόν
440 1404 492 1462 γ’,
519 1404 603 1450 ἔφη,
627 1403 764 1452 χρόνον
789 1408 950 1461 εἰόηκας.

286 1454 355 1493 Εἰς
388 1450 499 1487 οὐδὲν
530 1451 619 1508 μὲν
631 1452 720 1496 ου’ν,
753 1451 867 1498 ἔφην,
900 1451 951 1493 ω’ς

284 1511 324 1544 γε
360 1498 456 1542 πρὸς
490 1497 558 1533 τόν
593 1495 761 1543 ἅπαντα,
799 1505 834 1534 et
864 1501 952 1556 Leg.

284 1547 324 1580 L.
343 1546 423 1579 1111.
452 1558 484 1591 p.
502 1548 581 1581 721.
596 1546 636 1579 C.
660 1544 768 1590 γένος
793 1547 862 1580 ov'v
885 1544 952 1580 οἷν-

283 1590 451 1635 θρώπων
493 1589 569 1626 ἐστι’
609 1605 644 1626 τι
679 1591 841 1636 ξυμφυὲς
880 1593 949 1626 τοῦ

284 1637 429 1678 παντὸς
453 1636 603 1682 χρόνον,
623 1644 658 1672 et
674 1639 805 1684 Tim.p
809 1641 892 1675 ..33
908 1639 949 1672 C.

283 1683 328 1719 τὸ
353 1682 420 1728 μὲν
443 1684 521 1741 γὰρ
535 1683 580 1728 δὴ
601 1652 838 1743 παράδειγμα
856 1683 950 1719 πάν-

283 1743 330 1764 τα
357 1729 479 1764 αἱῶνοὶ
506 1728 602 1765 ἐστιν
628 1729 684 1772 ὃν,
712 1728 731 1765 ὁ
758 1729 797 1766 δ’
816 1744 864 1765 αυ
886 1729 948 1766 διὰ

283 1775 413 1816 τέλους
445 1776 513 1811 τὸν
549 1773 699 1811 ἅπαντα
723 1776 860 1821 χρόνον
893 1790 949 1822 γε·

282 1835 402 1867 γονως
435 1835 472 1856 τε
508 1823 571 1857 καὶ
597 1820 649 1856 ὢν
673 1825 736 1858 καὶ
761 1822 947 1867 ἐσόμενος.

283 1870 354 1903 Sed
379 1870 443 1902 hoc
478 1869 554 1911 ipso
580 1871 711 1904 Timaei
743 1871 816 1904 loco
849 1883 949 1913 quem

283 1913 409 1949 πάντα
435 1915 557 1949 αἰωνοι
581 1916 679 1948 Plato
706 1917 780 1950 sine
804 1917 947 1950 articulo

281 1962 388 2004 dixit,
413 1962 501 1995 idem
526 1963 561 1996 in
585 1963 711 1996 scholio
737 1963 779 1996 ad
805 1963 880 1996 Civ.
908 1963 947 1995 L.

283 2008 380 2043 VIII.
401 2020 506 2053 supra
529 2020 563 2053 p.
578 2009 631 2049 15,
642 2009 675 2041 b.
700 2008 812 2053 posito
832 2004 850 2042 ὁ
872 2009 949 2047 πᾶς

285 2052 382 2088 αἰών
406 2055 553 2097 dicitur,
578 2058 613 2087 et
637 2055 671 2088 in
697 2055 772 2088 aliis
795 2055 948 2088 formulis

284 2106 420 2135 constat
442 2101 516 2140 πᾶς
540 2112 776 2146 nonnunquam
795 2101 950 2143 articulo,

283 2159 384 2192 quem
417 2147 615 2192 plerumque
651 2148 801 2180 additum
835 2148 948 2187 habet,

281 2199 497 2235 care1e‚ut
520 2194 604 2249 Leg.
629 2193 669 2228 L.
690 2194 774 2226 lIII.
808 2205 842 2238 p.
867 2195 945 2228 728

280 2240 321 2273 A.
357 2238 501 2279 παντὸς
536 2237 602 2282 μὲν
643 2239 712 2273 ούν
746 2238 881 2281 λείπει,
913 2245 949 2272 et

281 2287 434 2330 Euthyd.
459 2298 491 2330 p.
511 2288 591 2321 307
607 2287 647 2321 Α.
671 2283 815 2325 παντὸς
837 2266 947 2327 ἄξιοι.

282 2334 404 2386 ltaque
438 2333 572 2366 videtur
608 2333 660 2366 hic
695 2345 830 2377 quoque
873 2333 947 2371 πᾶς

281 2379 325 2413 ad
349 2378 542 2412 universum
565 2384 709 2423 tempus,
727 2379 815 2423 quod
841 2379 948 2424 omni-

281 2437 324 2459 no
349 2425 488 2467 dicitur,
513 2426 555 2458 ab
580 2425 635 2458 illo
654 2426 769 2459 verbis
786 2425 861 2464 πᾶς
883 2424 947 2458 οῦ-

279 2482 343 2511 τος
389 2476 454 2505 etc.
499 2471 694 2515 sionificato
740 2471 948 2514 distinguen-

281 2518 361 2551 dum
385 2518 557 2559 sufficere,
583 2529 624 2551 ac
649 2517 775 2571 nescio3
800 2529 842 2551 an
866 2529 947 2551 con-

282 2565 370 2598 sulto
394 2564 563 2618 scriptor,
578 2575 699 2617 quum
723 2565 872 2608 priorem
902 2564 946 2596 il-

281 2613 349 2644 lum
373 2607 498 2643 ποὶντα
521 2607 656 2653 χρόνον
681 2610 870 2644 necessario
887 2610 945 2643 ‹le-

282 2657 433 2698 finisset,
458 2657 546 2690 hunc
572 2657 671 2701 plane
695 2657 863 2690 infinitum
887 2668 946 2689 ex-

281 2703 439 2748 hibugrit.

329 2749 421 2793 οὖν]
450 2748 543 2792 γοῦν
568 2749 647 2781 Par.
672 2749 747 2783 ΒΚ.
773 2760 847 2782 cum
871 2748 946 2781 edi-

282 2795 432 2830 tionibus
475 2800 555 2829 ante
597 2795 807 2836 Bekkerum‚
857 2794 946 2829 inter

844 763 1036 822 ''Euocy2
1081 768 1190 824 ἔφη·
1228 772 1312 811 σοῦ
1360 765 1403 811 δ’
1449 766 1504 810 ἂν
1541 764 1678 822 ἡδέως

289 829 529 887 ἀκούσαιμι
567 833 615 874 τὸ
658 848 712 874 ου
752 835 939 888 χαλεπὸν
982 838 1122 878 τοῦτο.

446 900 555 956 Λέγε
585 898 751 955 μόνον,
782 901 877 958 ἒᾞφη
934 900 1127 958 Ἀγαθόν
1157 920 1220 958 τι,
1250 901 1394 955 εἶπον,
1433 901 1507 945 καὶ
1537 900 1676 945 κακόν

1184 834 1390 886 Ἀκούοις
1423 834 1507 887 ἂν,
1545 835 1601 890 ἠν
1632 833 1679 877 δ’

1009 1051 1095 1086 quas
1130 1039 1305 1097 Stephano
1338 1039 1472 1084 priores
1510 1039 1585 1073 sine
1623 1039 1675 1073 di-

1008 1087 1188 1121 stinctione
1227 1086 1274 1120 Τί
1297 1085 1389 1130 γοῦν
1425 1086 1496 1120 οἴει
1521 1091 1587 1121 etc.
1612 1086 1675 1120 ha—

1007 1134 1162 1237 bexdtdv]
1173 1179 1233 1212 δεῖ
1255 1178 1355 1212 Vind.
1381 1178 1425 1211 F.
1453 1176 1498 1222 δὴ
1523 1178 1609 1220 Aug.
1631 1178 1672 1210 B.

1004 1272 1033 1306 B
1053 1223 1144 1270 ἔγωγ
1153 1222 1187 1269 ']
1216 1223 1325 1268 5'ym25
1349 1224 1452 1258 Vind.
1477 1225 1552 1258 BE.
1578 1224 1671 1259 Mon.
1702 1218 1740 1260 D

1057 1315 1148 1351 ἀλλὰ
1167 1336 1214 1341 —-
1232 1314 1366 1358 melyas,-
1395 1313 1489 1360 Οὐκ]
1516 1313 1674 1349 Ἀλλὰ-

1008 1362 1133 1418 λέγεις,
1160 1374 1228 1396 ουκ
1252 1363 1328 1395 Ald.

1059 1405 1332 1454 Ου’κῇσθησαι]
1351 1405 1510 1453 ου’κῄσθ.
1522 1408 1621 1442 Vind.
1632 1408 1673 1443 F.

1054 1452 1175 1510 ἡμῶν]
1201 1455 1261 1488 int.
1286 1465 1376 1488 vers.
1401 1455 1502 1488 Vind.
1527 1455 1568 1487 B.

1056 1499 1255 1547 ἐμβλέψας]
1281 1497 1464 1545 ἐνβλέψοις
1493 1500 1569 1536 Ald.
1596 1496 1672 1533 ἐπι-

1009 1547 1163 1603 βλέψας
1179 1547 1336 1580 Vind.}1‘.
1364 1546 1673 1590 Ang.B.F1m-.R.

1054 1590 1179 1637 τοῦτ’]
1205 1589 1319 1626 ποῦτ’
1345 1594 1432 1636 Ang.
1458 1593 1499 1626 Β.

1055 1639 1172 1695 λέγειν
1186 1642 1212 1695 ς]
1239 1637 1355 1682 λέγειν
1382 1639 1458 1672 ssas.
1483 1639 1516 1672 b.

1054 1684 1162 1730 ἔφην]
1189 1684 1260 1729 ἔφη
1280 1685 1353 1719 Ald.
1378 1686 1455 1718 Bas.
1472 1686 1526 1720 ab.
1550 1684 1672 1730 Steph.

1006 1733 1080 1766 Ast.
1116 1744 1167 1778 pr.
1201 1744 1269 1765 sec.
1295 1732 1490 1765 tacentibus
1526 1731 1569 1764 de
1593 1731 1672 1764 Par.

1007 1780 1050 1813 K.
1078 1779 1156 1824 Bip.
1203 1779 1293 1812 Eum
1317 1790 1391 1811 cum
1416 1777 1555 1819 reliquis
1578 1774 1672 1820 ἔφην

1007 1825 1168 1859 exhibere
1201 1829 1351 1858 testatus
1395 1828 1448 1857 est
1482 1824 1672 1877 Bekkerus‚

1006 1872 1081 1917 ipse
1112 1875 1229 1904 tacens
1264 1871 1305 1904 de
1333 1871 1433 1904 Vind.
1457 1870 1496 1904 B.
1547 1870 1617 1903 Sed
1643 1869 1672 1902 is

1006 1929 1142 1962 quoque
1166 1917 1310 1960 derogat
1329 1916 1410 1949 vitio
1431 1928 1513 1960 aper
1516 1919 1562 1957 to,
1581 1915 1672 1960 quod

1006 1964 1110 1997 miror
1123 1962 1354 1996 Heindorfium
1373 1962 1414 1995 ad
1429 1963 1565 1996 Char.m
1583 1963 1616 2005 §.
1636 1963 1668 1996 8.

1005 2021 1071 2043 non
1108 2009 1205 2043 modo
1238 2020 1306 2041 non
1350 2008 1559 2049 correxisse,
1609 2007 1670 2041 sed

1006 2056 1109 2089 etiam
1148 2051 1262 2097 Οἶμαι
1296 2054 1432 2097 (littera
1463 2053 1669 2098 maiuscula)

1004 2101 1180 2135 inserendo
1205 2100 1434 2134 confirmasse.

1053 2144 1156 2191 οἶμαι
1187 2144 1227 2180 δὲ
1257 2145 1320 2180 καὶ
1348 2145 1418 2190 σύ]
1471 2145 1553 2189 ⁷,Ne
1593 2145 1669 2191 quis

1004 2195 1095 2228 forte
1117 2192 1181 2227 και
1205 2190 1245 2226 σε’
1270 2193 1483 2226 scribendum
1485 2192 1670 2251 opinetur,

1005 2242 1050 2275 cf.
1076 2240 1183 2284 legg
1203 2239 1229 2272 I
1255 2250 1289 2282 p.
1309 2238 1387 2274 647.
1407 2240 1445 2273 A.
1473 2235 1517 2273 ὃν
1538 2237 1583 2283 δὴ
1605 2237 1669 2272 και

1002 2286 1189 2341 καλοῦμεν
1218 2283 1284 2319 τὸν
1314 2282 1440 2340 φόβον
1475 2282 1580 2340 ἡμεῖς
1615 2296 1666 2329 γε,

1006 2337 1108 2376 οἰμαι
1129 2329 1167 2366 δὲ
1193 2331 1256 2365 καὶ
1276 2330 1425 2374 πάντες,
1450 2329 1638 2375 αἰσχύνην.
1643 2333 1666 2350 “

1005 2378 1246 2413 Stallbaumius
1290 2378 1325 2411 in
1374 2389 1442 2411 sec
1500 2377 1667 2411 Similiter

1004 2426 1101 2459 Crat.
1126 2437 1160 2469 p.
1171 2423 1251 2460 402.
1270 2425 1317 2457 B:
1344 2419 1466 2466 ὥσπερ
1487 2436 1534 2457 αν
1550 2420 1667 2467 Ομη-

1005 2484 1070 2515 ρος
1098 2468 1273 2504 Ὠκεανόν
1308 2481 1347 2504 τε
1385 2471 1487 2504 θεῶν
1524 2468 1666 2519 γένεσίν

1004 2528 1096 2561 φησι
1122 2516 1184 2550 καὶ
1212 2514 1354 2560 μητέοα
1385 2513 1536 2560 Τηθύν·
1563 2513 1666 2559 οἶμαι

1003 2563 1043 2597 δὲ
1083 2562 1146 2597 καὶ
1187 2559 1367 2602 Ησίοδος.
1412 2575 1510 2608 quem
1556 2563 1664 2596 locum

1002 2609 1202 2664 Bernhardy
1244 2614 1334 2653 synt.
1367 2620 1400 2654 p.
1433 2610 1512 2644 455.
1555 2609 1664 2643 citans

1002 2656 1243 2690 nominativum
1282 2666 1361 2689 raro
1403 2667 1476 2689 cum
1519 2655 1664 2689 dictione

1004 2699 1105 2745 οἶμαι
1128 2700 1167 2736 δὲ
1186 2701 1249 2736 καὶ
1273 2702 1424 2735 construi
1448 2701 1507 2735 ait.
1554 2704 1663 2735 Accu—

1002 2749 1103 2783 sativi
1129 2748 1304 2792 exempla,
1337 2759 1477 2792 quorum
1512 2747 1663 2781 collectio

1003 2800 1056 2829 est
1080 2796 1169 2840 apud
1198 2794 1432 2829 Heindorfium
1457 2797 1497 2828 ad
1522 2794 1660 2839 Protag.
