1764 3176
646 113 738 162 Pag.
773 109 1025 154 214—232.
1356 130 1358 136 ἶ
1536 110 1590 150 19

361 222 414 265 24
442 224 491 260 ad
527 222 723 261 Vossianus
753 224 890 262 addas:
922 227 958 262 et
984 223 1070 261 Par.
1103 221 1147 264 A.
1178 222 1247 261 Dii.

360 282 385 320 9
415 292 437 317 a
460 279 486 317 f.
516 293 584 330 pro
616 278 662 318 B.
694 292 814 330 ponas
846 282 890 321 C.

306 336 343 386 b,
373 337 399 376 8
429 348 451 373 a
479 336 504 377 f.
533 337 673 374 addas:
704 337 815 375 -λί
834 358 887 364 -
919 349 940 374 a
968 349 1015 375 m.
1041 349 1097 386 pr.
1126 335 1209 373 Par.
1240 334 1285 374 A.
1315 335 1389 375 Dii.

363 391 389 432 4
416 405 438 430 a
462 392 487 428 f.
520 393 658 429 addas:
694 395 733 429 et
762 393 798 429 in
828 388 995 442 margine
1025 405 1047 429 a
1076 406 1124 431 m.
1155 405 1211 442 pr.
1243 392 1327 430 Par.
1361 391 1403 430 A.
1436 389 1509 429 Dii.

86 452 178 502 Pag
193 448 287 498 224,
305 462 340 497 a,
377 451 398 489 2
430 454 519 498 post
548 443 613 487 αὖ.
644 448 805 486 inseras:
833 449 917 485 Par.
951 448 992 489 A
1023 448 1094 488 Dii

304 506 340 553 b,
365 507 391 545 9
421 505 560 540 addas:
591 519 688 554 -η
712 527 759 531 -
793 505 830 541 in
861 506 969 542 litura
996 504 1081 541 Par.
1115 503 1158 540 A.
1190 503 1260 542 Dii

87 565 174 613 Pag.
189 564 327 611 225‚a‚
362 559 387 600 4
412 574 435 598 a
466 560 491 596 f.
520 560 664 597 addas:
698 560 808 597 Aliud
836 562 992 599 iteratae
1010 575 1052 612 γε
1075 559 1283 609 exemplum
1306 562 1364 596 est
1387 558 1484 608 Leg.
1504 557 1585 595 v.11

329 630 366 666 p.
399 616 494 656 818
526 616 582 652 Β.
624 612 714 655 όσαι
742 618 855 656 θεῖαί
880 632 950 670 γε,
980 621 1111 668 οἶμαι,
1140 631 1222 655 των
1251 630 1293 668 γε
1323 611 1508 668 ἀναγκῶν
1538 614 1587 654 εἰ-

329 673 406 712 σίν.
439 673 500 709 ubi
537 672 649 722 vulgo
680 676 738 709 est
768 689 848 712 των
877 689 936 721 τε,
979 674 1047 711 sed
1077 674 1114 710 in
1141 672 1326 709 Vossiano
1358 689 1380 725 γ
1411 685 1526 723 super
1556 687 1587 710 τ.

330 729 521 778 scriptum.
583 730 671 766 Non
720 730 836 767 solum
875 731 1024 767 divinae
1062 730 1331 777 necessitates,
1371 730 1439 766 sed
1479 729 1589 765 etiam

329 786 577 833 necessitates
608 785 657 821 ibi
687 798 820 823 sonum
850 786 1047 836 accipiunt.
1106 787 1196 822 Item
1229 784 1383 823 Axioch.
1420 799 1456 834 p.
1494 784 1590 823 370-

330 842 375 878 Β.
405 840 488 877 libri
515 841 683 890 potiores
713 842 855 880 habent
886 839 936 883 ου’
966 857 1040 896 γαρ
1074 838 1124 892 δή
1154 856 1197 894 γε
1223 838 1357 892 θνητή
1385 855 1427 893 γε
1452 836 1591 890 φύσις,

327 910 402 935 ηοη
428 919 481 924 ——
513 894 564 947 δη
591 901 658 937 θν.

303 955 339 1001 b,
372 955 394 994 2
424 957 512 1003 post
535 956 667 1003 rtcepzt
693 954 831 991 addas:
873 954 936 1001 qui
966 953 1147 990 Diibnero
1175 956 1273 991 teste
1304 952 1368 992 δαὶ
1398 953 1434 990 in
1465 952 1588 1000 litura,

333 1011 401 1047 sed
433 1021 543 1046 manu
571 1013 719 1047 vetusta
747 1011 928 1060 scriptum
959 1009 1082 1048 habet.

84 1070 176 1118 Pag.
193 1069 288 1117 226,
301 1079 338 1115 a,
373 1067 408 1102 ir·
439 1066 512 1101 fine
547 1066 686 1103 addas:
718 1062 792 1105 ὅσα
823 1064 938 1116 ἅλλα)
969 1061 1033 1105 ῧσ’
1061 1062 1160 1104 ἄλλα
1192 1065 1276 1103 Par.
1308 1064 1352 1101 A.
1385 1065 1458 1102 Dii.

305 1124 342 1172 b,
371 1123 393 1161 1
425 1121 562 1158 addas:
592 1123 795 1160 secundum
826 1122 1046 1160 Diibnerum
1071 1134 1093 1158 a
1129 1134 1175 1158 m.
1207 1134 1283 1159 sec.

363 1179 415 1217 18
446 1178 583 1227 addas:
615 1175 908 1229 νεανικεύματα
938 1179 1022 1216 Par.
1043 1177 1085 1215 A.
1115 1177 1190 1217 Dii.
1222 1178 1395 1227 idemque
1422 1177 1458 1212 in
1490 1188 1588 1213 mar-

390 1235 477 1281 gine
519 1235 566 1271 ab
606 1236 738 1284 eadem
779 1247 889 1272 manu
918 1235 1090 1284 iteratum
1122 1234 1255 1281 habet,
1296 1233 1399 1282 quod
1435 1233 1587 1282 probari

391 1293 542 1339 potest,
569 1291 600 1326 si
631 1292 789 1340 probum
818 1295 875 1328 est
897 1290 1050 1327 verbum
1079 1291 1313 1334 νεανικοῦν,
1342 1290 1388 1325 (le
1418 1301 1491 1338 qno
1515 1289 1589 1327 vid.

389 1345 566 1383 Meineke
599 1346 747 1396 Fragm.
778 1347 885 1387 Com.
918 1347 965 1386 T.
997 1346 1042 1384 II.
1080 1360 1115 1396 p.
1149 1344 1240 1388 472.
1275 1350 1311 1383 et
1340 1343 1511 1382 Lobeck.
1541 1345 1588 1380 ad

390 1401 506 1451 Soph.
537 1401 594 1442 Ai.
624 1416 661 1453 p.
695 1405 787 1444 271.
823 1405 883 1440 ed.
910 1417 967 1454 pr.

361 1458 386 1496 6
416 1470 437 1494 a
467 1458 493 1496 f.
525 1458 662 1496 addas:
693 1460 896 1497 secundum
925 1458 1145 1495 Diibnerum
1172 1458 1207 1494 in
1239 1458 1361 1494 litura.

85 1516 175 1566 Pag.
189 1517 332 1564 227,a‚
363 1513 460 1550 ἱῐὶῒῡΐ
487 1526 521 1551 V·
556 1515 605 1554 11
638 1518 675 1551 et
705 1517 754 1557 12
785 1516 949 1552 inseras:
978 1513 1142 1567 κρειῶν)
1172 1516 1299 1566 κρεῶν
1317 1526 1338 1550 a
1356 1526 1402 1550 m.
1425 1525 1484 1563 pr.
1500 1511 1585 1548 Par.

330 1569 374 1607 A.
401 1568 475 1610 Du.
503 1570 571 1606 sed
603 1576 814 1608 correctum
842 1572 888 1608 ab
917 1572 1064 1609 eadem.

86 1628 176 1677 Pag
197 1628 338 1676 228‚a‚
371 1627 396 1666 8
426 1637 448 1662 a
479 1625 506 1662 f·
535 1631 625 1676 post
652 1622 747 1666 ου’δὲ
777 1628 941 1665 inseras:
972 1627 1057 1665 Par.
1087 1625 1131 1664 A.
1162 1624 1237 1665 Dii.

304 1682 339 1729 b,
365 1684 390 1722 9
419 1682 466 1719 ad
481 1676 653 1733 ’'Apecfig)
685 1684 816 1721 addas:
848 1685 903 1721 Ita
932 1683 1018 1722 Par.
1049 1682 1092 1720 A.
1120 1681 1193 1719 Dii.
1224 1695 1246 1719 a
1277 1693 1323 1721 m
1355 1694 1412 1731 pr.

362 1738 412 1776 11
444 1750 513 1787 pro
541 1738 603 1774 sed
629 1744 813 1776 εοΊγοείιιε
843 1740 947 1790 legas
979 1752 1000 1776 a
1028 1751 1078 1777 m.
1110 1751 1186 1775 sec.

87 1795 328 1845 Pag.229‚a,
355 1795 405 1835 21
439 1793 486 1830 ad
518 1792 601 1834 Vat.
636 1793 684 1831 Η.
718 1796 854 1833 addas:
896 1800 932 1833 et
967 1808 1049 1832 cum
1090 1795 1105 1833 ι’
1144 1794 1190 1830 ab
1230 1794 1361 1830 eadem
1397 1805 1446 1831 m.
1476 1804 1588 1842 super

339 1848 374 1888 εί
400 1849 486 1886 Par.
518 1848 563 1887 A.
596 1850 670 1888 Dii.

306 1906 345 1954 b,
373 1908 399 1945 7
430 1905 570 1943 addas:
603 1906 661 1943 Cf.
683 1908 811 1957 Eurip.
832 1907 936 1945 Med:
951 1904 1052 1946 964:
1078 1906 1238 1945 πείθειν
1257 1905 1366 1956 δῶρα
1381 1903 1449 1944 καὶ
1466 1901 1590 1950 θεοὺς

327 1959 456 2014 λόγος.
486 1962 598 1999 Ovid.
621 1961 665 2000 A.
696 1963 730 2002 a.
756 1964 796 2011 3,
827 1963 927 2002 653:
961 1961 1138 2010 Munera,
1171 1961 1276 1998 crede
1306 1961 1407 2009 mihi,
1437 1963 1589 2010 capiunt

331 2018 557 2068 hominesque
585 2019 755 2069 deosque:
786 2017 966 2056 Placatur
1001 2019 1104 2054 donis
1135 2017 1302 2067 Iuppiter
1332 2019 1406 2066 ipse
1437 2017 1550 2057 datis.

360 2072 387 2112 4
417 2086 439 2110 a
466 2073 492 2110 f.
522 2074 667 2111 addas:
714 2075 817 2124 quod
852 2074 1008 2112 Procius
1047 2085 1198 2124 quoque
1235 2073 1271 2110 in
1314 2072 1393 2109 Civ.
1424 2086 1460 2122 p.
1492 2073 1589 2121 389,

313 2128 319 2133 ’
391 2130 458 2169 31.
504 2133 642 2168 tuetur.
687 2125 879 2181 Μήνιδος
922 2131 1002 2168 sine
1051 2131 1232 2167 varietate
1270 2127 1398 2177 (etiam
1429 2129 1467 2165 in
1503 2129 1586 2166 cod.

393 2185 556 2234 Gorlic.)
585 2186 722 2233 legitur
747 2186 903 2224 Luciani
931 2186 1018 2223 Ver.
1045 2185 1130 2223 hist.
1161 2187 1206 2234 2,
1235 2186 1301 2225 20.

88 2240 180 2291 Pag.
195 2241 290 2290 230,
305 2240 342 2289 b,
373 2241 397 2281 5
428 2253 451 2278 a
484 2242 508 2279 f.
538 2242 585 2278 ad
614 2241 703 2283 Par.
735 2243 782 2283 A.
814 2244 957 2280 addas:
987 2243 1025 2279 in
1058 2254 1132 2290 quo
1163 2240 1341 2278 Diibnero
1370 2244 1467 2278 teste
1497 2238 1522 2291 η’
1552 2241 1588 2277 in

333 2296 442 2334 litura
468 2298 669 2348 scriptum,
698 2304 786 2337 ante
814 2300 957 2336 lituram
988 2309 1077 2335 vero
1105 2297 1203 2334 aliud
1231 2301 1344 2346 atque
1369 2292 1399 2335 ι’
1429 2297 1510 2336 fuit.

89 2353 333 2403 Pag.231‚a,
363 2351 388 2392 4
418 2366 439 2390 a
468 2354 494 2391 f.
527 2355 670 2392 addas:
724 2356 803 2393 Has
841 2355 972 2407 τρίχας
1002 2349 1110 2404 ἷεροὶς
1141 2354 1256 2391 fuisse
1288 2356 1403 2402 negat
1432 2352 1588 2390 Proclus

334 2409 372 2446 in
403 2408 484 2446 Civ·
513 2423 548 2459 p.
578 2411 676 2460 391,
710 2413 773 2451 19.

364 2465 390 2504 3
423 2478 445 2502 a
474 2467 496 2504 f.
525 2467 666 2505 addas:
698 2483 791 2507 -κ
811 2489 856 2495 -
888 2467 927 2503 in
957 2466 1068 2503 litura
1096 2465 1252 2503 duarum
1277 2465 1483 2502 litterarum
1503 2464 1588 2505 Par,

397 2520 443 2557 A.
476 2521 547 2559 Dii.

308 2576 346 2626 b,
377 2579 403 2617 7
432 2578 564 2616 addas:
599 2582 638 2616 et
665 2592 688 2617 a
718 2593 765 2617 m.
796 2592 853 2630 pr.
883 2578 969 2617 Par.
999 2576 1045 2614 A.
1077 2577 1150 2614 Dii.

373 2635 513 2684 penult.
543 2639 635 2686 post
664 2631 716 2674 αὖ
746 2637 909 2673 inseras:
940 2633 1028 2674 Par.
1055 2633 1098 2671 A.
1133 2632 1206 2672 Dii.

27 2684 30 2685 ⁷
90 2689 342 2739 Pag.232‚a,
375 2691 425 2730 12
455 2695 543 2740 post
573 2697 614 2729 ut
642 2692 804 2730 inseras:
827 2690 874 2728 L.
906 2690 972 2726 VI.
1002 2704 1039 2740 p.
1071 2688 1164 2728 486.
1193 2689 1237 2728 A.

365 2747 462 2784 inter
501 2760 536 2786 v.
567 2748 619 2789 16
649 2752 688 2786 et
715 2749 768 2788 17
808 2748 973 2785 inseras:
1011 2743 1314 2798 ὑπερηφανίαν)
1354 2765 1400 2770 —
1425 2758 1449 2793 η
1477 2764 1517 2769 -—
1553 2743 1589 2779 in

397 2803 508 2840 litura
537 2803 620 2842 Par.
656 2804 697 2843 A.
730 2802 804 2841 Dii.
1259 2858 1316 2898 2*
