1764 3176
254 98 338 140 242

701 91 1171 134 PLATONIS

254 206 418 251 εἰδέναι
448 204 516 256 δὲ,
554 202 625 248 ὅτι
655 202 763 247 ὅσον
793 202 934 259 μόνον
962 202 1133 258 ὕμνους
1171 206 1294 252 θεοῖς
1332 200 1408 244 καὶ
1447 199 1639 256 ἐγκώμια

255 279 347 325 τοῖς
376 273 563 329 ἀγαθοῖς
591 269 808 326 ποιήσεως
836 271 1131 326 παραδεκτέον
1161 271 1220 321 εἰς
1247 268 1394 313 πόλιν·
1426 270 1462 312 εἰ
1493 267 1640 324 δὲτὴν

253 340 504 397 ἡδυσμένην
529 343 723 383 Μοῦσαν
749 339 969 397 παραδέξῃ
999 338 1047 382 ἐν
1064 338 1237 394 μέλεσιν
1268 337 1295 394 ἢ
1325 336 1482 390 ἔπεσιν,
1502 334 1641 392 ἡδονή

255 422 325 454 σοι
345 408 419 453 καὶ
437 408 553 464 λύπη
581 406 630 453 ἐν
658 411 712 466 τῇ
730 407 856 454 πόλει
873 406 1184 465 βασιλεύσετον
1212 402 1309 448 ἀντὶ
1337 403 1480 461 νόμου
1499 420 1545 449 τε
1567 404 1642 449 καὶ

255 592 341 636 Ang.
366 591 407 625 Β.
433 590 512 625 vat.
525 590 569 624 H.
598 590 676 624 Bas.
689 591 723 626 b.
758 591 814 625 Cf.
834 602 922 636 quae

258 638 302 672 ad
308 649 359 691 p
381 637 458 671 605.
481 637 521 670 C.
545 637 625 670 dixi.

303 678 382 727 ὃτι]
419 679 500 717 όσσι
525 683 626 718 Vind.
649 682 695 718 F.
724 680 830 726 μόν.

258 730 338 764 vat.
373 730 413 762 Β.
456 726 604 772 μόνον.
682 755 691 764 .
734 728 821 763 Lob.
855 740 922 763 om.

256 776 335 810 vat.
362 775 409 810 M.

305 817 394 855 ὅσον
419 816 553 863 μόνον]
582 831 648 854 om.
675 819 752 853 vat.
780 819 828 852 M.

304 862 448 910 ν’μνους
472 884 520 891 —-
552 863 832 909 παραδεκτέον]
857 877 922 900 om.

259 912 581 948 Vat.BM.F10r.
620 912 662 945 U.
706 916 741 944 et
782 912 924 966 parvulo

260 958 371 1003 spatio
395 969 503 991 vacuo
536 958 654 991 relicto
681 958 767 991 Lob.
791 954 925 1012 υκτέον

265 1006 349 1037 Ven.
381 1004 425 1037 C.
467 1000 592 1037 ἑκτέον
623 1004 714 1038 Ρᾶι·Γ
740 1003 817 1037 DK.
859 1000 926 1047 οὐχ

264 1048 390 1085 ἑκτέον
438 1050 532 1083 Μοιι.
575 1048 617 1082 B.
670 1054 844 1083 correctus
893 1049 927 1083 in

259 1108 381 1141 aspero
415 1101 451 1129 et
485 1096 546 1129 ads
531 1095 659 1140 scripto
691 1096 726 1129 in
759 1107 802 1129 m.
837 1108 859 1130 a
881 1107 926 1130 m.

263 1154 316 1187 pr.
343 1152 398 1186 ση.
424 1138 561 1176 ἑκτέον.
615 1169 618 1173 .

306 1189 414 1227 θεοῖς
433 1187 518 1232 καὶ]
544 1186 607 1221 καὶ
633 1187 741 1226 θεοῖς
765 1186 866 1221 Vind.
887 1187 927 1221 B.

309 1242 467 1289 ἐγκώμια
479 1246 558 1283 τοῖς
576 1242 752 1288 ἀγαθοῖς]
780 1244 836 1278 Ita
848 1244 928 1278 Par.

262 1293 302 1326 A.
337 1291 439 1325 Vind.
464 1291 507 1323 F.
545 1292 632 1333 Ang.
658 1291 699 1324 B.
735 1290 827 1324 Flor.
855 1290 928 1324 RV.

249 1335 291 1381 ἐ.
316 1337 384 1381 τῆς
409 1333 559 1380 ἀγαθῆς
583 1336 773 1369 Vind.BE;
791 1337 930 1370 Ven.B.

264 1384 346 1418 Vat.
379 1383 423 1416 H.
456 1382 549 1416 Flor.
578 1382 687 1416 ACT.
725 1393 800 1415 cum
830 1382 930 1416 editis

265 1434 345 1464 ante
369 1429 574 1462 Bekkerum.
605 1430 641 1462 in
665 1429 809 1472 optimos
839 1429 931 1462 viros

265 1476 487 1510 laudationes
510 1474 586 1508 Fic.
623 1486 690 1519 quo
721 1474 806 1507 duce
831 1473 932 1508 Orel-

265 1523 333 1556 lius
371 1522 405 1554 in
435 1533 488 1566 ep.
517 1521 594 1554 crit.
628 1521 672 1554 ad
702 1522 831 1554 calcem
856 1520 933 1554 Me-

267 1568 396 1603 mnonis
426 1578 460 1612 p.
488 1565 569 1602 334.
602 1578 718 1601 veram
753 1566 933 1600 lectionem

267 1614 398 1648 invenit
429 1624 572 1657 eamque
605 1612 766 1657 exemplis
792 1612 934 1657 quibus-

269 1661 346 1695 dam
360 1659 576 1693 confirmavit
589 1659 752 1693 similibus
768 1658 826 1699 illi,
843 1658 934 1702 quod

271 1707 311 1741 L.
333 1705 394 1740 VI.
426 1716 460 1749 p.
479 1705 558 1740 493.
581 1705 623 1738 D.
658 1709 793 1747 exstat,
827 1702 935 1738 πόλει

272 1751 477 1793 διακονίαν,
503 1762 646 1795 quarum
670 1750 854 1784 dictionum
878 1762 936 1784 ra·-

272 1798 321 1831 tio
347 1809 386 1831 eo
413 1809 434 1830 a
457 1802 575 1830 nostra
597 1797 736 1838 differt,
760 1796 851 1841 quod
875 1808 936 1830 no-

272 1843 364 1878 mina
398 1854 471 1876 cum
507 1843 622 1877 dativo
655 1846 850 1877 constructa
873 1842 936 1875 ha-

273 1891 357 1923 bent
388 1901 409 1923 a
432 1888 546 1922 verbis
575 1889 718 1922 eundem
743 1899 856 1922 casum
881 1900 936 1920 re-

274 1935 433 1979 gentibus
475 1934 633 1968 derivata
674 1934 728 1968 vel
771 1933 937 1967 eiusmodi

272 1982 454 2015 verborum
470 1979 654 2036 primitiva,
662 1987 699 2013 ut
717 1976 806 2014 ἄνευ
822 1982 937 2034 θερα-

274 2025 424 2061 πόντων
449 2023 580 2066 αὐτοῖς
600 2024 744 2060 ἑαυτῶν
763 2023 937 2070 διακονή-

275 2084 372 2128 σεις,
405 2070 474 2116 τὴν
508 2073 559 2118 τῷ
597 2073 694 2127 χορῷ
741 2071 936 2118 βοήθειαν,

276 2131 330 2153 υπ
332 2115 483 2162 ηρέταις
506 2121 585 2157 τοῖς
608 2117 757 2162 νόμοις,
785 2119 833 2152 Le
816 2131 868 2163 e.g

278 2165 308 2199 Ι.
333 2177 366 2211 p.
381 2165 458 2199 633.
474 2164 514 2198 C.
539 2165 584 2198 11.
603 2166 681 2218 671.
694 2165 734 2198 A.
759 2165 841 2198 1111.
860 2165 939 2200 715,

281 2211 322 2245 C.
371 2210 565 2244 Similiter
556 2223 590 2244 ιιι
614 2211 679 2252 iis,
709 2223 797 2256 quae
822 2211 939 2244 Astius

281 2258 324 2290 ab
351 2268 391 2289 eo
417 2257 541 2290 citatus
567 2257 609 2290 ad
636 2258 728 2314 Leg.
747 2269 780 2302 p.
792 2258 848 2292 34.
871 2257 941 2291 col-

280 2303 377 2356 legit,
402 2298 424 2345 ἡ
451 2305 531 2342 τοῖς
551 2301 691 2359 βέλεσιν
710 2301 844 2347 ἔφεσις,
863 2306 944 2342 τοῖς

282 2346 425 2391 σώμασι
440 2346 703 2393 διαπονήματα
714 2354 778 2384 etc.
796 2362 817 2383 a
828 2350 944 2384 verbis

282 2395 324 2429 ad
352 2394 485 2428 nomina
516 2396 702 2429 translatus
735 2399 787 2429 est
809 2395 944 2429 dativus

282 2440 497 2475 instrumenti
517 2441 628 2476 index.
663 2441 732 2475 Sed
757 2446 874 2476 nostro
894 2441 944 2475 lo-

285 2498 325 2519 co
357 2481 471 2528 ὕμνοι
506 2488 636 2529 θεοῖς,
671 2485 830 2531 ἐγκωμια
864 2490 945 2528 τοῖς

287 2529 450 2575 οἷγαθοῖς
475 2532 588 2576 hymni
612 2540 691 2567 sunt
715 2533 800 2576 diis,
825 2534 943 2568 lauda-

285 2577 395 2612 tiones
426 2578 524 2612 bonis
557 2580 774 2620 destinatae,
806 2581 900 2624 Lobg
885 2592 945 2613 ¹²-e

285 2627 397 2669 stinge
419 2626 484 2667 fair
515 2625 652 2666 Giitter,
679 2627 861 2660 Loblt‘eder
881 2629 946 2669 fiir

287 2671 345 2705 die
368 2675 497 2715 gulten,
528 2677 565 2705 et
596 2672 730 2706 dativus
761 2678 815 2707 est
843 2673 946 2714 idem,

287 2716 349 2761 qui
374 2717 474 2760 vulgo
499 2718 662 2751 commodi
686 2719 823 2760 dicitur,
846 2730 944 2763 quem

288 2768 384 2796 recte
416 2765 460 2797 ab
492 2763 557 2797 illis
588 2764 747 2798 distinxit
777 2765 946 2800 Matthiae

978 601 1118 635 gramm.
1143 600 1175 643 p.
1195 589 1274 624 714.
1333 588 1427 621 Iusto
1459 586 1644 621 artioribus

978 636 1103 670 finibus
1136 635 1207 669 e'ius
1247 645 1345 668 usum
1379 633 1646 678 circumscripsit

911 708 920 715 .
978 681 1179 725 Bernhardy
1198 686 1289 724 synt.
1308 692 1342 725 p.
1353 681 1408 715 86.
1435 680 1645 724 superiorem

980 729 1124 773 aliquem
1147 727 1241 761 velut
1265 727 1363 760 deum
1388 738 1427 759 eo
1453 725 1643 768 significari

979 773 1209 808 necessarium
1245 777 1411 806 statuens.
1470 772 1524 805 Cf.
1558 771 1644 827 Leg.

979 820 1020 855 L.
1046 820 1142 854 VIII.
1177 830 1212 862 p.
1237 818 1315 853 847.
1339 818 1388 851 B:

982 863 1113 904 αὐτοῖς
1135 863 1232 915 πέρι.

1029 911 1064 945 εἰ
1087 922 1132 935 -·
1151 905 1427 954 βασιλεύσετον]
1458 909 1542 943 citat
1562 909 1646 943 Pro-

983 958 1055 992 clus
1079 958 1114 992 in
1140 957 1217 990 Civ.
1241 955 1372 1001 p.‚407
1395 957 1450 991 15.

1031 1000 1070 1036 δε
1103 1015 1173 1057 την
1202 968 1436 1046 ἡδυσμενην]
1473 1000 1545 1046 γὰρ
1579 998 1647 1045 τήν

982 1045 1189 1094 ήδεσμένην
1230 1048 1345 1082 Procl.
1415 1048 1471 1082 Cf.
1506 1048 1548 1082 L.
1581 1047 1647 1082 111.

985 1109 1017 1142 p.
1043 1097 1122 1130 397.
1148 1095 1191 1130 D.

1030 1141 1192 1175 ,Μοῦσαν
1217 1137 1432 1186 παραδέξῃ]
1468 1152 1504 1184 μ.
1528 1151 1648 1184 παρα-

985 1185 1081 1230 δέξει
1108 1187 1206 1220 Vind.
1235 1187 1278 1220 F.
1312 1188 1398 1230 Ang.
1419 1187 1459 1220 B.
1485 1187 1576 1221 Flor.
1605 1187 1650 1221 R.

985 1240 1020 1267 et
1069 1233 1289 1267 recentiores.
1342 1233 1559 1287 παραδείξει
1612 1243 1650 1275 μ.

984 1280 1096 1313 Pioel
1131 1279 1295 1312 Μοῦσαν
1319 1280 1440 1324 scripsi
1465 1291 1527 1325 pro
1554 1278 1651 1322 μοῦ-

987 1325 1470 1414 {ffizc‘ffei‘ssidssffifflaffivs⁰¹
1481 1326 1556 1404 ἓὲ
1566 1327 1652 1416 333.

989 1417 1135 1451 addatur
1159 1417 1243 1460 Leg.
1269 1417 1310 1451 L.
1331 1416 1411 1450 ΧΠ.
1440 1429 1472 1462 p.
1494 1418 1573 1453 967.
1598 1417 1651 1452 E:

987 1461 1035 1497 τὰ
1069 1461 1164 1497 κατὰ
1198 1461 1268 1507 τὴν
1299 1463 1465 1497 Μοῦσαν
1503 1460 1655 1503 τούτοις

988 1509 1286 1607 tfignZgZ?}i1ag
1297 1555 1377 1589 Par.
1392 1554 1436 1589 K.
1454 1567 1522 1588 sec
1541 1554 1652 1588 Bekk.

1037 1598 1307 1656 βασιλεύσετον]
1320 1599 1653 1646 βουλεύσετονΡιιι.

990 1648 1066 1682 DK.
1092 1645 1372 1702 βασιλεύσονται
1394 1651 1482 1692 Aug.
1505 1648 1546 1682 B.

1037 1691 1171 1748 νόμον]
1196 1691 1314 1750 νόμον
1338 1695 1418 1728 Bas
1444 1705 1476 1728 a.

1037 1740 1158 1785 κοινη]
1185 1738 1289 1784 κοινὴ
1318 1740 1417 1775 Vind.
1431 1739 1469 1774 F.
1494 1751 1560 1774 om.
1577 1738 1654 1774 Fic.

984 1809 987 1811 ·
1040 1794 1098 1832 ἀεὶ
1132 1795 1336 1841 δόξαντος]
1362 1797 1417 1831 Ita
1441 1797 1519 1833 Par.
1545 1797 1654 1831 ΑΒΚ.

992 1844 1078 1877 Lob.
1105 1844 1203 1878 de.
1217 1844 1259 1878 F.
1286 1844 1378 1877 Mon.
1392 1844 1430 1880 Β,
1447 1843 1656 1877 Vat.BHM.

991 1890 1078 1922 Ven.
1105 1890 1145 1923 C.
1180 1891 1267 1933 Ang.
1292 1890 1332 1923 Β.
1364 1890 1395 1922 F
1398 1891 1460 1923 lor.
1479 1889 1657 1924 ARTUV.

992 1934 1172 1977 δόξοντος
1200 1933 1258 1969 ἀεὶ
1282 1935 1382 1968 Vind.
1407 1936 1448 1969 E.
1475 1934 1657 1977 δόξαντος

995 1979 1054 2015 ἀεὶ
1079 1982 1177 2015 Vind.
1202 1983 1242 2016 B.
1268 1981 1378 2023 (Flor.
1406 1981 1465 2025 C.)
1490 1993 1564 2015 cum
1585 1982 1657 2015 edi-

993 2028 1041 2061 tis
1065 2031 1144 2061 ante
1169 2027 1381 2068 Bekkerum‚
1413 2027 1473 2072 qui
1501 2028 1545 2061 de
1568 2028 1656 2062 Ven-

994 2075 1035 2110 B.
1063 2073 1160 2108 Vind.
1185 2074 1225 2108 Β.
1249 2073 1329 2106 nihil
1352 2053 1571 2117 significavit.

1040 2117 1226 2164 λόγου]ι·
1211 2120 1419 2160 sententiae,
1450 2123 1488 2153 ut
1523 2120 1658 2155 Criton.

995 2177 1028 2220 p.
1049 2169 1105 2200 46.
1127 2166 1174 2199 B:
1201 2177 1251 2204 ως
1275 2162 1343 2208 ἐγώ
1371 2162 1417 2200 ου’
1434 2163 1553 2208 μόνον
1571 2166 1657 2209 νῦν,

997 2209 1088 2245 ἄλλα
1115 2224 1176 2245 και
1202 2209 1260 2245 ἀεὶ
1283 2212 1465 2266 τοιοῦτος,
1486 2215 1565 2252 οιος
1582 2212 1659 2247 τῶν

999 2255 1098 2300 ἐμῶν
1111 2257 1252 2313 μηδενὶ
1276 2253 1372 2313 αλλῳ
1396 2259 1612 2301 πειθεσθαι,
1633 2253 1657 2303 ἢ

998 2305 1050 2350 τῷ
1076 2302 1182 2350 λόγῳ,
1213 2300 1255 2343 ὃς
1280 2300 1328 2337 ἄν
1350 2309 1414 2347 μοι
1438 2303 1658 2351 λογιζομένῳ

999 2338 1184 2394 βέλτιστος
1215 2351 1405 2394 φαίνηται.
1438 2351 1574 2405 Itaque
1596 2363 1661 2386 nec

995 2396 1300 2441 interpungendum
1313 2402 1391 2430 ante
1404 2394 1529 2441 λόγου,
1541 2409 1661 2443 quem-

998 2443 1176 2476 admodum
1195 2442 1289 2477 Astio
1312 2443 1346 2477 in
1369 2455 1438 2477 sec.
1461 2443 1581 2486 visum,
1599 2455 1661 2478 ne—

997 2489 1107 2522 dum*
1099 2501 1208 2533 ipsum
1231 2487 1341 2532 λόγου
1357 2489 1547 2532 delendum,
1566 2489 1658 2536 quod

994 2534 1082 2568 idem
1108 2536 1143 2569 in
1166 2539 1246 2570 tert.
1266 2536 1439 2570 censebat

1047 2578 1155 2635 ε’φην]
1184 2580 1254 2625 ε’φη
1278 2582 1358 2616 Par.
1381 2581 1425 2615 Κ.

1047 2624 1252 2672 ἄπολελογη
1244 2626 1359 2672 ’σθω]
1419 2624 1657 2682 ἄπολελογεί-

1002 2674 1083 2707 σθω
1109 2674 1209 2707 Vind.
1229 2675 1270 2708 F.
1297 2675 1389 2707 Flor.
1413 2674 1456 2708 R.
1480 2669 1656 2707 ἀπολελο-

999 2719 1117 2762 γίσθω
1143 2721 1221 2754 Par.
1246 2721 1286 2754 A.
1319 2721 1404 2754 Ven.
1428 2720 1468 2753 C.
1495 2719 1588 2754 Flor.
1611 2719 1653 2754 V.

1000 2765 1091 2810 quod
1114 2778 1176 2811 per
1198 2778 1238 2801 se
1260 2766 1343 2801 ferri
1364 2769 1499 2812 potest:
1522 2766 1608 2802 haec
1630 2776 1655 2801 α

1424 817 1571 862 μισθῶν
1604 815 1645 851 δὲ
1712 797 1714 801 ¹
