1764 3176
599 121 694 172 Pag.
727 123 949 163 92—-117,
1479 120 1533 161 71

247 237 285 285 b,
304 236 329 275 4
357 238 444 285 post
472 233 564 271 Mon
592 233 640 272 B.
669 235 807 273 addas:
847 239 884 273 et
907 234 1038 272 addito
1069 246 1232 285 superne
1263 249 1277 273 ι
1309 235 1357 271 ad
1388 250 1418 273 ω
1447 234 1532 275 Par,

305 293 348 328 A.
379 290 453 328 Dii.

303 348 400 385 inter
426 359 459 383 v·
489 347 542 387 10
575 352 613 385 et
644 349 690 387 11
720 347 886 385 inseras:
927 342 982 401 ᾦ)
1017 359 1065 398 ,ζ-
1099 341 1129 401 ᾦ
1168 346 1255 386 Par.
1291 345 1333 383 A.
1365 345 1441 386 Dii.
1473 346 1531 383 cui

305 406 376 443 τῶι
407 403 520 441 fuisse
552 404 759 441 videbatur.

26 462 224 511 Pag.11·2‚
247 460 283 509 b,
302 461 399 498 inter
430 473 463 499 v,
498 461 550 500 13
579 464 616 497 et
648 462 697 501 12
730 473 750 498 a
780 461 804 498 f.
832 461 997 498 inseras:
1024 458 1328 512 καλλωπισμοῦ)
1359 474 1528 498 sscom-

299 518 336 554 in
366 517 474 554 litura
504 516 589 554 Par.
606 515 652 554 A.
680 516 756 554 Dii.

22 572 222 624 Pag.113‚
239 585 274 621 a,
297 573 320 613 5
349 578 438 623 post
466 572 551 610 Par.
583 573 626 610 Α.
658 574 823 611 inseras:
855 572 1061 624 (ἕκαστων,
1093 585 1191 613 corr.
1224 571 1401 620 ἕκαστον,
1429 566 1528 611 (ἰπο-

298 625 434 680 λαβών
454 628 549 680 Dii.)

241 685 276 731 b,
295 690 383 736 post
412 698 446 726 v,
472 685 539 724 ult.
569 686 706 723 addas:
738 681 882 735 αὐτὸν)
908 707 963 713 —
985 681 1076 724 ὂ-
1098 686 1135 722 in
1158 685 1268 723 litura
1284 685 1369 726 Par.
1387 686 1431 722 A.
1449 683 1525 721 Dii.

21 740 220 792 Pag.114‚
239 755 272 789 a,
291 743 388 779 inter
417 755 450 782 v.
484 743 508 782 5
550 749 587 779 et
625 741 650 782 4
688 755 710 779 a
753 743 778 781 f.
821 744 980 779 inseras:
1008 741 1213 791 καθέξειν)
1245 763 1298 770 -
1329 743 1386 790 ξει
1412 741 1526 778 —in

295 799 407 837 litura
430 798 588 849 plurium
619 798 824 836 litterarum
855 798 939 836 Par.
974 799 1015 835 A.
1048 798 1122 836 Dii.

18 854 269 905 Pag.1l5,a‚
291 858 316 895 7
352 868 374 893 a
411 854 436 895 f
476 860 564 904 post
607 851 851 907 ἀνειμένων)
894 856 1059 893 inseras:
1095 877 1152 883 —
1186 869 1219 895 ει
1244 875 1297 882 --
1337 855 1373 891 in
1415 854 1527 892 litura

291 911 376 952 Par.
402 913 446 950 A.
472 910 545 950 Dii.

238 968 276 1017 b,
294 969 347 1008 20
376 971 466 1018 post
501 970 592 1013 319,
620 970 638 1004 b
675 968 839 1005 inseras:
872 966 939 1014 (cf.
969 966 1069 1005 Tim.
1102 982 1140 1019 p.
1167 967 1233 1008 38.
1256 967 1301 1005 A.
1332 965 1423 1019 περὶ
1450 983 1524 1018 την

292 1024 334 1064 ἐν
377 1021 508 1078 χρόνῳ
542 1023 695 1076 γένεσιν
735 1024 890 1064 ἰοῦσαν.
929 1037 966 1074 p.
1003 1024 1069 1065 52.
1110 1025 1154 1061 Α.
1191 1021 1236 1064 το“
1271 1020 1370 1062 nato}
1399 1019 1524 1063 ταῦτοέ

290 1077 393 1128 εἶδος
422 1079 522 1131 ε’χον.
554 1085 591 1118 et
620 1081 753 1131 Poppo
786 1082 835 1118 ad
866 1080 1039 1128 Thucyd.
1068 1079 1114 1117 L.
1140 1080 1168 1121 Ι
1199 1094 1230 1119 c.
1263 1081 1329 1128 11,
1359 1079 1417 1130 3)

15 1138 263 1188 Pag.116,a‚
287 1140 338 1178 16
366 1142 454 1188 post
484 1132 548 1177 αὖ.
577 1141 624 1175 et
647 1137 702 1183 24
742 1142 831 1187 post
861 1134 1200 1188 ἐπαισχυνόμενος
1228 1138 1396 1175 inseras:
1435 1136 1520 1179 Par.

288 1196 332 1232 A.
365 1193 439 1232 Du.

289 1252 386 1288 inter
414 1262 447 1290 v.
477 1249 529 1291 24
560 1254 597 1287 et
628 1249 677 1290 25
704 1250 863 1287 inseras:
895 1245 1122 1290 α’ποκτείνει
1149 1271 1202 1278 -
1233 1245 1363 1296 ω’θεῖ)
1393 1271 1444 1277 --
1478 1265 1519 1301 ηι

291 1328 340 1335 --
371 1308 416 1358 ῆι
444 1318 465 1343 a
495 1319 543 1344 m.
574 1319 648 1344 rec.
678 1306 764 1346 Par.
798 1308 841 1344 A.
872 1305 945 1346 Dii.

286 1363 338 1405 25
366 1363 505 1400 addas:
542 1367 698 1413 excepto
736 1363 819 1403 Par.
851 1362 896 1401 A.
927 1363 974 1401 de
1007 1376 1082 1414 quo
1121 1362 1272 1413 quidem
1301 1367 1401 1402 tacet
1431 1363 1466 1401 h.
1493 1363 1518 1405 l.

286 1420 499 1458 Diibnerus.

287 1477 313 1516 3
339 1489 361 1513 a
390 1477 416 1515 f.
449 1476 584 1513 citatus
621 1474 667 1512 ab
706 1474 813 1513 Astio
842 1475 948 1513 locus
976 1474 1076 1525 Leg.
1107 1474 1154 1515 L.
1184 1474 1251 1513 III.
1280 1489 1317 1526 p.
1349 1477 1442 1517 699.
1469 1475 1515 1514 B.

286 1545 360 1570 non
387 1532 531 1581 minus,
569 1543 679 1581 quam
719 1531 766 1572 L.
806 1531 886 1569 1111.
918 1546 957 1583 p.
989 1533 1082 1574 721,
1109 1531 1158 1569 D.
1187 1545 1231 1570 ex
1262 1531 1332 1570 hoc
1362 1545 1515 1571 numero

285 1589 534 1627 removendus
578 1593 615 1626 et
643 1588 693 1625 ibi
724 1601 793 1638 pro
822 1585 861 1628 δ’
893 1583 946 1628 αὖ
971 1602 1052 1626 cum
1083 1589 1195 1626 Voss.
1226 1593 1263 1626 et
1290 1588 1378 1627 Par.
1407 1588 1452 1626 A.
1478 1590 1515 1627 in

287 1658 361 1695 quo
399 1660 448 1684 αυ
486 1658 507 1682 a
536 1657 647 1683 manu
678 1646 878 1683 recentiori
908 1646 1206 1696 superscriptum
1237 1658 1322 1683 esse
1355 1650 1517 1684 testatur

284 1702 513 1750 Diibnerus‚
550 1701 788 1739 scribendum
828 1703 978 1740 videtur
1013 1698 1078 1753 δή.
1137 1702 1324 1740 Substitui
1359 1716 1428 1753 pro
1468 1716 1513 1741 eo

283 1763 412 1810 potest
447 1757 546 1806 Leg.
584 1757 631 1798 L.
660 1758 724 1795 VI.
758 1772 796 1808 p.
832 1757 925 1799 783.
962 1759 1012 1796 C.
1050 1760 1201 1811 βρῶσιν
1231 1757 1304 1810 μὲν
1333 1758 1514 1812 ἐλέγομέν

283 1830 376 1865 που,
405 1814 470 1855 καὶ
499 1811 696 1866 δεύτεοον
710 1811 844 1864 πόσιν,
872 1814 939 1854 καὶ
966 1811 1217 1867 οἷφοοδισίων
1243 1816 1284 1856 δέ
1311 1831 1398 1855 τινα
1429 1817 1513 1856 δια-

283 1872 469 1922 πτοίησιν
506 1871 651 1922 τρίτον.
717 1871 796 1908 Sed
833 1876 869 1910 et
899 1872 959 1910 hic
989 1877 1026 1909 et
1056 1872 1214 1922 reliqui,
1251 1886 1410 1922 quorum
1435 1874 1513 1911 fere

283 1929 486 1966 consimilis
512 1929 608 1967 ratio
639 1927 730 1965 haec
759 1933 839 1977 est,
869 1933 908 1966 ut
937 1930 1085 1967 nomine
1115 1929 1172 1966 vel
1196 1930 1418 1980 pronomine
1442 1931 1512 1968 ad-

282 1987 380 2023 iecto
418 1986 466 2022 ad
503 1985 601 2022 aliud
642 1997 762 2034 eoque
798 1998 842 2022 ex
880 1986 1012 2023 eodem
1056 1986 1172 2023 verbo
1207 1987 1400 2037 pendente
1436 2001 1512 2025 non

280 2043 400 2080 solum
431 2043 632 2079 coniuncta
664 2054 744 2078 cum
777 2043 1043 2090 antecedente,
1071 2043 1140 2079 sed
1168 2043 1281 2080 etiam
1305 2042 1352 2081 ab
1382 2056 1426 2080 ea
1454 2045 1511 2081 di-

280 2099 506 2163 stinguenda
539 2110 600 2135 res
636 2098 696 2135 vel
730 2110 893 2148 persona
934 2099 1191 2148 significetur,
1239 2104 1276 2135 et
1319 2100 1511 2150 aliquanto

278 2156 442 2192 rariores
469 2154 543 2202 illi,
580 2156 617 2191 in
644 2154 777 2203 quibus
809 2155 984 2219 copulam·
1008 2154 1108 2192 aliud
1143 2155 1314 2204 seqnitur
1345 2156 1508 2206 verbum,

277 2216 318 2248 ut
347 2209 444 2260 Leg.
474 2209 636 2250 L.1111
668 2224 706 2261 p.
740 2212 833 2251 708,
858 2212 901 2248 A.
928 2224 971 2248 cu
975 2211 985 2247 i
1013 2211 1172 2248 addatur
1193 2211 1392 2263 Critiaep.
1414 2215 1507 2254 118,

280 2267 338 2304 D:
374 2268 400 2322 ῄ
442 2264 492 2318 δη
528 2263 602 2317 τήν
640 2281 680 2306 τε
718 2266 760 2307 ἐκ
799 2267 878 2306 τῶν
909 2268 1020 2318 ὀρῶν
1049 2261 1151 2319 ὕλην
1179 2268 1354 2320 κατῆγον
1382 2270 1437 2317 εἷς
1464 2286 1508 2310 το

278 2320 377 2363 α’στυ
409 2322 475 2362 καὶ
514 2318 635 2363 τᾶλλα
672 2320 715 2363 δὲ
754 2320 880 2375 ωραῖα
915 2324 1071 2371 πλοίοις
1103 2326 1417 2376 κατεκομίζοντο
1455 2332 1507 2375 et,

277 2393 385 2430 quem
428 2379 553 2418 Astius
594 2381 631 2418 in
671 2380 810 2417 Lexico
838 2381 984 2431 posuit,
1022 2382 1125 2418 cuius
1163 2383 1236 2419 etsi
1272 2383 1384 2432 paulo
1422 2384 1506 2431 alia,

276 2441 400 2473 tamen
441 2437 590 2474 omnino
626 2436 755 2474 similis
793 2439 888 2474 ratio
928 2442 1006 2484 est,
1045 2436 1204 2475 Phaedri
1242 2452 1279 2489 p.
1314 2440 1407 2480 229.
1447 2439 1504 2477 D:

276 2491 341 2532 καὶ
364 2492 520 2544 ἐπιρῤεῖ
544 2490 586 2532 δὲ
613 2490 728 2544 ὄχλος
753 2492 945 2533 τοιούτων
969 2490 1182 2547 Γοργόνων
1209 2493 1277 2534 καὶ
1302 2491 1505 2548 Πηγάσων

277 2554 349 2586 etc.
379 2549 415 2585 hi
449 2550 561 2598 igitur
597 2562 726 2587 omnes
757 2550 809 2587 ita
836 2551 1041 2601 comparati
1071 2555 1181 2599 sunt,
1211 2556 1252 2589 ut
1277 2550 1344 2591 καὶ
1377 2573 1427 2579 -
1461 2550 1504 2591 δὲ

279 2605 502 2643 Germanice
539 2608 634 2644 verti
663 2607 786 2658 possit
816 2606 892 2643 und
923 2606 1046 2650 auclm
1084 2620 1156 2658 qua
1192 2608 1505 2660 interpretatione

276 2662 324 2698 ad
352 2661 451 2699 hune
479 2662 644 2700 adhibita
670 2663 880 2700 sententiae
905 2664 1071 2712 gravitas
1098 2665 1208 2715 perit.

277 2730 365 2767 pen.
392 2724 479 2768 post
509 2719 576 2759 καὶ
604 2721 766 2756 inseras:
797 2723 883 2757 ante
911 2717 966 2771 μὴ
997 2719 1180 2772 μετεχέτω
1212 2718 1254 2760 δὲ

0 2770 91 2819 Pag.
108 2770 200 2819 117,
212 2782 247 2820 a,
271 2774 367 2811 inter
402 2787 435 2810 v.
477 2775 528 2815 lO
564 2779 602 2813 et
641 2777 665 2815 9
703 2786 723 2813 a
764 2775 790 2812 f.
821 2776 985 2814 inseras:
1026 2774 1226 2829 ἐοωτικὸς)
1247 2798 1297 2804 -
1332 2774 1352 2817 ὁ
1381 2799 1434 2805 -
1463 2777 1500 2814 in

274 2830 385 2868 litura
415 2828 498 2872 Par.
531 2831 576 2871 A.
609 2831 682 2871 Dii.
