1764 3176
282 141 437 168 Lxxxlt
716 123 1249 165 PRAEFATIO

284 245 490 297 planorum
521 256 566 281 ac
605 243 824 283 solidorum
848 244 953 283 serie
983 242 1238 296 intelligenda
1260 241 1434 287 diceret,
1471 252 1587 292 quam
1613 240 1668 280 si-

285 336 581 389 gnificationem
615 334 709 374 dum
738 335 838 374 locis
868 333 1100 385 quibusdam
1124 333 1340 374 Theaeteti
1370 336 1412 372 et
1441 330 1672 371 Phaedonis

286 439 469 467 asserere
488 425 714 473 contendit,
753 425 895 478 quibus
914 418 941 467 ὁ
962 417 1175 484 α’ριθμός
1193 419 1306 473 πᾶς,
1345 417 1376 467 ὁ
1394 416 1562 479 ἥμισυς
1580 418 1673 465 τοῦ

285 512 510 577 αριθμοῦ
546 510 691 568 ἅπας,
725 510 754 559 o‘
781 516 941 573 ἕτερος
972 510 1131 569 στίχος
1158 511 1250 558 τοῦ
1272 508 1496 572 α’ριθμοῦ
1518 513 1672 562 dicitur,

286 609 533 663 pronominis
556 601 698 654 οὗτος
733 608 810 646 vim
830 619 996 659 prorsus
1019 606 1195 658 neglexit
1213 606 1276 646 vel
1304 606 1511 659 ignoravit.
1580 603 1673 644 Non

286 703 414 741 minus
443 699 679 740 offensionis
709 697 807 736 illud
833 696 980 746 habet,
1018 697 1126 749 quod
1158 689 1372 756 αὐξήσεις
1405 691 1674 751 δυναμένας

286 807 339 836 τε
360 787 438 835 καὶ
466 784 877 844 δυναστευομένας
910 788 1258 840 multiplicationes
1282 801 1350 828 eas
1374 788 1491 835 dicit,
1528 798 1630 838 quae
1651 798 1675 825 a

287 884 461 923 numeris
491 880 738 933 simplicibus
775 880 1092 931 compositisque
1112 881 1221 919 fiant.
1293 878 1462 919 Veteres
1484 878 1674 917 arithme-

286 977 389 1015 ticos
410 975 464 1014 ait
487 972 691 1024 simplices
713 984 901 1010 numeros
922 962 1236 1029 γραμμικοῦς,
1272 971 1456 1018 lineares,
1490 981 1674 1019 vocasse,

286 1067 410 1105 lineas
434 1071 565 1105 autem
582 1067 773 1115 respectu
795 1063 1017 1114 planorum,
1043 1076 1145 1114 quae
1167 1062 1215 1101 ab
1237 1064 1294 1101 eis
1315 1061 1484 1114 produci
1501 1060 1676 1113 possint,

289 1153 554 1212 δυναμένας
588 1155 668 1194 dici
693 1155 880 1203 licuisse,
925 1155 1060 1206 itaque
1091 1167 1231 1194 omnes
1257 1154 1459 1206 simplices
1483 1163 1675 1191 numeros

289 1243 583 1303 δυναμένους
602 1246 788 1299 potuisse
808 1247 1041 1298 nuncupari.
1110 1245 1155 1284 Id
1172 1259 1267 1284 vero
1286 1258 1367 1284 non
1388 1245 1515 1284 efficit
1535 1254 1676 1283 omnes

290 1334 581 1394 δυναμένους
601 1338 803 1390 simplices
826 1351 939 1386 esse,
975 1342 1042 1378 aut
1061 1338 1094 1377 si
1115 1338 1181 1388 qui
1211 1328 1473 1392 δυνάμενος
1492 1335 1674 1388 appelle-

287 1434 372 1477 tur,
420 1428 590 1468 eundem
629 1429 852 1481 simplicem
893 1442 987 1469 esse
1032 1429 1266 1481 significari,
1302 1429 1379 1467 nisi
1415 1427 1548 1474 forte,
1585 1426 1680 1477 quia

289 1533 430 1560 omnes
458 1520 643 1559 homines
670 1520 860 1560 mortales
885 1526 924 1560 et
945 1534 1083 1560 omnes
1103 1520 1341 1572 philosophi
1359 1518 1544 1559 homines
1571 1520 1676 1566 sunt,

289 1611 561 1664 philosophus
584 1611 716 1659 idem,
754 1613 861 1663 quod
891 1612 1093 1659 mortalis,
1134 1615 1174 1650 et
1196 1612 1321 1662 quivis
1347 1611 1524 1650 mortalis
1543 1609 1678 1662 philo-

289 1703 444 1755 sophus
469 1706 542 1742 est.
584 1702 779 1742 Profecto
801 1704 1054 1743 validioribus
1078 1704 1318 1755 argumentis
1341 1704 1399 1742 uti
1419 1702 1591 1742 debebat
1612 1702 1680 1753 qui

289 1794 535 1847 persuadere
556 1794 690 1833 vellet
716 1793 925 1834 Platonem
955 1785 1170 1851 αὐξήσεις
1204 1790 1467 1848 δυναμένας
1488 1794 1587 1832 istas
1616 1792 1677 1831 di-

289 1887 399 1925 xisse
426 1888 466 1924 et
487 1899 509 1924 a
540 1885 650 1924 verbi
679 1876 923 1928 δύνασθαι
943 1889 1052 1924 certa
1070 1885 1112 1923 in
1136 1884 1307 1923 mathesi
1328 1887 1368 1923 et
1386 1887 1596 1924 constante
1622 1884 1678 1923 si-

290 1978 546 2030 gnificatione
575 1978 820 2024 recessisse,
867 1976 979 2015 euius
1013 1989 1062 2015 eo
1090 1976 1216 2028 magis
1247 1988 1338 2014 eum
1369 1979 1552 2015 tenacem
1586 1988 1680 2015 esse

293 2068 576 2118 conveniebat,
613 2082 691 2120 quo
710 2069 838 2107 minus
862 2068 1050 2109 usitatum
1069 2080 1144 2106 nec
1169 2068 1244 2106 nisi
1266 2080 1314 2106 ex
1347 2067 1539 2119 opposito
1559 2066 1678 2105 intel-

290 2161 494 2213 ligendum
516 2159 682 2200 alterum
706 2160 870 2199 verbum
905 2162 1038 2207 esset,
1076 2172 1154 2210 quo
1190 2149 1406 2216 αὐξήσεις
1438 2158 1584 2197 diversi
1605 2171 1678 2210 ge-

292 2253 399 2291 neris
428 2252 656 2304 designaret
686 2246 1098 2306 δυναστευομένας
1126 2263 1193 2289 eas
1224 2249 1444 2301 appellans,
1515 2249 1597 2289 Sed
1614 2249 1678 2289 fa-

295 2343 391 2383 ciles
413 2344 558 2382 simus:
596 2333 859 2398 δυνάμεναι
880 2333 1093 2400 αὐξήσεις
1112 2340 1370 2393 simplicibus,
1393 2332 1678 2383 δυναστευό-

292 2448 438 2491 μεναι
478 2434 713 2486 compositis
749 2433 881 2472 factae
926 2434 1100 2471 numeris
1134 2433 1483 2484 multiplicationes
1538 2435 1679 2471 sunto:

293 2537 388 2563 num
408 2525 674 2565 duodenarius
696 2526 846 2578 primus
873 2525 920 2564 ab
944 2526 1032 2564 istis
1052 2524 1270 2577 productus
1294 2525 1380 2573 erit,
1418 2520 1677 2575 quemadmo-

295 2616 389 2656 dum
410 2617 613 2655 Branisius
633 2617 738 2666 vult,
773 2629 855 2657 non
876 2618 1134 2656 octonarius?
1189 2616 1446 2656 Octonarium
1473 2616 1565 2667 ipse
1584 2614 1678 2654 dicit

294 2708 466 2760 primum
504 2709 708 2759 quaerenti
740 2721 834 2747 sese
863 2708 1032 2756 offerre,
1073 2709 1223 2760 quippe
1254 2709 1365 2747 cuius
1401 2707 1601 2755 factores,
1638 2706 1678 2754 1,

296 2798 344 2847 2,
380 2799 426 2847 4,
462 2799 613 2851 primos
654 2812 843 2838 numeros
884 2800 1086 2852 simplices
1122 2801 1372 2852 primumque
1410 2798 1679 2851 compositum
