1764 3176
229 127 392 158 ‘cxvi
713 113 1240 156 PRAEFATIO

282 235 579 273 similitudinem
595 235 638 273 in
658 235 822 274 musicis
842 235 1122 274 certaminibus
1144 235 1203 281 is,
1240 246 1359 284 quem
1378 234 1419 272 in
1443 234 1666 272 annotatio-

281 339 332 365 ne
361 326 601 378 significavi,
639 317 665 366 ὃ
700 316 776 367 διὰ
806 316 990 366 πάντων
1018 315 1178 380 κριτὴς
1208 325 1286 363 dici
1307 326 1449 376 potuit.
1520 324 1669 366 Verum

282 431 369 457 eam
413 418 689 468 quaestionem
730 419 851 458 Attici
897 417 992 456 iuris
1039 416 1177 468 peritis
1224 416 1505 456 absolvendam
1545 419 1669 459 relin-

281 509 450 560 quimus·

416 598 535 649 Quod
555 600 604 637 ad
632 599 793 639 codices
819 600 971 646 attinet,
1001 604 1161 650 praeter
1189 611 1276 646 eos,
1313 599 1381 650 qui
1401 613 1540 639 omnes
1562 600 1667 641 civi-

279 692 370 731 tatis
398 691 523 730 libros
556 692 725 739 habeut,
772 693 813 730 in
837 691 918 730 hoc
949 690 1150 729 volumine
1177 696 1217 730 et
1243 690 1357 733 Mon.
1391 692 1436 732 C.
1470 693 1670 732 adhibitus

280 792 363 835 est,
401 788 452 826 de
471 799 549 838 quo
573 796 608 823 v.
632 781 720 822 Vol.
746 782 794 821 ΙΙ.
817 795 907 834 pag.
929 781 1144 830 XXXVII„
1176 786 1216 822 et
1247 784 1303 831 is,
1342 784 1408 834 qui
1430 797 1453 822 a
1477 780 1668 824 Bekkero

165 887 267 923 PaLA
283 883 378 918 nota
400 876 424 920 b
449 877 707 929 significatus,
737 888 759 913 a
781 875 897 913 nobis
917 874 1118 913 Palatinus
1141 874 1188 912 A.
1208 874 1351 922 dictus,
1384 880 1598 927 excerptos
1620 890 1671 917 ex

276 970 322 1010 L.
359 968 460 1008 VIII.
490 966 609 1007 VIIII.
639 969 679 1005 et
698 964 746 1004 X.
769 966 884 1005 locos
911 967 1090 1005 continet
1119 978 1158 1016 p.
1194 964 1288 1004 566.
1325 964 1373 1007 D.
1406 989 1456 997 —
1492 966 1589 1007 569.
1622 967 1670 1010 C.

275 1061 372 1101 573.
398 1060 444 1099 C.
479 1057 575 1098 588.
595 1059 642 1097 Β.
669 1080 728 1085 -
767 1057 863 1097 592.
896 1057 943 1097 A.
981 1057 1076 1097 613.
1106 1058 1153 1096 A.
1185 1061 1225 1096 et
1254 1057 1350 1098 613.
1381 1057 1429 1097 Ε.
1459 1072 1589 1110 usque
1620 1060 1669 1100 ad

276 1154 411 1192 finem.
482 1151 588 1190 Eum
606 1151 812 1189 Bekkerus
835 1162 978 1188 comm.
1002 1150 1086 1188 crit.
1106 1149 1235 1200 praef.
1256 1163 1297 1201 p.
1320 1148 1402 1188 VII.
1425 1151 1530 1190 inter
1550 1151 1668 1192 Pala·

278 1246 384 1283 tinos
403 1241 641 1290 Vaticanos,
678 1242 745 1292 qui
767 1241 861 1280 olim
891 1240 1059 1280 Iannotii
1080 1240 1248 1280 Manetti
1275 1241 1460 1289 fuerunt,
1497 1243 1670 1294 primum

278 1336 329 1375 de
349 1335 476 1374 tribus
494 1335 547 1373 ita
564 1333 777 1372 describit:
814 1332 909 1380 173,
932 1333 1112 1380 membr„
1148 1333 1177 1372 f.
1203 1333 1352 1384 quadr.,
1385 1333 1428 1372 ff.
1453 1334 1547 1382 163,
1582 1348 1666 1374 ma-

277 1441 331 1466 nu
354 1426 643 1465 Coislinianum
675 1423 759 1463 345
784 1423 1002 1463 referente.
1073 1426 1208 1463 insunt
1236 1425 1456 1476 Apologia,
1484 1425 1666 1475 Phaedo,

276 1517 501 1558 Alcibiades
521 1518 696 1569 primus,
734 1515 928 1568 Gorgias,
964 1515 1111 1564 Meno,
1139 1516 1312 1568 Hippias
1334 1518 1483 1555 maior:
1520 1517 1667 1557 deinde

277 1625 299 1650 a
329 1611 473 1662 pagina
502 1609 585 1648 109
616 1609 697 1648 loci
727 1609 906 1659 excerpti
935 1603 1139 1663 (immixtis
1164 1603 1349 1661 scholiis)
1375 1621 1398 1647 e
1422 1608 1666 1658 Theaeteto,

277 1702 492 1749 Com-ivio,
528 1700 732 1754 Phaedro,
773 1699 963 1748 Timaeo,
999 1699 1062 1739 Re
1082 1700 1263 1752 publica,
1300 1700 1542 1752 Protagora,
1577 1701 1662 1740 Eu-

275 1794 532 1845 thyphrone,
571 1791 760 1843 Cratylo,
799 1791 1014 1842 Sophista,
1059 1791 1254 1840 Politico,
1291 1791 1548 1843 Parmenide,
1578 1793 1664 1833 Le-

275 1885 415 1937 gibus,
449 1883 669 1935 Epistolis,
714 1882 1035 1922 Definitionibus.
1108 1897 1154 1923 ea
1188 1887 1377 1935 excerpta
1402 1885 1443 1924 in
1480 1886 1663 1937 catalogo

276 1975 364 2016 vat.
387 1976 545 2015 lexicon
568 1974 820 2014 Platonicum
839 1976 1071 2013 vocantur.“
1137 1974 1325 2026 Sequitur
1342 1976 1532 2015 familiam
1555 1978 1662 2029 opti-

275 2069 340 2106 mi.
412 2058 618 2106 Bekkerus
641 2079 731 2106 eum
755 2069 851 2118 post
875 2065 1022 2104 editam
1047 2064 1191 2106 Graeci
1223 2070 1432 2108 contextus
1452 2070 1662 2109 recensio-

275 2172 367 2199 nem
388 2159 565 2199 contulit.

409 2250 524 2290 Nunc
548 2249 743 2301 reliquum
765 2252 888 2288 estut
910 2260 1072 2296 eorum,
1109 2261 1212 2299 quae
1243 2247 1329 2288 Vol.
1355 2248 1401 2289 Il.
1425 2263 1464 2301 p.
1483 2249 1659 2291 XXXVI.

274 2343 543 2382 demonstrata
563 2344 667 2389 sunt,
704 2340 1063 2379 confirmandorum
1086 2353 1227 2379 caussa
1251 2341 1522 2390 ostendamus,
1557 2355 1661 2393 quae

273 2435 312 2473 in
333 2434 396 2473 his
416 2435 542 2473 tribus
566 2433 676 2472 libris
697 2445 745 2472 ex
766 2430 880 2472 vind.
904 2432 949 2471 B.
970 2435 1011 2470 et
1038 2431 1150 2471 Mon.
1181 2432 1226 2471 B.
1260 2432 1466 2472 Bekkerus
1497 2433 1560 2472 vel
1589 2447 1659 2473 re-

273 2526 381 2566 ferre
404 2526 624 2578 neglexerit
644 2525 707 2563 vel
727 2523 832 2563 falso
853 2523 1041 2563 retulerit.
1112 2523 1270 2563 Partem
1291 2537 1429 2564 eorum
1457 2526 1656 2577 significa-

273 2622 351 2656 tam
374 2618 500 2657 habes
521 2618 570 2656 ad
588 2617 633 2656 L.
660 2616 760 2656 Vlll.
785 2630 826 2668 p.
857 2616 951 2655 513.
982 2616 1026 2655 C.
1049 2620 1142 2655 nota
1161 2617 1199 2654 6.
1245 2614 1340 2656 544.
1374 2616 1419 2657 C.
1450 2615 1515 2656 12.
1559 2615 1655 2655 546.

272 2710 319 2749 A.
347 2722 438 2761 pen.
460 2709 507 2750 B.
527 2709 566 2748 4.
596 2723 617 2748 a
646 2708 676 2748 f.
711 2708 755 2747 C.
789 2688 829 2747 ἐ.
861 2706 906 2747 ι).
929 2708 969 2748 1.
1018 2706 1184 2747 5413.
1209 2707 1248 2746 4.
1298 2707 1394 2747 549.
1417 2708 1462 2748 A.
1484 2708 1523 2747 s,
1548 2708 1592 2746 B.
1614 2708 1654 2746 8.

270 2799 365 2838 550.
385 2800 434 2841 Ε.
458 2800 498 2839 3.
535 2799 629 2840 551.
653 2800 700 2839 A.
721 2799 760 2839 4.
782 2799 828 2840 C.
852 2799 890 2840 2.
913 2798 979 2839 12.
1026 2799 1122 2842 552.
1148 2798 1193 2838 Α.
1222 2798 1258 2838 1.
1284 2799 1328 2837 B.
1350 2798 1389 2838 2.
1431 2798 1527 2838 553.
1548 2798 1593 2838 C.
1615 2798 1654 2838 7.
