1764 3176
0 294 3 335 ,i

449 173 766 215 CIVITAS
817 173 936 216 LIB.
979 173 1094 216 Vffl.
1136 179 1202 213 553
1451 177 1510 218 39

125 282 287 328 αὐτόθι
333 282 608 340 ἐγγίγνεσθαι
618 304 632 336 ‚-
678 285 894 341 Φήσομεν.

951 284 1067 330 Ἀλλ’
1105 280 1190 330 οὖν
1234 284 1288 341 δὴ
1325 283 1509 340 τοιαύτη

119 352 168 408 γε’
197 368 262 402 τις
290 351 346 396 ἄν
375 353 440 409 ε’ίη
469 353 496 409 ἦ
523 351 869 410 ὀλιγαρχουμένη
898 352 1025 404 πόλις
1064 353 1139 397 καὶ
1173 356 1366 398 τοσαῦτα
1395 351 1509 397 κακοὶ

121 420 303 476 ἔχουσα,
342 422 448 472 ἴσως
479 421 525 465 δὲ
555 439 629 465 και
659 423 805 465 πλείω.

864 421 1036 477 Σχεδόν
1075 439 1138 474 τι,
1183 422 1282 478 ‹cl-<pn
1338 419 1510 474 Ἀπειρ-

91 487 273 569 sycioqm
304 488 358 544 δὴ
387 487 494 545 ἡμῖν
533 491 607 534 καὶ
645 489 777 547 αὕτη,
813 483 869 547 ἦν
909 489 954 534 δ’
992 488 1098 544 ἐγω,
1137 488 1164 545 ἡ
1197 489 1412 540 πολιτεία,
1452 487 1508 544 ἣν
1531 499 1599 534 553

116 554 377 612 ὀλνγαρχίαν
406 562 643 610 καλοῦσιν,
677 558 723 602 ἐκ
752 573 1006 614 τιμηματων
1024 557 1184 612 ἔχουσα
1214 558 1322 608 τούς
1354 556 1510 613 ἄρχον-

117 638 218 675 τας·
260 624 338 668 τὸν
370 624 418 669 δὲ
457 626 594 683 ταύτῃ
636 626 790 681 ὅμοιον
832 625 939 682 μετὰ
974 630 1112 669 ταῦτα
1151 630 1403 682 σκοπῶμεν,
1450 624 1510 676 τός

118 709 164 737 τε
200 694 395 749 γίγνεται
434 691 528 746 οἷός
574 711 620 737 τε
659 695 894 750 γενόμενος
933 695 1037 738 ἔστι.

1118 693 1252 737 Πάνυ
1288 694 1369 750 μὲν
1408 695 1507 742 οὐν.

120 761 218 818 ἔφη.
268 756 364 816 Ἆρ’
395 757 478 806 οὗν
515 757 598 807 ὦδε
629 763 812 818 μάλιστα
853 765 912 815 εἰς
943 761 1222 818 ὀλιγαρχικὸν
1256 762 1303 806 ἐκ
1333 766 1415 806 τοῦ
1444 778 1508 805 τι-

119 833 394 886 μοκρατικοῦ
422 830 594 874 ἐκείνου
623 830 902 887 μεταβάλλει;
939 833 1063 882 Πῶς,·
1084 830 1223 873 “va
1243 828 1381 875 αὐτοῦ
1407 834 1509 880 παῖς

118 898 355 956 γενόμενος
392 898 442 942 τό
474 899 554 954 μὲν
583 903 760 953 πρῶτον
791 903 912 956 ζηλοῖ
945 915 989 943 τε
1028 898 1108 943 τὸν
1146 898 1311 954 πατέρα
1342 897 1416 942 καὶ
1458 896 1509 941 τὰ

166 1058 254 1105 βίᾳ]
241 1057 350 1104 Junci
373 1058 439 1106 βίᾳ
472 1059 592 1104 Steph.
634 1061 710 1093 Ast.
743 1072 785 1093 ac

117 1107 155 1140 οἱ
191 1106 268 1139 Fic.
303 1105 358 1140 cf.
392 1095 594 1149 v'01.1.p.
632 1108 718 1147 107,
752 1118 783 1140 a.

119 1152 335 1196 Quamquam
370 1152 402 1186 h.
435 1151 456 1184 l.
489 1151 636 1196 priorem
671 1152 784 1196 potius

119 1197 273 1231 dativum
316 1195 509 1244 ἐπιμελείᾳ
536 1197 691 1231 adverbii
721 1209 784 1242 po-

117 1247 246 1277 testate
268 1244 464 1288 praeditum
483 1234 642 1278 dixerim.
683 1243 783 1284 Quae

116 1289 207 1324 infra
224 1290 390 1344 leguntur
440 1290 552 1324 .554.
580 1290 620 1322 C.
647 1286 716 1328 τὰς
741 1288 781 1323 δὲ

114 1333 346 1390 κακούργους
377 1336 632 1392 (επνθωμίας)
674 1347 782 1369 κατε-

114 1378 274 1425 χυμένας
291 1381 356 1429 βίᾳ
375 1379 452 1416 υπὸ
475 1383 544 1425 τῆς
570 1379 682 1426 ἄλλης
705 1378 781 1416 ἐπι-

114 1427 273 1471 μελείας,
296 1417 418 1473 quibus
435 1428 682 1462 Stalibaumius
707 1428 781 1473 opi-

114 1480 218 1508 natur
262 1475 415 1508 codicum
451 1474 630 1508 lectionem
671 1475 781 1508 nostri

114 1519 181 1554 loci
210 1520 359 1561 firmari,
404 1520 486 1554 mihi
527 1520 663 1566 quidem
699 1520 781 1555 nihil

113 1566 280 1600 eiusmodi
304 1567 445 1602 efficere
468 1566 640 1602 videntur.

164 1632 361 1679 Οἰόμεθα]
389 1634 561 1679 οἰώμεθα
583 1636 686 1670 Vind.
705 1636 779 1670 BE.

114 1684 151 1715 et
174 1692 196 1715 a
218 1693 262 1716 m.
286 1693 315 1716 ε.
338 1683 418 1716 Par.
434 1684 476 1716 A.

160 1749 224 1784 καὶ
246 1748 366 1794 κακὴν
389 1749 560 1795 τροφὴν]
588 1763 653 1784 om.
685 1750 778 1784 Mon.

113 1797 416 1887 B'e'yylyvsafim]
450 1839 558 1886 ε’γγίν.
592 1841 671 1878 Ald.
696 1843 776 1875 Bas.

112 1889 168 1923 ab.
196 1888 319 1933 Steph.

159 1950 254 2002 οὖν]
287 1954 337 1991 ου’
360 1958 438 1992 Vat.
463 1957 502 1990 B.
537 1951 607 1991 οὖν
631 1958 778 1999 externi,

111 2008 150 2038 ut
171 2003 222 2037 ita
246 2003 376 2046 dicam,
398 2003 526 2036 vinculi
549 2004 659 2037 locum
685 2004 777 2038 obti—

110 2055 189 2084 net:
236 2051 329 2091 Sed,
372 2051 535 2094 quoniam
564 2052 653 2093 fluis
696 2051 775 2084 huic

109 2096 356 2140 disputationis
397 2097 496 2139 parti
551 2097 775 2140 imponendus

112 2147 180 2183 est,
205 2144 286 2176 talis
309 2143 422 2187 igitur
446 2148 513 2176 etc.
545 2142 601 2176 Cf.
628 2144 703 2177 Vol.
728 2144 774 2178 11.

111 2199 146 2234 p.
170 2167 252 2224 ⁹293.
279 2199 332 2233 sq.

156 2242 336 2300 τοιαυτῃ]
362 2243 539 2290 τοιαύτης
565 2246 649 2281 Ven.
675 2246 716 2280 C.

155 2259 627 2335 ys'J0m.Lob.Vat.ssw1.

155 2336 306 2381 πλείω.]
339 2337 381 2372 Ιιι
403 2338 497 2372 Mon.
521 2339 561 2372 Β.
595 2339 689 2372 nulla
722 2345 776 2373 est

109 2382 351 2428 interpunctio.

43 2447 111 2482 553
159 2437 280 2484 αὕτη]
307 2439 425 2486 ταύτῃ
442 2443 543 2477 Vind.
552 2443 593 2475 F.
618 2444 706 2488 Aug.
732 2444 772 2477 B.

110 2509 209 2578 Viffiae
233 2517 282 2577 Ξ
311 2496 401 2539 τοὺς
447 2496 659 2545 ἄρχοντας]
709 2514 773 2536 οηι.

109 2648 142 2681 V
158 2597 198 2681 {a
208 2601 468 2681 Βτιμημοίτων]
500 2601 770 2649 ἐκτικλημάτων

144 2660 164 2682 a

157 2703 312 2751 ἔχουσα]
338 2704 492 2750 ἔχουσαν
516 2709 601 2742 Lob.
625 2709 720 2744 Mon.
731 2711 771 2743 B.

111 2752 191 2786 Vat.
215 2752 295 2786 ΒΜ.
318 2753 403 2787 V.en
417 2754 456 2787 C.
482 2755 561 2788 Par.
577 2755 651 2788 DK.
678 2756 770 2790 Flor.

108 2797 278 2879 gmAssitc
293 2810 365 2833 sec.
396 2800 605 2846 (principes)
636 2803 772 2847 eligen—

888 1059 956 1095 τὸν
981 1058 1044 1103 δὲ]
1077 1059 1143 1093 Ηὶο
1177 1059 1258 1093 novi
1291 1058 1412 1104 capitis
1443 1058 1508 1091 ini-

841 1107 923 1140 tium
945 1107 1076 1140 faciunt
1102 1106 1302 1147 Bekkems,
1329 1104 1449 1138 Astius
1473 1105 1508 1138 in

840 1158 922 1186 tert.
961 1160 997 1186 et
1030 1151 1276 1186 Stallbaumius
1312 1158 1348 1184 et
1381 1151 1414 1183 in
1440 1151 1508 1183 fine

840 1199 1031 1232 sententiae
1064 1197 1343 1251 interrogationis
1377 1196 1508 1240 signum

839 1250 980 1289 ponunt.
1027 1244 1115 1278 Mihi
1139 1243 1342 1277 coniunctivi
1365 1243 1508 1275 σκοπῶ-

837 1302 904 1334 μεν
928 1290 1131 1334 significatio
1156 1289 1296 1331 eadem,
1329 1300 1418 1334 quae
1443 1288 1507 1322 im—

837 1337 986 1381 perativi
1011 1333 1263 1389 α’πειργᾴσθω,
1282 1341 1317 1368 et
1342 1335 1409 1368 viri
1434 1346 1507 1368 cum

838 1383 978 1416 civitate
1013 1382 1212 1428 compositio
1244 1382 1288 1415 ob
1323 1392 1507 1426 pronomen

837 1426 957 1474 ταύτῃ
981 1429 1060 1462 talis
1084 1429 1240 1470 videtur,
1276 1431 1314 1461 ut
1345 1433 1506 1461 neutrum

837 1475 977 1529 probari
1001 1475 1121 1520 possit.
1156 1475 1279 1518 Itaque
1312 1485 1386 1507 cum
1409 1473 1507 1506 Astio

836 1522 871 1554 in
904 1533 959 1566 pr.
992 1527 1028 1555 et
1060 1533 1130 1555 sec.
1177 1527 1258 1554 ante
1292 1520 1378 1553 haec
1409 1519 1506 1553 colon

838 1579 901 1614 pro
935 1573 1062 1612 puncto
1094 1567 1266 1612 priorum,
1308 1570 1388 1612 post
1430 1563 1506 1599 ἐστι

837 1619 1003 1657 punctum
1028 1625 1104 1647 cum
1128 1613 1282 1646 omnibus
1308 1618 1387 1646 ante
1411 1612 1504 1645 Bek—

836 1660 958 1693 kerum
982 1659 1058 1693 feci.
1107 1659 1197 1692 Nam
1217 1656 1317 1692 πάνυ
1343 1669 1408 1701 μεν
1434 1670 1504 1691 ουν

836 1711 874 1739 et
897 1705 1018 1739 similia
1043 1705 1176 1738 minime
1199 1716 1333 1750 semper
1360 1715 1505 1749 respon—

837 1751 972 1793 dentis,
1013 1751 1073 1785 sed
1109 1762 1353 1795 saepenumero
1386 1761 1506 1784 assen-

836 1797 954 1830 tientis
988 1809 1065 1831 esse
1097 1802 1241 1831 constat.
1289 1796 1379 1831 Vide
1414 1808 1444 1830 e.
1470 1808 1503 1840 g.

833 1843 1058 1888 p.·554..A
1102 1843 1220 1880 L..v
1273 1843 1424 1888 p.453
1459 1842 1502 1876 D.

834 1890 979 1926 465.A.

879 1944 972 1990 μετὰ
997 1946 1142 1989 ταῦτα]
1167 1946 1381 1989 μεταταῦτα
1416 1945 1502 1978 Lob.

833 1993 934 2073 Wlind.
960 1992 1067 2026 BEF.
1107 1992 1201 2027 Mon.
1236 1993 1275 2027 Β.
1311 1992 1388 2028 Ald.
1421 1992 1502 2026 Bas.

834 2051 855 2074 a
881 2066 954 2140 ἀῗς]
1002 2091 1046 2135 ὅς
1078 2090 1197 2129 Vind.
1213 2095 1257 2129 E.
1299 2093 1380 2136 οἶος
1414 2095 1501 2129 Lob.

833 2144 914 2177 vat.
939 2143 989 2176 M.

833 2247 849 2280 I
878 2200 1061 2280 γῖξζνεταέ]
1112 2198 1282 2278 χίγῆνηταὲ
1324 2198 1422 2232 Vind.
1455 2199 1499 2231 F.

830 2258 990 2337 pssofegtpa
1011 2257 1269 2325 suiitpzlibayni.
1293 2256 1500 2336 [ξηὸμιῖἲινιῗζ

830 2351 892 2372 ται
919 2339 1024 2372 fuisse
1047 2337 1195 2371 videtur.

878 2394 980 2441 οἷός]
1005 2394 1069 2429 καὶ
1095 2407 1126 2429 ο.
1153 2394 1255 2429 Vind.
1280 2395 1323 2428 E.

878 2452 971 2498 ἔστι]
1032 2451 1129 2487 ἔστιν
1177 2452 1366 2487 Bekkerus.
1425 2449 1501 2487 ἐστι

830 2501 962 2547 priores
987 2505 1023 2534 et
1047 2499 1180 2533 codices
1199 2498 1274 2532 mei.

879 2556 974 2602 ἔφη]
1005 2569 1070 2591 om.
1092 2558 1178 2591 Lob.
1205 2558 1286 2592 Vat.
1309 2556 1390 2589 ΒΜ.

876 2616 949 2659 εἰς]
977 2611 1028 2655 ὥς
1053 2615 1153 2649 Vind.
1165 2615 1209 2648 F.
1224 2618 1279 2657 et,
1303 2626 1378 2659 sup.
1389 2611 1496 2657 πρὸς,

827 2663 978 2752 Anzgdfisss
1003 2721 1067 2742 om
1108 2708 1202 2742 Mon
1236 2706 1493 2742 B.F10r.U

829 2755 907 2789 Par.
929 2754 972 2787 K.
997 2766 1065 2788 sec.
1091 2755 1202 2789 Bekk.

877 2801 981 2844 ζηλοῖ
1001 2802 1066 2845 τε]
1093 2801 1235 2844 ζηλοῖτε
1260 2799 1337 2834 Ald.
1364 2799 1445 2857 Bas.
1461 2810 1492 2832 a

829 2858 868 2881 τε
892 2859 957 2882 om.
982 2847 1064 2882 Par.
1088 2847 1132 2881 K.
