1764 3176
282 131 304 155 ι,
712 109 1233 154 PRAEFATIO

283 229 520 273 perturbaret:
559 232 733 273 postremo
761 232 876 272 pestes
905 228 980 261 illas
1015 226 1266 269 antiquissimas
1295 224 1492 269 civitatum,
1534 224 1666 258 scilicet

284 297 367 330 opes
389 290 423 319 et
441 286 612 329 inopiam,
641 286 684 319 de
703 296 764 319 sua
784 286 920 329 Repub.
947 284 1201 318 summovisset:
1229 292 1297 314 non
1320 285 1480 324 poterant
1496 281 1553 314 illa
1577 291 1665 323 quae

283 347 362 376 sunt
383 343 425 375 ab
445 341 631 375 Aristotele
657 343 780 384 allata,
808 341 982 375 interitum
1007 340 1154 383 Reipub.
1183 339 1328 379 afferre,
1362 339 1390 371 si
1415 337 1535 371 demus
1562 339 1665 371 talem

284 410 381 442 esse,
413 409 479 441 qua
506 400 598 432 nulla
622 400 740 432 melior
757 399 838 441 fingi
858 402 982 441 potest.
1040 397 1217 430 interitum
1248 399 1361 427 tamen
1379 395 1525 435 sentiet,
1557 394 1668 436 inquit

284 455 470 496 Socrates,
500 466 562 488 sua
582 456 686 499 ipsius
709 458 897 488 vetustate:
927 454 1085 497 quoniam
1116 450 1281 485 eiusmodi
1309 454 1360 484 est
1382 451 1530 483 omnium
1553 460 1667 483 rerum

284 516 418 546 natura.
475 511 583 545 Miror
611 517 726 545 tamen
763 522 822 544 cur
842 511 965 552 Plato,
994 510 1051 552 qui
1073 508 1234 542 mundum
1263 506 1377 540 divina
1405 506 1559 539 bonitate
1586 517 1667 549 per-

284 572 423 610 petuum
451 567 525 601 fore
556 569 707 611 putavit,
740 567 865 609 alioqui
893 569 1016 609 suopte
1041 566 1159 598 morbo
1192 575 1234 597 ac
1263 565 1358 597 senio
1385 563 1567 604 ruiturum:
1597 573 1666 596 non

283 625 388 658 etiam
416 624 459 657 de
483 625 612 668 optimo
633 624 780 667 Reipub.
812 628 905 657 statu
929 623 1020 656 idem
1052 621 1224 655 iudicarit.
1279 620 1434 654 Platonis
1462 620 1667 662 interpretes

284 682 422 715 exitium
442 681 669 724 Reipublicae
695 685 765 713 tum
793 679 927 713 demum
947 678 1021 712 sore
1037 677 1271 718 tradiderunt,
1303 677 1378 710 cum
1402 675 1580 709 harmonia
1602 685 1666 708 nu-

282 747 452 771 merorum
479 737 764 771 labefactaretur:
796 747 863 769 non
890 735 994 778 igitur
1022 735 1169 778 optimus
1199 736 1293 767 esset
1323 733 1380 766 ille
1407 736 1538 774 status,
1568 741 1667 774 quem

283 794 448 828 Socrates
467 795 579 827 animo
599 793 835 836 concipiebat,
865 793 892 825 si
918 792 1037 825 morbo
1065 791 1227 824 interiore
1257 793 1316 823 aut
1342 792 1509 822 concentu
1532 792 1667 831 pertur-

280 852 360 884 bato
386 851 597 894 Respublica
624 851 755 883 ruitura
791 849 846 883 sit.
925 847 1011 881 Illud
1039 852 1154 880 autem
1180 846 1330 880 numeris
1369 849 1550 887 acceptum
1578 844 1668 878 ferre

279 906 463 940 absurdum
491 906 659 940 videatur.
716 906 764 939 Vt
789 905 878 938 enim
905 904 1036 938 numeri
1076 903 1166 937 male
1194 903 1257 936 sibi
1281 901 1504 935 cohaerentes
1535 901 1667 934 discre-

280 965 432 1007 pantiam
452 963 624 1006 ingratam
647 962 809 1002 efficiunt,
839 966 1021 1004 propterea
1041 960 1132 1002 quod
1154 969 1196 992 ex
1216 958 1266 992 his
1283 959 1358 992 soni
1377 957 1516 991 conflati
1533 957 1669 990 misceri

280 1031 348 1053 non
367 1024 523 1063 possunt,
552 1024 588 1053 et
609 1019 685 1052 cum
705 1019 790 1051 alius
807 1018 908 1050 alium
928 1018 1033 1060 pellat
1059 1016 1194 1058 utrique
1216 1016 1246 1048 vi
1266 1015 1412 1058 quadam
1432 1024 1533 1047 aures
1554 1014 1669 1047 subire

247 1110 253 1115 ,
280 1080 469 1116 conantur,
493 1080 661 1109 concentu
691 1075 772 1108 vero
797 1084 959 1108 sonorum
979 1073 1129 1106 suaviter
1152 1071 1316 1113 confuso,
1345 1071 1380 1104 id
1404 1075 1476 1113 est,
1507 1071 1584 1104 cum
1611 1081 1670 1103 ra-

281 1134 365 1166 tioni
384 1133 649 1175 congruentibus
678 1132 827 1165 numeris
860 1130 939 1173 apte
960 1130 1167 1170 miscentur,
1196 1128 1278 1162 nihil
1312 1128 1507 1171 discrepare
1534 1131 1668 1170 potest:

280 1190 331 1223 sic
351 1190 562 1232 Respublica
584 1189 678 1222 suavi
700 1198 835 1231 semper
866 1190 1034 1220 concentu
1051 1189 1243 1229 temperata
1259 1184 1489 1227 confusaque,
1519 1184 1575 1217 ubi
1593 1183 1670 1216 nul-

279 1247 349 1279 lum
374 1246 570 1287 dissidium,
599 1246 691 1279 nulla
720 1254 881 1278 sonorum
913 1242 1144 1286 discrepantia
1172 1245 1244 1284 est,
1282 1251 1393 1284 neque
1418 1251 1462 1274 ex
1489 1239 1667 1283 hypothesi

280 1313 357 1336 esse
375 1306 503 1346 potest,
532 1313 601 1335 non
621 1301 721 1335 video
739 1311 807 1343 quo
828 1300 929 1334 modo
947 1299 1145 1333 labefactari
1164 1301 1279 1341 queat.
1335 1299 1452 1333 Quare
1473 1296 1594 1330 falsum
1614 1300 1668 1329 est

279 1359 370 1401 quod
390 1359 439 1392 ait
456 1359 672 1400 Foresterus,
702 1359 848 1391 voluisse
880 1357 1062 1390 Platonem
1084 1355 1309 1398 Respublicas
1339 1354 1434 1387 initio
1462 1354 1550 1387 bene
1581 1363 1667 1386 con-

279 1416 431 1457 stitutaS,
461 1419 496 1448 et
515 1426 590 1449 eam
608 1415 808 1458 praesertim
827 1424 929 1456 quam
952 1413 1050 1446 nobis
1072 1412 1250 1455 proposuit
1270 1411 1313 1444 ad
1334 1409 1548 1453 imitandum,
1579 1413 1668 1442 tem-

279 1472 372 1516 poris
390 1472 536 1505 decursu
559 1472 661 1504 veluti
688 1481 846 1504 numeros
881 1470 980 1503 initio
1009 1469 1096 1503 bene
1130 1468 1191 1501 sibi
1226 1471 1475 1509 congruentes,
1504 1466 1668 1509 paulatim

280 1528 495 1572 discrepare:
527 1528 629 1570 idque
658 1528 732 1561 fieri
763 1530 880 1571 putat,
913 1527 989 1559 cum
1013 1526 1034 1559 a
1061 1525 1280 1567 sesquitertia
1310 1525 1445 1557 ratione
1471 1523 1670 1569 disceditur.

279 1585 350 1618 Sed
367 1585 410 1617 ab
442 1595 484 1618 eo
512 1588 583 1618 tam
617 1585 724 1617 multa
756 1586 966 1627 peccantur,
998 1586 1037 1615 ut
1068 1581 1148 1624 quid
1180 1581 1327 1614 maxime
1363 1580 1431 1613 dici
1454 1590 1523 1613 non
1548 1579 1669 1623 possit.

278 1641 432 1674 Primum
463 1641 553 1684 quod
583 1640 734 1674 rationes
766 1639 979 1673 harmonicas
1001 1639 1103 1681 tripla
1123 1645 1157 1671 et
1183 1637 1374 1680 quadrupla
1389 1636 1523 1670 ratione
1540 1646 1669 1670 conne-

280 1699 364 1740 ctit,
394 1708 483 1740 quae
513 1698 651 1741 paribus
683 1701 718 1730 et
744 1697 930 1739 imparibus
957 1695 1105 1729 numeris
1134 1694 1236 1737 dupla
1258 1694 1426 1737 triplaque
1447 1693 1581 1727 ratione
1606 1692 1670 1726 de·-

279 1755 362 1788 bent
393 1755 558 1798 copulari,
586 1758 625 1786 ut
648 1754 721 1796 ipsa
743 1753 874 1786 numeri
902 1752 1062 1795 nuptialis
1079 1755 1203 1784 natura
1229 1750 1341 1783 docet.
1399 1751 1520 1792 ltaque
1537 1748 1668 1783 suavis-

278 1811 384 1844 simus
405 1821 447 1844 ac
467 1811 595 1854 primus
620 1811 768 1843 omnium
788 1813 994 1849 concentus,
1025 1809 1100 1841 cum
1129 1806 1172 1840 ab'
1201 1807 1335 1840 unitate
1367 1806 1585 1846 discesseris,
1616 1809 1670 1839 est

280 1877 321 1901 ea
344 1877 432 1909 quae
452 1867 541 1900 ratio
572 1867 794 1909 sesquialtera
815 1865 938 1898 dicitur
959 1864 1103 1897 duorum
1126 1875 1167 1897 ac
1185 1863 1307 1904 trium,
1337 1873 1425 1905 quae
1451 1863 1544 1896 nullo
1560 1863 1669 1896 inter-

279 1924 371 1957 iecto
387 1924 499 1957 medio
518 1924 731 1966 copulantur.
788 1923 917 1955 Postea
936 1931 1061 1954 novem
1080 1924 1115 1953 et
1133 1923 1278 1962 quatuor
1295 1918 1515 1953 vehementer
1534 1919 1668 1952 discre-

280 1980 376 2023 pant,
398 1981 477 2023 quia
499 1981 573 2013 sine
594 1979 706 2013 medio
727 1978 912 2012 cohaerere
923 1988 991 2011 non
1006 1981 1165 2020 possunt:
1197 1977 1300 2018 igitur
1321 1976 1476 2009 senarius
1496 1979 1669 2018 utrunque

280 2047 390 2079 aequa
412 2037 548 2070 ratione
577 2036 770 2079 copulabit,
800 2039 835 2068 et
865 2045 941 2068 cum
968 2038 1112 2076 utroque
1137 2034 1286 2066 suaviter
1315 2033 1486 2066 concinet.
1544 2032 1669 2066 Consi-

281 2094 404 2127 militer
421 2093 567 2127 XXVII.
589 2103 666 2126 cum
691 2092 784 2126 VIII.
805 2091 924 2125 eadem
945 2091 1078 2124 ratione
1099 2101 1165 2132 qua
1184 2089 1379 2132 superiores
1404 2089 1669 2131 coniunguntur,

281 2150 413 2183 duobus
435 2149 623 2183 interiectis
647 2148 790 2190 mediis,
813 2148 943 2182 scilicet
970 2147 1047 2181 XII.
1079 2151 1111 2180 et
1133 2146 1261 2180 XVIII.
1289 2156 1355 2180 nec
1388 2147 1417 2179 si
1445 2146 1479 2179 in
1501 2145 1671 2186 infinitum

281 2206 504 2249 progrediar-e
529 2207 595 2239 isto
622 2206 744 2248 modo,
776 2206 844 2238 ulla
872 2204 1102 2247 discrepantia
1130 2203 1244 2236 futura
1275 2206 1339 2237 est.
1395 2202 1516 2236 Itidem
1542 2202 1577 2236 in
1614 2212 1671 2236 ra·

281 2264 375 2296 tione
395 2263 612 2306 sesquitertia
639 2263 740 2295 trium
761 2265 795 2295 et
819 2266 966 2304 quatuor
984 2272 1052 2294 non
1071 2260 1206 2303 quidem
1224 2260 1313 2292 iusta
1331 2262 1383 2293 est
1403 2258 1599 2301 harmonia,
1631 2261 1669 2292 ut

281 2321 337 2353 ille
365 2320 489 2353 voluit:
520 2321 596 2353 cum
627 2329 737 2361 neque
766 2323 919 2360 veteres,
952 2328 1064 2360 neque
1098 2317 1206 2350 nostri
1229 2319 1433 2350 concentum
1458 2316 1551 2349 illum
1575 2314 1666 2348 ferre

282 2376 434 2419 possint,
463 2377 537 2409 sine
565 2377 667 2416 tertia
683 2380 744 2409 aut
761 2376 900 2418 quiuta3
932 2374 992 2407 sed
1023 2378 1137 2407 tamen
1157 2373 1184 2406 is
1207 2377 1393 2406 concentus
1412 2382 1508 2406 suam
1531 2381 1667 2414 quoque

282 2433 432 2466 servabit
452 2437 678 2473 venustatem,
707 2433 748 2473 si,
778 2436 815 2465 ut
836 2432 868 2465 in
886 2431 1065 2474 prioribus,
1094 2429 1314 2463 intermedios
1342 2439 1503 2463 numeros
1520 2438 1666 2470 quaera-

281 2499 367 2523 mus.
427 2490 520 2525 Quid
550 2490 639 2522 enim
665 2489 813 2532 ineptius
843 2488 944 2531 quam
971 2487 1115 2520 eandem
1144 2487 1314 2523 rationem
1334 2486 1544 2519 constituere
1564 2485 1666 2518 trium

282 2545 327 2579 ad
350 2549 496 2588 quatuor
524 2556 612 2588 quae
642 2550 694 2579 est
713 2545 855 2579 XXVII.
881 2545 924 2578 ad
951 2544 1093 2577 LXIIII.
1151 2544 1277 2576 Demus
1296 2543 1399 2585 igitur
1422 2551 1537 2575 veram
1561 2541 1669 2575 ratio-

283 2612 361 2635 nem
390 2602 480 2635 inter
505 2606 676 2645 utrunque
696 2601 856 2636 XXXVI.
884 2605 919 2634 et
948 2600 1105 2634 XLvlll.
1134 2597 1224 2633 idem
1251 2600 1315 2632 erit
1340 2599 1486 2642 proximi
1505 2597 1667 2640 cuiusque

283 2663 469 2692 concentus
486 2658 531 2692 ad
550 2660 708 2701 alterum,
731 2660 788 2701 qui
810 2662 863 2692 est
882 2659 982 2691 trium
1005 2657 1047 2690 ad
1061 2660 1217 2700 quatuor.
1274 2656 1373 2689 Haec
1395 2659 1509 2689 autem
1530 2653 1668 2688 harmo-

282 2715 339 2750 nia
361 2726 505 2749 concors
524 2720 690 2759 perpetua
707 2715 819 2748 futura
840 2718 904 2756 est,
933 2714 1067 2748 etiamsi
1091 2714 1126 2747 in
1146 2713 1312 2749 infinitum
1332 2712 1565 2755 progrediare.
1623 2710 1671 2744 Vt

282 2773 310 2805 si
330 2772 448 2806 demus
467 2772 653 2806 CCXLIII.
670 2776 705 2806 et
722 2771 889 2807 MXXIII.
910 2771 967 2814 qui
994 2771 1028 2805 in
1048 2780 1189 2804 numero
1212 2769 1356 2814 nuptiali
1379 2769 1482 2814 dupla
1500 2767 1668 2811 triplaque
