1764 3176
290 119 318 158 2
722 113 1200 157 PLATONIS

292 225 486 282 πόλεμον
516 226 748 282 γεγονότας
793 225 1010 282 ἀρίστους.

1072 223 1364 281 Ὡμολόγηται
1374 257 1386 278 ,
1426 223 1522 279 ἔφη.
1583 223 1672 266 Καὶ

231 298 266 338 Β
291 294 379 351 μὴν
418 294 490 337 καὶ
527 294 629 338 τάδε
666 293 1046 351 ξυνεχωρήσαμεν,
1088 292 1147 343 ὠς
1178 291 1285 335 ὅταν
1315 290 1368 348 δὴ
1399 293 1672 334 καταστῶσιν

292 364 336 406 οἱ
365 362 590 417 ἄρχοντες,
622 361 804 419 ἄγοντες
841 362 945 413 τούς
980 359 1243 417 στρατιώτας
1281 364 1582 403 κατοικιοῦσιν
1613 359 1672 409 εἰς

293 429 483 485 οἰκήσεις
513 432 608 482 οἵας
637 433 914 487 προείπομεν,
944 431 1061 473 ἰ’διον
1091 429 1170 485 μὲν
1202 425 1334 471 οὐδὲν
1365 426 1514 470 οὐδενὶ
1540 423 1672 481 ἐχού-

297 507 396 548 σας,
427 496 579 548 κοινὰς
620 499 666 542 δὲ
701 503 820 542 πᾶσι.
860 497 968 551 πρὸς
1006 498 1052 540 δὲ
1091 501 1185 547 ταῖς
1226 493 1446 544 τοιαύταις
1483 493 1674 549 οἰκήσεσι

294 564 369 607 καὶ
398 562 476 613 τοὶς
505 563 695 620 κτήσεις,
728 568 762 609 εἰ
778 564 1084 622 μνημονεύεις,
1116 562 1539 619 διωμολογησάμεθά
1569 577 1674 613 που,

301 627 391 673 οἶαι
422 631 595 675 ἔσονται
626 631 785 684 αὐτοῖς.
805 632 927 675 Ἀλλα
955 632 1232 688 μνημονεύω,
1263 632 1360 687 ἔφη,
1389 631 1454 674 ὅτι
1476 646 1522 685 ys
1544 627 1676 673 οὐδὲν

299 697 462 742 οὐδένα
493 696 674 756 ᾠόμεθα
703 703 793 744 δεῖν
823 705 1072 757 κεκτῆσθαι,
1098 695 1159 743 ὦν
1179 703 1265 744 νῦν
1296 701 1338 744 οἱ
1369 697 1504 751 ἄλλοι,
1531 697 1675 751 ὥσπερ

238 804 271 844 Β

344 799 416 856 δὴ]
445 797 483 834 δὲ
505 801 598 835 Flor.
623 803 663 834 A.

344 843 518 890 ἄγοντες]
546 849 581 880 ἰη
601 848 848 891 expeditionem
873 860 956 882 eun—

296 899 347 927 tes
380 893 452 925 Fic.
491 892 546 926 Cf.
577 893 707 926 L.111.
739 905 772 937 p.
810 894 889 928 415.

298 959 341 963 ——
365 938 406 970 In
431 937 634 972 editionibus
668 943 746 972 ante
771 940 856 972 Astii
889 952 958 974 sec.

298 995 428 1018 comma
461 996 526 1017 non
559 988 639 1018 ante
671 985 755 1026 hoc,
789 986 848 1019 sed
882 990 960 1031 post

299 1027 527 1083 στρατιώτας
558 1031 700 1075 positum
733 1035 796 1064 est.

345 1073 525 1130 οἰκήσεις]
547 1076 696 1115 οἰκίσεις
715 1077 786 1110 Ald.
807 1077 885 1111 Bas.
905 1079 959 1111 ab.

344 1118 430 1165 μὲν]
461 1120 500 1155 ὁὲ
523 1123 620 1156 Stob.
648 1119 734 1166 (μεν
763 1124 835 1157 cod.
862 1125 901 1158 A.
927 1129 962 1157 et

299 1167 354 1202 ed.
382 1168 514 1221 Gaisf.)

302 1215 303 1218 ’
347 1210 482 1257 ουδεν]
525 1218 602 1257 post
626 1211 780 1258 ἐχούσας
812 1215 890 1248 Par.
917 1215 961 1249 K.

300 1272 365 1294 om.
393 1259 478 1293 Lob.
512 1260 590 1293 Vat.
617 1261 693 1294 ΒΜ.

348 1301 499 1348 οὐδενὶ]
534 1318 598 1339 om.
648 1307 742 1341 Flor.
781 1306 825 1338 T.
861 1306 959 1340 Stob.

301 1351 374 1385 cod.
400 1352 469 1384 AB.

347 1393 501 1439 κοινας]
541 1393 651 1429 κοινοὶ
687 1396 787 1430 Vina.

302 1443 504 1485 Bernhardy
529 1446 619 1485 synt.
660 1454 695 1486 p.
719 1442 798 1477 474.

351 1486 527 1541 οἰκήσεσι]
539 1485 730 1531 οἰκήσουσι
747 1489 821 1522 Ald.
836 1490 919 1522 Bas
930 1501 963 1523 a.

348 1533 418 1574 τὰς
444 1532 606 1577 κτήσεις]
641 1536 685 1568 de
704 1536 907 1579 supellectili
930 1541 964 1570 et

301 1581 567 1626 possessionibus
584 1580 656 1614 F1c

351 1626 385 1660 εἰ
415 1623 682 1670 μνημονεύεις]
731 1620 780 1669 η“ν
826 1638 965 1670 μνημο-

304 1670 417 1715 νεύης
446 1673 537 1705 Mon
563 1672 601 1705 B.
628 1672 723 1705 Flor.
753 1672 794 1705 U

353 1708 732 1772 διωμολογησάμεθά]
759 1718 853 1761 διομ.
869 1719 967 1752 Vind.

306 1764 346 1798 F.
373 1761 627 1812 διωμολογησά
649 1765 724 1797 Vat.
750 1764 787 1796 Β.
817 1764 966 1798 VindE.

352 1821 449 1858 που,
477 1813 577 1854 οἷαι]
620 1821 685 1843 ποι
711 1807 787 1843 οἶαι
814 1811 891 1843 Pa1.
924 1811 966 1845 D.

306 1867 357 1900 πη
389 1835 467 1889 οἷαι
497 1856 577 1891 Pan.
602 1856 645 1888 K.
678 1856 770 1890 Mon.
796 1857 836 1889 Β
873 1856 965 1911 Flof.

307 1903 352 1937 U.
377 1899 487 1936 πόσοι
511 1896 557 1934 οὶν
582 1902 681 1935 Vind.
707 1902 747 1934 F
773 1899 889 1935 πόσαι
918 1898 966 1936 ὂὶν

307 1951 394 1990 Ang.
419 1948 458 1981 B.
484 1947 575 1981 Flor.
602 1948 645 1981 R.

356 1992 415 2028 ὅτι
444 1994 506 2038 γε]
534 2005 573 2037 ys
599 2005 664 2027 om.
690 1994 768 2028 Vat.
791 1993 839 2027 Μ.
861 1993 966 2028 Male.

310 2035 371 2075 ὅτι
389 2051 428 2083 ys
448 2040 537 2073 idem
557 2041 664 2081 valet,
689 2040 785 2083 quod
805 2037 892 2074 τόδε
914 2052 964 2096 ys,

312 2082 383 2121 ὅτι.
409 2085 463 2120 Cf.
486 2086 524 2120 L.
542 2086 603 2118 VI.
629 2097 664 2130 p.
686 2087 763 2120 505.
789 2085 834 2118 B:
867 2083 965 2120 Ἀλλὰ

309 2130 385 2176 μὴν
422 2130 487 2165 καὶ
522 2129 610 2166 τόδε
646 2141 685 2175 γε
727 2128 861 2175 οἶσθα,
907 2129 967 2166 ὅτι

310 2181 390 2217 τοῖς
418 2190 484 2233 μεν
522 2179 671 2217 πολλοῖς
705 2174 824 2221 ἡδονὴ
865 2178 970 2212 δοκεῖ

312 2221 408 2258 εἶναι
438 2221 480 2258 τὸ
507 2221 678 2278 άγαθὸν,
703 2226 782 2262 τοῖς
812 2221 851 2257 δε
881 2236 967 2267 κομ-

312 2267 490 2325 ψοτέροις
530 2268 761 2326 φρόνησις.
796 2270 886 2310 Πῶς
925 2254 967 2304 δ’

314 2312 383 2355 οὕς
414 2315 489 2349 Καὶ
525 2313 584 2350 ὅτι
620 2327 680 2360 ys,
730 2315 758 2349 ω’
795 2317 898 2359 φίλε,
933 2315 970 2350 οἱ

313 2362 428 2395 τοῦτο
483 2359 701 2416 ἡγοίμενοι
728 2358 796 2395 ov'n
849 2360 969 2418 έχουσι

313 2407 453 2450 δεῖξαι,
501 2405 584 2451 ητις
626 2405 828 2452 φρόνησις,
884 2405 968 2442 ἀλλ’

315 2451 589 2508 ἀναγκάζονται
629 2454 867 2494 τελευτῶντες
900 2452 972 2511 τὴν

315 2499 383 2533 τοῦ
405 2496 555 2554 α’γαθοῦ
576 2498 705 2543 φάναι.
730 2501 781 2533 Ib.
808 2503 858 2533 A:
893 2498 970 2534 ἐπεὶ

319 2541 378 2579 ὅτι
400 2556 440 2589 γε
467 2542 490 2588 ἡ
521 2547 589 2580 τοῦ
619 2544 769 2590 ἀγαθοῦ
794 2544 878 2580 ἰδέα
899 2543 970 2602 με’-

314 2601 439 2635 ·γιστον
464 2589 647 2635 μάθημα,
681 2590 858 2631 πολλάκις
885 2589 972 2648 άκή-

317 2649 420 2676 κοας.
478 2637 517 2671 L.
550 2638 633 2671 1111.
659 2651 691 2695 p.
706 2640 795 2673 435.
822 2640 873 2672 Ε.
896 2635 970 2681 ”Αρ

321 2695 390 2718 ουν
415 2680 524 2737 ἡμῖν,
564 2683 611 2727 ήν
639 2682 689 2717 ”δ
730 2683 824 2739 ἐγώ,
856 2680 971 2727 πολλή

322 2726 464 2785 ἀνάγκη
497 2726 709 2785 ὁιιολογεῖν,
753 2727 812 2765 ὅτι
847 2741 891 2785 γε
923 2729 970 2763 τὰ

320 2772 419 2809 αὐτοὶ
455 2772 494 2809 ἐν
523 2773 663 2822 εκάστῳ
692 2774 831 2811 ε’νεστιν
868 2773 975 2821 ἡμῶν

821 1397 959 1431 E--Cs

1015 803 1095 847 εἴηδ
1133 814 1172 836 τε
1209 801 1273 836 καὶ
1298 798 1401 845 ἤθη,
1443 796 1536 844 άπερ
1568 796 1606 833 ἐν
1630 799 1675 844 τῇ

1014 816 1142 889 πόλει;
1177 848 1256 883 433.
1330 827 1442 880 ..rial
1463 846 1536 890 μὴν
1564 842 1623 880 ὅτι
1638 857 1678 889 ys

1015 894 1057 929 τὸ
1086 907 1132 928 τα
1167 891 1285 927 αὑτοῦ
1285 849 1493 937 Απράττειν
1526 891 1589 925 καὶ
1627 892 1676 934 μὴ

1015 941 1336 994 πολυπραγμονεῖν
1359 936 1576 980 δικαιοσύνη
1590 935 1676 980 ἐστὶ,

1016 986 1079 1020 καὶ
1123 987 1236 1019 τοῦτο
1280 981 1401 1018 ἄλλων
1446 996 1485 1018 τε
1530 983 1679 1017 πολλων

1019 1030 1231 1086 ἀκηκόαμεν
1269 1043 1330 1064 και
1361 1027 1472 1064 αυτοὶ
1504 1027 1680 1068 πολλάκις

1010 1076 1228 1134 Γείρήκαμεν.
1275 1078 1316 1110 L.
1350 1076 1589 1131 111.p.412.
1626 1076 1677 1108 C.

1010 1121 1098 1158 ΓΌτι
1150 1122 1216 1166 μὲν
1265 1119 1540 1171 πρεσβυτέρους
1589 1119 1679 1161 τοὺς

1019 1167 1203 1225 ἄρχοντας
1228 1169 1286 1203 δεῖ
1319 1172 1433 1211 εἰναι,
1475 1165 1680 1210 νεωτέρους

1019 1216 1059 1250 δὲ
1106 1214 1195 1255 τοὶς
1242 1212 1501 1269 ἀρχομένους,
1551 1214 1678 1269 δῆλον.

1018 1263 1154 1306 Δῆλον.
1210 1261 1286 1295 Καὶ
1311 1258 1371 1295 ὅτι
1403 1272 1443 1303 ys
1471 1258 1562 1303 τοὺς
1599 1257 1680 1302 άρί-

1019 1320 1127 1347 στονς
1151 1305 1289 1341 αὐτῶν.
1323 1305 1400 1340 Καὶ
1419 1318 1545 1340 τουτο.
1571 1306 1611 1340 L.
1633 1305 1678 1339 Π.

1020 1368 1051 1400 p.
1077 1356 1154 1389 375.
1179 1355 1225 1387 Β.
1266 1351 1321 1385 Τὰ
1351 1352 1416 1395 μὲν
1450 1353 1578 1386 τοίνυν
1608 1350 1678 1385 τοῦ

1020 1398 1189 1443 σώματος
1226 1396 1307 1432 οἷον
1340 1400 1398 1432 δεῖ
1424 1396 1491 1433 τὸν
1531 1395 1680 1441 φύλακα

1022 1450 1136 1489 εἰναι,
1187 1445 1293 1488 δῆλα.
1351 1445 1442 1478 Ναί.
1500 1445 1576 1478 Καὶ
1607 1442 1681 1487 μὴν

1020 1492 1083 1526 καὶ
1110 1504 1156 1525 τα
1186 1492 1252 1534 τῆς
1279 1490 1428 1547 ψυχης,
1455 1486 1512 1524 ὅτι
1540 1501 1579 1534 ys
1608 1491 1678 1524 θυ-

1020 1550 1086 1582 μοε
1091 1538 1166 1582 ιδῆ.
1214 1535 1291 1570 Καὶ
1312 1537 1439 1570 τοῦτο.
1488 1536 1550 1569 His
1574 1535 1680 1569 omni-

1022 1586 1085 1618 bus
1110 1584 1191 1617 locis
1216 1594 1254 1626 ys
1279 1594 1344 1615 non
1364 1586 1432 1615 tam
1453 1581 1681 1626 restringendi

1023 1631 1092 1663 vim
1124 1631 1250 1670 habet,
1290 1641 1358 1673 qua
1391 1634 1506 1661 nostro
1541 1628 1681 1673 praedi-

1024 1680 1094 1709 tum
1141 1679 1192 1709 st
1196 1655 1262 1708 tui't
1318 1674 1486 1708 Matthiae
1539 1685 1679 1717 gramm.

1024 1734 1057 1777 p
1073 1724 1195 1762 1208»,
1220 1732 1320 1765 quam
1339 1720 1569 1754 confirmandi.
1596 1721 1682 1753 Ante

1026 1764 1085 1802 ὅτι
1116 1779 1153 1811 ys
1198 1768 1303 1800 Aldus
1347 1770 1508 1810 punctum
1541 1766 1680 1811 posuit:

1024 1815 1119 1847 colon
1147 1813 1228 1846 feni
1253 1817 1380 1857 posset.

1069 1857 1248 1904 ῳόμεθα]
1282 1859 1332 1892 bis
1355 1858 1513 1912 deinceps
1536 1856 1683 1902 positum

1023 1904 1058 1938 in
1084 1905 1184 1940 Vind.
1223 1905 1264 1937 Ε.
1299 1902 1469 1947 οἰώμεθα
1504 1903 1603 1936 Vind.
1637 1903 1680 1936 F.

1023 1954 1110 1994 Ang.
1133 1952 1173 1983 B.
1199 1950 1290 1983 Flor.
1316 1951 1359 1984 R.

1069 1997 1162 2041 δεῖν]
1173 2008 1243 2029 νυν
1253 1995 1338 2029 Lob.
1366 1994 1465 2029 de.
1478 1995 1520 2028 E.
1542 1994 1621 2027 Vat.
1631 1994 1679 2028 M.

1070 2037 1146 2086 οἷν]
1181 2042 1236 2075 Ita
1266 2041 1346 2075 Par.
1370 2041 1411 2075 A.
1447 2041 1548 2075 Vind.
1572 2040 1682 2074 BEF.

1022 2090 1106 2124 Ven.
1142 2088 1180 2121 Β.
1218 2087 1294 2122 Vat.
1328 2086 1372 2120 H.
1413 2086 1508 2120 Flor.
1540 2086 1682 2120 ACRT.

1023 2139 1058 2168 et
1080 2134 1242 2167 Flemus
1268 2134 1355 2166 nihil
1383 2144 1498 2166 eorum
1517 2144 1608 2177 quae
1625 2151 1681 2165 -.

1013 2180 1159 2225 *Reliqui
1193 2179 1328 2213 codices
1359 2190 1433 2212 cum
1464 2178 1565 2212 editis
1603 2180 1683 2213 ante

1023 2227 1217 2260 Bekkerum
1241 2237 1291 2264 ως
1315 2226 1452 2258 habent.

1072 2269 1131 2317 δε]
1159 2272 1228 2305 νῦν
1254 2271 1352 2306 Vind.
1376 2271 1420 2304 E.
1446 2274 1524 2305 ante
1547 2281 1635 2304 corr.

1072 2319 1132 2361 τε]
1161 2330 1226 2351 om.
1253 2317 1329 2350 Vat.
1354 2317 1403 2350 M.

1073 2364 1124 2402 εἰς
1153 2363 1296 2416 ταῦτα]
1324 2363 1421 2396 Haec
1444 2362 1554 2396 verba
1576 2372 1597 2395 a
1619 2359 1683 2393 Fi·
1708 2355 1739 2397 C

1026 2410 1100 2444 cino
1124 2410 1269 2452 omissa,
1303 2421 1323 2442 a
1346 2408 1574 2462 Bernhardyo
1592 2411 1682 2450 synt.

1026 2468 1060 2500 p.
1084 2457 1163 2490 231.
1198 2466 1377 2508 perperam
1403 2454 1445 2488 ad
1464 2450 1604 2497 μισθὸν
1625 2464 1682 2486 re—

1026 2504 1097 2535 lata
1120 2501 1293 2545 pertinent
1316 2501 1358 2534 ad
1383 2501 1498 2534 officia
1520 2499 1590 2543 τῆς
1612 2510 1682 2542 φυ-

1026 2547 1140 2602 λακῆς
1165 2550 1199 2580 et
1231 2547 1380 2580 breviter
1411 2545 1605 2600 significant
1629 2556 1682 2587 ea,

1028 2590 1125 2628 ὅσων
1161 2590 1312 2626 δέονται
1352 2588 1485 2636 ἄνδρες
1520 2588 1682 2645 ἀθληταὶ

1027 2637 1189 2681 πολέμου
1219 2636 1408 2682 σώφρονές
1445 2649 1485 2672 τε
1521 2636 1584 2671 καὶ
1617 2632 1681 2669 άν-

1029 2687 1147 2740 δρεῖοι
1175 2685 1216 2719 L.
1241 2685 1303 2718 111.
1387 2685 1466 2719 416.
1492 2683 1533 2716 D.

1075 2727 1225 2774 αντῶν]
1252 2743 1335 2765 αυτ.
1327 2697 1444 2764 PLo.b
1463 2729 1562 2765 Vind.
1575 2727 1683 2761 BEF.

1030 2778 1123 2812 Mon.
1148 2777 1189 2813 Β.
1214 2776 1287 2811 Ald.
1312 2778 1391 2812 Bas.
1407 2777 1461 2811 ab.
