1764 3176
600 130 689 179 Pag.
724 131 863 169 118—
883 129 970 169 154.
1479 122 1529 163 73

305 243 374 280 hac
405 256 442 278 re
473 255 503 279 s.
540 242 718 292 qualitate
754 242 854 278 nulla
881 255 971 291 pars
1001 242 1081 291 plus
1113 241 1243 278 habeto
1275 254 1304 281 s.
1335 244 1529 292 praestato

308 299 452 349 reliquis
483 299 642 338 duabus,

305 356 358 395 29
398 359 485 404 post
525 353 679 405 ἑαυτῷ)
716 354 876 391 inseras:
915 353 989 391 Pro
1022 352 1040 394 ἕ
1069 355 1106 391 in
1134 353 1219 394 Par.
1253 354 1295 390 A.
1329 352 1400 393 Dii.
1432 366 1453 390 a
1483 365 1528 393 m.

334 424 361 447 r.
391 416 472 448 erat
500 426 519 448 τ

244 425 358 517 b‚11'3
383 479 405 503 a
435 467 461 504 f.
492 470 580 516 post
611 462 708 505 ἄλλά
739 466 898 503 inseras:
932 466 1014 506 Par.
1046 466 1090 503 A.
1123 466 1193 506 Dii.

27 524 116 573 Pag.
132 523 221 570 140,
244 537 279 572 3,
302 522 355 564 24
384 527 472 573 post
500 522 548 563 Ε
585 523 702 560 addas
744 523 852 571 Eryx.
892 536 927 573 p.
963 522 1056 562 404.
1103 523 1146 562 E.
1191 528 1229 561 et
1259 523 1310 563 25
1343 527 1428 574 post
1455 517 1530 562 οὖν

309 578 394 620 Lib.
422 579 469 616 ll.
497 593 534 629 Ι).
565 579 659 619 376.
690 579 739 616 D.

28 635 118 685 Pag.
134 634 225 685 141,
245 649 279 683 3,
300 635 325 674 4
353 636 465 672 citato
497 635 581 672 loco
610 637 728 672 addas
760 635 925 672 eiusdem
951 634 1034 671 libri
1066 648 1103 685 p.
1139 636 1233 676 952
1270 635 1319 672 Β;
1359 635 1432 674 εἴτε
1464 651 1531 674 και

301 687 420 738 αὐτος
456 705 656 742 νενοηκως
687 689 781 730 ἅττα
812 685 860 744 ἦ,
894 704 990 741 quae
1019 692 1182 729 omnium
1215 693 1383 729 codicum
1417 692 1530 729 lectio

298 753 376 794 est,
404 752 442 785 et
473 747 579 798 Epin.
601 761 637 797 p.
659 749 754 788 992.
770 747 820 784 C:
849 747 950 786 κεῖτε
980 747 1154 802 δημοσίᾳ
1185 764 1241 795 τις
1272 744 1532 799 ἐπιτηδεύσας

300 804 422 843 ταῦτα
464 803 538 843 εἴτε
578 804 662 859 ἰδίᾳ
699 804 867 858 διαβιῷ,
911 805 1227 853 quemadmodum
1268 806 1378 842 etiam
1417 804 1529 854 vulgo

301 861 334 897 le
366 862 450 900 itur.

24 874 362 966 Ρεις.142,3,22ἓ
385 929 468 966 sqq.
507 916 715 966 expositam
751 917 798 954 de
836 915 922 958 Par,
968 917 1012 954 A.
1061 916 1333 955 dubitationem
1382 918 1532 956 sustulit

300 972 500 1010 Diibuerus
538 977 574 1010 et
606 971 812 1023 ε’πιστῆται
850 974 886 1010 in
916 986 960 1010 eo
993 985 1103 1010 manu
1132 979 1292 1021 vetusta,
1323 975 1390 1011 sed
1422 987 1530 1012 eraso

299 1042 413 1079 super
439 1026 695 1077 m'accentn,
726 1031 905 1081 scriptum
937 1042 1020 1066 esse
1049 1030 1192 1068 docuit.

246 1086 350 1135 b‚21
381 1091 470 1135 post
505 1086 780 1136 σφαδασμῶν)
823 1087 986 1123 inseras:
1029 1088 1294 1139 σφαὸαισμῶν
1332 1092 1419 1126 ante
1447 1102 1531 1125 cor-

302 1143 503 1179 rectionem
536 1142 621 1180 Par.
651 1144 697 1180 A.
728 1142 799 1179 Dii.

27 1197 226 1248 Pag.143‚
247 1212 282 1246 3,
299 1200 395 1235 inter
423 1211 458 1238 V.
490 1200 539 1238 18
561 1204 596 1235 et
616 1200 667 1238 17
692 1211 714 1235 a
744 1199 769 1235 f.
800 1200 962 1236 inseras:
1003 1194 1139 1253 αὐτῷ)
1173 1197 1235 1238 αὖ.
1264 1199 1348 1237 Par.
1382 1202 1425 1239 A.
1457 1201 1531 1241 Dii.

247 1256 346 1303 b,12
376 1255 516 1291 addas:
559 1254 604 1294 V.
644 1255 768 1295 Praef.
808 1269 845 1305 p.
880 1255 996 1293 CXV.
1035 1269 1094 1304 sq.
1143 1261 1180 1292 ct
1222 1256 1370 1307 Corpus
1418 1259 1530 1295 inser.

299 1311 467 1348 Boeckb.
498 1310 583 1347 Vol.
616 1309 644 1346 Ι.
674 1325 711 1361 p.
742 1313 838 1352 768.
869 1316 980 1361 atque
1002 1311 1209 1349 Hermanni
1233 1312 1334 1353 Diss,
1359 1315 1405 1351 de
1438 1315 1531 1351 dua-

299 1368 368 1404 bus
420 1367 726 1416 inscriptionibus
780 1369 939 1405 Graecis
991 1367 1334 1409 MDCCCXXXV.
1382 1384 1418 1420 p.
1465 1374 1530 1410 ll.

299 1424 459 1474 (Opusc,
491 1422 571 1463 Vol.
603 1423 681 1460 VII.
707 1438 743 1474 p.
780 1424 891 1474 185.)
920 1437 1141 1474 quamquam
1174 1425 1354 1475 Hesychii
1381 1426 1531 1476 glossae

300 1480 542 1517 illustrandae
571 1484 702 1517 neuter
729 1493 883 1530 operam
915 1482 1034 1519 dedit.

304 1538 355 1576 16
380 1548 401 1572 3
434 1536 457 1574 f.
487 1541 574 1585 post
603 1540 712 1587 κρῖνε
736 1537 902 1574 inseras:
932 1538 1018 1575 Par.
1044 1538 1089 1575 A.
1112 1536 1189 1577 Dii.

28 1592 327 1644 Pag.144‚a‚6
364 1593 500 1629 addas:
545 1592 654 1630 Hunc
689 1593 811 1630 locum
850 1596 1015 1645 respexit
1055 1593 1277 1632 scholiastes
1316 1594 1532 1635 Aristotelis

328 1680 337 1688 .
369 1649 435 1695 23,
467 1660 500 1693 a,
530 1649 596 1689 32·

299 1663 354 1745 I215
392 1706 530 1743 addas:
572 1706 669 1743 inter
703 1718 833 1744 versus
877 1720 899 1744 a
939 1719 1048 1744 manu
1089 1711 1162 1745 vet.
1202 1709 1382 1759 scriptum
1420 1709 1533 1748 habet

298 1761 386 1799 Par.
415 1762 457 1798 A.
481 1760 554 1802 Dii,

302 1818 327 1857 5
352 1830 373 1855 3
406 1818 431 1854 f.
459 1818 586 1855 deleas
618 1817 715 1858 Fia-

28 1873 225 1923 Pag.147,
244 1873 279 1920 b,
301 1871 352 1914 14
381 1878 470 1925 post
499 1873 600 1925 ἕχει)
631 1875 796 1912 inseras:
827 1897 882 1902 —
912 1889 944 1915 ει
975 1889 995 1913 3
1022 1890 1069 1916 m.
1097 1890 1154 1927 pr.
1192 1876 1279 1914 Par.
1308 1879 1354 1915 A.
1385 1877 1458 1914 Dii.
1490 1893 1533 1916 ex

300 1943 375 1980 quo
406 1931 543 1968 deinde
572 1932 741 1969 radendo
773 1932 910 1970 factum
942 1948 1026 1984 ι..,
1063 1939 1139 1970 tum
1176 1947 1306 1972 rursus
1331 1947 1352 1970 a
1380 1947 1426 1975 m,
1458 1949 1533 1973 ree.

303 2001 336 2026 ει
364 1988 559 2038 scriptum.

26 2041 115 2092 Pag.
133 2042 225 2092 148,
240 2056 275 2092 3,
297 2044 323 2083 3
350 2056 372 2081 3
402 2044 426 2082 f.
451 2050 538 2094 post
566 2042 856 2094 ὑποκείμενον)
884 2046 1047 2082 inseras:
1081 2067 1134 2072 ἡ
1163 2062 1229 2093 ον,
1266 2060 1347 2097 sup.
1379 2063 1404 2086 α
1433 2061 1454 2084 3
1483 2062 1530 2086 m.

300 2104 460 2148 vetusta,
490 2100 575 2140 Par.
607 2102 651 2140 A.
685 2101 755 2139 Dii.

242 2155 279 2204 b,
301 2156 364 2193 ult.
394 2160 482 2206 post
512 2158 683 2195 ostendit.
715 2158 880 2194 inseras:
917 2158 984 2194 sed
1026 2158 1122 2195 hunc
1152 2172 1301 2208 quoque
1331 2175 1367 2199 τι
1395 2159 1532 2198 habere

300 2217 461 2250 testatur
496 2212 708 2251 Diibnerus.

26 2266 116 2317 Pag.
135 2268 226 2315 150
244 2268 282 2316 b,
301 2271 324 2308 7
353 2270 519 2307 inseras:
552 2269 612 2310 Cf.
643 2270 727 2309 Vol.
762 2270 809 2308 ΙΙ.
836 2283 871 2319 p.
905 2268 999 2314 148,
1029 2283 1062 2314 3,
1094 2270 1129 2308 b.

299 2324 352 2365 23
382 2333 470 2375 post
496 2338 561 2362 om.
590 2326 753 2364 inseras:
786 2325 872 2367 Par
904 2327 947 2363 A.
976 2326 1047 2365 Dii
1276 2357 1286 2377 7

299 2382 395 2418 inter
432 2395 462 2418 V.
499 2382 549 2422 25
589 2387 628 2419 et
666 2385 718 2423 26
755 2383 921 2419 inseras:
957 2384 1027 2433 τῆς
1061 2380 1232 2434 ηδονῆς)
1275 2386 1345 2433 τῆς
1375 2359 1531 2435 ἡδονῆς

254 2436 384 2477 Par.
415 2437 462 2478 A
490 2436 565 2475 Dii.
599 2439 732 2488 quibus
767 2439 882 2489 signis
909 2452 930 2476 a
959 2452 1006 2480 tn,
1038 2443 1114 2476 vet.
1143 2439 1333 2492 inscriptis
1372 2441 1460 2478 nihil
1493 2443 1528 2478 in

299 2493 465 2543 margine
493 2495 712 2544 respondet.

25 2550 115 2598 Pag.
135 2548 228 2599 152,
245 2561 280 2597 3,
298 2562 381 2599 pen.
406 2554 494 2599 post
522 2552 561 2586 in
587 2551 750 2588 inseras:
780 2550 865 2590 Par.
893 2550 938 2589 A.
969 2550 1044 2588 Dii.

25 2605 115 2654 Pag.
133 2605 227 2655 153,
244 2605 282 2654 b,
303 2607 350 2645 11
382 2610 470 2656 post
498 2603 518 2646 ὁ
547 2607 713 2645 inseras:
745 2609 841 2644 inter
872 2620 1003 2644 Versus
1032 2620 1054 2644 a
1085 2621 1132 2650 m,
1154 2614 1233 2650 vet,
1261 2613 1441 2660 scriptum
1466 2610 1528 2649 ha-

300 2660 362 2698 bet
391 2661 477 2699 Par.
506 2662 550 2699 A.
580 2662 653 2702 Dii.

301 2717 397 2754 inter
427 2731 460 2758 V.
495 2719 545 2759 15
576 2724 613 2757 et
653 2720 703 2759 16
734 2719 891 2757 inseras:
927 2721 1161 2773 γεγεῦσθαι)
1199 2744 1240 2749 -
1286 2735 1306 2761 σ
1340 2745 1386 2750 -
1422 2724 1456 2760 in
1488 2723 1534 2760 li·

299 2778 382 2810 tura
411 2773 498 2816 Par.
530 2775 572 2812 A.
604 2774 680 2812 Dii.

27 2827 282 2878 Pag 154‚a,
309 2831 324 2869 1
355 2834 444 2880 post
472 2829 726 2884 φρονήσεως)
754 2832 916 2870 inseras:
947 2846 990 2884 ÷
1023 2847 1067 2885 ,ζ-
1101 2849 1167 2885 φρ.
1198 2833 1283 2872 Par.
1311 2835 1354 2873 Α.
1385 2834 1458 2875 Dii.
