1764 3176
269 118 432 144 xxxxu
700 101 1231 145 PRAEFATIO

268 218 442 260 erigantur
459 221 563 259 atque
580 216 797 252 efflorescant
811 219 968 264 imperia:
999 222 1110 255 auctis
1121 220 1240 254 iisdem
1261 224 1364 262 atque
1381 221 1416 254 in
1431 221 1575 255 solidum
1586 232 1650 255 nu-

267 284 396 309 merum
410 274 594 318 conversis,
615 285 693 307 cum
707 280 828 311 natur'a
842 279 930 311 ultra
941 279 1039 312 solidi
1051 277 1181 312 numeri
1194 276 1435 320 perfectionem
1447 278 1526 311 nihil
1538 279 1650 311 inten-

267 331 327 364 dat
352 331 551 371 absolutius,
572 332 639 364 labi
659 343 790 366 rursum
809 336 929 367 eadem
950 337 983 368 in
1004 336 1154 368 deterius
1171 345 1212 367 ac
1230 334 1389 375 deficere,
1404 335 1650 377 occupantibus

263 388 546 429 gubernationem
561 387 749 422 hominibus
769 401 834 424 non
848 392 989 424 idoneis.
1019 393 1073 425 Sit
1086 402 1168 434 ergo
1189 391 1444 433 diagrammatis
1463 392 1650 434 sesquiter-

264 444 312 477 tia
334 443 429 477 radix
442 470 452 487 ,
479 449 517 476 ut
536 442 558 476 4
576 450 612 477 et
631 445 652 477 3
671 456 825 480 connexa
851 449 999 491 diagono
1024 449 1190 491 quinario.
1250 447 1295 480 Hi
1326 451 1396 480 tres
1415 449 1546 481 numeri
1566 447 1651 480 duas

264 501 476 533 constituunt
491 500 686 534 harmonias
703 510 866 546 usurpato
889 506 1038 538 ternario
1059 516 1120 548 pro
1139 504 1307 537 communi
1322 505 1480 545 termino,
1495 505 1652 537 nimirum

263 557 516 600 sesquitertiam
535 564 569 590 et
591 561 898 601 superpartientem
921 562 1006 603 duas
1031 563 1168 594 tertias:
1200 561 1302 593 iidem
1329 562 1503 603 triplicati,
1534 561 1568 593 id
1588 564 1652 601 est,

264 615 356 647 aucti
377 615 495 647 cubica
519 616 810 658 multiplicatione,
827 622 861 651 et
883 619 1053 651 coniuncti
1071 622 1227 661 quartum
1247 618 1425 650 terminum
1449 618 1654 660 producunt,

263 671 345 712 216,
368 671 423 713 qui
443 667 588 711 στέρέὂς
617 671 680 704 καὶ
702 668 815 715 κύβος
843 668 1005 717 ἀριθμὸς
1028 679 1097 707 est:
1128 679 1162 707 et
1181 685 1345 706 annorum
1368 675 1488 716 quibus
1510 674 1653 717 imperia

264 731 464 768 vertuntur,
491 727 650 770 periodos
682 729 846 765 continet.
906 731 1004 764 Sicut
1028 736 1140 764 autem
1170 731 1204 763 in
1234 730 1374 763 Musicis
1401 725 1653 772 διατεσσάρων

263 788 300 817 et
329 780 503 816 διαπέντε
535 785 651 817 iuncta
681 784 878 819 διαπασῶν
909 789 1096 830 complent:
1128 788 1176 820 ita
1195 787 1284 819 duae
1307 787 1504 820 harmoniae
1522 787 1654 829 sesqui-

265 841 366 873 tertia
394 844 429 873 et
455 842 708 883 superpartiens
735 845 854 876 tertias
885 844 1023 877 additae
1051 846 1221 886 integrum
1250 845 1451 885 absolvunt,
1482 844 1573 886 quod
1596 843 1652 875 ubi

264 901 404 930 auctum
429 897 660 939 τριπλασίονι
697 895 792 944 λόγῳ
821 902 970 934 excrevit
997 902 1030 934 in
1064 901 1230 941 solidum,
1263 901 1337 933 finit
1365 901 1519 943 imperia.
1577 899 1653 944 Etsi

264 957 381 986 autem
407 954 689 996 applicationem,
723 967 822 1002 quae
838 958 990 999 sequitur
1008 958 1043 990 in
1074 958 1244 998 Platone,
1273 960 1308 989 et
1333 967 1549 990 numerorum
1577 966 1654 988 cum

265 1009 331 1043 hac
350 1011 493 1053 periodo
513 1013 770 1053 congruentiam
793 1025 859 1047 non
879 1015 964 1046 satis
985 1014 1149 1056 intelligo,
1180 1019 1214 1046 et
1233 1014 1365 1046 videtur
1387 1014 1422 1046 in
1441 1018 1537 1048 textu
1559 1023 1653 1046 men-

265 1067 346 1100 dum
363 1078 456 1100 esse:
487 1071 601 1101 tamen
631 1080 697 1102 non
729 1071 872 1104 alienam
905 1081 981 1103 esse
1005 1072 1023 1103 a
1049 1081 1150 1103 sensu
1178 1070 1334 1102 Platonis
1362 1070 1450 1103 hanc
1486 1071 1655 1113 interpre-

266 1125 429 1157 tationem
450 1125 691 1166 praecedentia
708 1124 790 1167 περὶ
809 1127 881 1158 τῶν
901 1125 1015 1168 τριῶν
1034 1120 1368 1158 ἀποκαταστάσεσιν
1387 1125 1449 1159 καὶ
1467 1121 1655 1167 τεσσάρων

266 1174 366 1222 ὅρων
395 1181 566 1222 indicant,
597 1186 632 1215 et
659 1185 728 1217 vult
750 1183 835 1216 haec
861 1179 1077 1225 προσήγορα
1103 1194 1179 1216 esse
1204 1180 1267 1215 καὶ
1287 1179 1403 1224 ῥητὰ,
1434 1194 1502 1216 non
1537 1177 1655 1223 ἄλογα

265 1238 317 1270 vel
349 1231 512 1280 ἅῤῥητα,
540 1239 574 1270 id
602 1243 673 1280 est,
702 1241 913 1274 irrationalia
941 1241 991 1273 vel
1024 1241 1246 1275 innominata.
1306 1240 1484 1273 Eiusmodi
1511 1239 1656 1272 fortasse

262 1292 560 1336 Pythagoreorum
575 1295 638 1328 suit
659 1290 934 1339 ἄριθμάντεια.·
966 1297 1225 1330 considerarunt
1238 1300 1272 1329 et
1294 1302 1435 1329 naturas
1455 1302 1489 1329 et
1511 1307 1655 1339 propor-

264 1351 376 1384 tiones
403 1361 639 1385 numerorum:
670 1358 741 1387 tum
765 1364 940 1397 quousque
969 1353 1034 1386 hae
1064 1353 1376 1396 progredere-ntur,
1417 1354 1473 1386 ubi
1502 1353 1656 1386 rationa-

264 1407 345 1441 lium
365 1418 427 1440 usu
446 1409 627 1441 resistente
647 1420 688 1443 ac
709 1411 909 1452 deficiente,
940 1411 1018 1448 τοῖς
1046 1402 1195 1452 ἀλόγοις
1212 1407 1275 1442 καὶ
1296 1403 1473 1452 ἇρρήτοις
1492 1409 1655 1442 utendum

262 1468 375 1497 esset:
406 1464 705 1507 deprehenderunt
732 1468 818 1500 scite
843 1472 990 1510 apteque
1020 1466 1105 1499 haec
1132 1468 1221 1499 inter
1249 1477 1287 1499 se
1312 1477 1517 1508 congruere:
1549 1471 1584 1499 et
1605 1465 1656 1499 his

262 1520 307 1553 ad
325 1522 427 1554 vitam
450 1532 661 1555 communem
683 1525 963 1565 accommodatis,
984 1523 1126 1556 similem
1148 1517 1330 1565 ἁρμονίαν
1350 1521 1412 1554 καὶ
1433 1520 1657 1565 συμμετρίαν

262 1577 296 1609 in
323 1578 472 1620 imperiis
502 1583 536 1611 et
567 1580 703 1621 publica
733 1582 932 1624 privataque
962 1581 1030 1613 vita
1060 1581 1223 1621 cuiusque
1252 1580 1520 1622 requisiverunt:
1552 1584 1657 1622 utque

262 1633 417 1667 confusio
442 1633 698 1668 harmoniarum
726 1638 760 1670 in
781 1638 932 1670 numeris
953 1640 988 1669 et
1005 1637 1095 1668 ultra
1116 1636 1266 1669 debitum
1289 1637 1443 1669 extensio
1464 1637 1590 1679 rumpit
1615 1647 1657 1669 ac

263 1690 411 1723 destruit
444 1693 643 1735 analogias,
675 1697 709 1725 et
731 1694 996 1736 discrepantiam
1018 1693 1141 1726 efficit:
1173 1694 1223 1726 sic
1241 1694 1360 1726 iisdem
1379 1690 1656 1735 proportionibus

263 1747 299 1780 in
319 1748 487 1780 communi
517 1750 586 1781 vita
613 1751 773 1792 mutatis,
805 1756 864 1784 aut
884 1751 927 1783 ad
948 1760 1113 1782 summam
1134 1749 1378 1791 perfectionem
1400 1750 1530 1793 auctis,
1560 1750 1656 1791 sequi

263 1805 521 1837 conversionem
551 1806 872 1850 inclinationemque
894 1808 927 1840 in
950 1806 1099 1838 deterius
1124 1807 1315 1838 voluerunt.
1373 1806 1503 1838 Postea
1519 1807 1570 1839 vel
1592 1806 1655 1838 im-

263 1861 364 1904 periti
383 1862 433 1893 vel
453 1862 680 1904 superstitiosi
700 1868 881 1896 assuerunt
897 1863 1046 1896 numeris
1070 1862 1180 1895 aliena
1198 1866 1232 1895 et
1253 1862 1338 1895 falsa
1359 1863 1563 1904 significata.
1604 1863 1656 1895 De

267 1918 489 1959 quaternario
515 1919 685 1960 integrum
714 1920 866 1954 condidit
888 1921 1044 1953 volumen
1078 1919 1312 1960 Democritus,
1342 1919 1403 1952 sed
1433 1918 1520 1952 haec
1536 1919 1654 1962 procul

266 1974 413 2016 explodo
433 1978 466 2006 et
494 1985 666 2009 removeo.

379 2031 466 2063 Post
494 2042 659 2074 generum
693 2033 1018 2076 praestantissimum
1039 2042 1195 2064 socerum
1226 2031 1404 2064 audiamus
1425 2031 1655 2073 praestantio-

266 2097 359 2131 rem,
391 2098 595 2131 quamquam
614 2089 703 2123 hanc
724 2090 957 2132 quaestionem
991 2089 1102 2121 obiter
1124 2088 1232 2129 magis
1252 2092 1470 2124 tractantem.
1518 2088 1551 2121 Is
1573 2087 1655 2120 Phi-

266 2144 377 2187 lippus
397 2144 642 2179 Melauchthon
663 2151 737 2190 est,
772 2147 805 2179 in
824 2146 1073 2178 declamatione
1090 2145 1236 2187 quadam
1255 2146 1298 2178 de
1317 2145 1473 2189 periodis
1492 2145 1656 2187 imperio-

264 2212 341 2234 rum
364 2202 494 2235 numeri
518 2202 674 2236 Platonis
702 2204 908 2236 mentionem
938 2203 1112 2235 iniiciens:
1146 2199 1458 2247 (Declamationum
1484 2203 1656 2243 Argento-

265 2258 331 2290 rati
353 2257 453 2291 1562.
483 2259 651 2292 editarum
677 2261 719 2293 T.
739 2261 798 2294 ΙΙΙ,
821 2270 852 2302 p.
876 2256 976 2304 722.)
1034 2258 1136 2291 Plato
1168 2269 1239 2294 rem
1271 2262 1402 2291 tantam
1430 2259 1569 2291 involvit
1595 2268 1655 2291 ae-

264 2315 491 2357 nigmatibus,
522 2316 676 2358 inquiens
706 2327 844 2350 causam
864 2327 957 2360 esse,
991 2325 1050 2347 cur
1082 2319 1255 2348 mutentur
1281 2315 1442 2357 imperia,
1471 2315 1550 2356 quia
1581 2324 1655 2347 ses-

264 2371 425 2413 quitertia
458 2372 555 2405 radix
588 2373 704 2406 iuncta
732 2373 912 2415 quinario,
944 2372 1028 2404 duas
1049 2371 1175 2405 efficiat
1208 2371 1423 2404 harmonias:
1454 2372 1543 2404 ultra
1571 2381 1656 2413 quas

265 2437 340 2460 cum
360 2431 482 2461 natura
512 2434 633 2472 postea
653 2430 840 2463 deteriores
869 2430 988 2472 gignat
1009 2429 1250 2462 circumactam
1272 2428 1449 2471 periodum
1475 2429 1572 2461 finire
1592 2429 1655 2460 im-

264 2484 371 2527 peria.
429 2486 506 2518 Hoc
534 2485 661 2520 dictum
687 2487 793 2520 multo
829 2486 1005 2520 obscurius
1031 2490 1084 2518 est
1115 2486 1267 2528 Sibyllae
1301 2485 1409 2517 foliis:
1444 2484 1503 2518 sed
1538 2489 1653 2517 tamen

262 2540 345 2583 quid
376 2541 456 2574 mihi
483 2542 661 2585 videatur,
700 2544 847 2577 breviter
876 2543 997 2576 dicam.
1066 2542 1147 2575 Vult
1172 2543 1274 2575 Plato
1302 2552 1377 2574 esse
1405 2542 1520 2584 aliquo
1553 2541 1655 2574 modo

266 2599 366 2630 finem
401 2598 420 2630 a
444 2603 567 2631 natura
597 2600 788 2633 ordinatum
816 2600 1047 2642 imperiorum.
1107 2599 1205 2632 Sicut
1234 2599 1267 2631 in
1302 2598 1462 2640 Musicis,
1491 2598 1548 2631 ubi
1578 2601 1656 2640 post

267 2647 333 2686 διὰ
351 2653 480 2687 πασῶν
511 2657 652 2690 ulterius
676 2661 797 2690 natura
825 2668 893 2690 nou
918 2655 1146 2699 progreditur.
1203 2656 1261 2689 Fit
1288 2658 1402 2688 autem
1431 2648 1495 2687 διὰ
1526 2651 1656 2686 πασῶν

267 2711 390 2745 iunctis
414 2708 477 2746 διὰ
496 2707 684 2758 τεσσάρων
703 2718 737 2748 et
757 2708 820 2747 διὰ·
837 2710 957 2748 πέντε.
1016 2713 1084 2746 Hic
1110 2717 1146 2746 et
1173 2713 1378 2754 coelestem,
1410 2721 1590 2752 arcanam,
1621 2714 1656 2744 et
