1764 3176
61 1668 70 1671 -
127 1649 215 1694 ρω’ν.
249 1653 346 1686 Plato
370 1633 455 1698 ‘Leg
483 1654 521 1687 L.
541 1653 626 1686 IIII.
651 1665 686 1698 p.

470 159 793 203 CIVITAS
826 160 949 204 LIB.
978 160 1112 204 VIIII.
1143 165 1211 200 588

139 270 347 326 δεύτερον
382 270 432 314 τό
463 267 680 325 δεύτερον.

138 351 247 383 σται.

136 421 196 463 πη
237 407 564 463 ξυμπεφυκέναι
613 404 830 463 ἀλλήλοις.

1431 165 1514 206 175

754 275 925 324 Ταῦτα,
957 273 1060 328 ἔφη,
1092 271 1209 331 ῥᾴω,
1250 273 1324 316 καὶ
1351 272 1516 317 πέπλα-

316 337 522 382 Σύναπτε
563 341 717 383 τοίνυν
764 338 879 383 αὐτὰ
918 341 978 391 εἰς
1010 341 1071 383 ἓν
1099 341 1199 394 τρία
1237 339 1364 394 ὄντα,
1406 339 1516 386 ὥστε

908 410 1140 462 Συνῆπται
1151 440 1161 458 ,
1209 408 1308 465 ἔφη.
1382 412 1518 466 Περί-

97 490 100 493 ·
135 479 306 518 πλασον
345 474 398 532 δή
451 475 601 527 αὐτοῖς
641 477 802 528 ἔξωθεν
843 474 941 526 ἑνὸς
986 473 1161 527 εἰκόνα,
1203 476 1283 531 τήν
1321 483 1401 522 τοῦ
1444 479 1518 523 οἰν-

133 541 345 596 θροίπου,
386 541 496 587 ὥστε
533 547 595 601 τῷ
633 543 691 600 μὴ
726 542 955 600 δυναμένῳ
985 543 1038 587 τὰ
1074 543 1196 595 ἐντὸς
1233 544 1368 602 ὁρᾷν,
1407 545 1515 592 ἄλλά
1546 556 1579 595 E

133 608 184 653 τὸ
214 609 294 662 ἔξω
329 609 470 666 μόνον
499 611 684 667 ἔλυτρον
721 609 882 666 ὁρῶντι
919 613 969 655 ἓν
999 616 1108 666 ζῶον
1138 615 1399 668 φαίνεσθαι,
1431 614 1518 659 ἄν·-

133 682 334 733 &qt-onoma.
378 679 752 734 Περιπέπλασται,
786 679 882 736 ἔφη.
924 679 1128 736 Λέγωμεν
1159 679 1212 736 δὴ
1241 685 1301 738 τῷ
1331 683 1516 738 λέγοντι,

135 744 194 798 ὥς
237 751 458 800 λυσιτελεῖ,
485 746 626 805 τούτῳ
669 747 837 792 ἀδικεῖν
875 752 936 808 τῷ
981 747 1234 806 ἀνθρώπῳ,
1279 751 1424 794 δίκαια
1471 752 1517 796 δὲ

134 918 366 953 Gaisfordius.
415 919 519 954 Immo
546 921 700 964 fabulis,
728 932 794 954 non

132 965 256 1010 pupis,
295 965 461 1009 fingendis
501 967 666 1011 aptiorem
717 978 795 1000 cera

132 1023 320 1045 sermonem
343 1012 411 1046 dici
435 1019 595 1058 oportere
616 1014 792 1058 putabant.

176 1091 309 1136 κηροῦ]
330 1092 467 1136 ,καιροῦ
492 1093 589 1126 Stob.
615 1093 689 1128 cod.
714 1094 755 1126 Β.

176 1159 239 1194 καὶ
262 1161 339 1194 τῶν
363 1158 558 1205 τοιούτων]
586 1174 650 1196 om.
670 1162 746 1195 Fic.

177 1225 298 1274 λόγος]
326 1225 346 1263 ὁ
374 1231 404 1264 λ.
429 1227 512 1264 Par.
531 1229 577 1264 K.
602 1230 730 1264 Euseb.

143 1325 149 1327 ,
175 1294 405 1342 πεπλάσθω]
429 1295 626 1331 πεπλάστω
644 1283 729 1332 ἼΒτιὶε.
756 1299 788 1333 b.

161 1369 246 1420 δὴ]
283 1374 323 1411 δὲ
357 1377 456 1412 Vind.
479 1377 522 1411 F.
556 1377 650 1413 Mon.
674 1377 714 1411 B.
741 1373 787 1421 δή

128 1426 183 1457 est
204 1424 287 1456 iam.
329 1424 386 1458 Cf.
409 1423 584 1468 Aristoph.
609 1424 671 1457 Av.
696 1390 787 1459 550⁷}

52 1488 62 1497 υ
126 1466 189 1502 καὶ
220 1466 270 1524 δὴ
300 1469 426 1503 τοίνυν
460 1470 593 1512 πρῶτα
625 1467 787 1503 διδάσκω

126 1514 216 1556 μίαν
250 1511 417 1559 ὀρνίθων
452 1515 560 1550 πόλιν
594 1512 689 1549 εἶναι
722 1520 787 1550 etc.

126 1560 183 1593 ubi
199 1565 438 1615 praecesserat
461 1562 674 1595 adhortatio:
710 1558 785 1595 αλλ’

129 1601 188 1640 ὅτι
219 1604 285 1650 χρὴ
321 1607 437 1653 δρᾷν,
472 1606 515 1641 σύ
543 1607 692 1641 δίδασκε
716 1619 787 1641 πα

705 1656 785 1688 718.

126 1698 178 1731 D:
209 1696 256 1732 τὰ
280 1697 409 1732 τοίνυν
434 1697 478 1754 δὴ
506 1697 684 1743 λεχθέντα
706 1697 786 1733 ἔδο-

126 1741 166 1785 ξέ
197 1744 234 1778 τί
263 1756 327 1787 μοι
357 1743 549 1789 προύργου
582 1745 688 1800 δρᾷν.
720 1758 786 1791 quo

126 1789 200 1824 loco
224 1791 298 1824 fere
320 1791 407 1824 idem
432 1798 498 1833 est,
520 1792 611 1836 quod
635 1781 721 1835 ἤδη.

173 1867 305 1915 ἰδέαν]
341 1868 465 1904 εἰδέαν
489 1871 591 1906 Vind.
617 1872 657 1906 F.
687 1873 786 1907 Stob.

125 1915 244 1950 Trinc.
292 1916 430 1950 Ficinus
454 1922 532 1950 ante
557 1918 620 1952 hoc
643 1919 697 1952 his
722 1920 787 1953 ad-

125 1962 233 2008 iunge
252 1974 397 2006 superne
424 1963 578 1997 inseruit.

171 2027 212 2064 δὲ
236 2027 459 2076 ἅνθραὶπου]
485 2029 526 2066 δ’
550 2029 663 2076 ἄνθρ.
685 2033 787 2068 Stob.

169 2097 213 2134 τὸ
238 2100 402 2145 πρῶτον]
427 2113 532 2146 τοπρ.
543 2101 618 2135 Ald.
634 2102 715 2136 Bas.
730 2102 785 2136 ab.

170 2178 234 2214 καὶ
269 2178 468 2226 δευτερον]
501 2180 563 2215 καὶ
587 2180 782 2225 δευτερον·

125 2223 320 2269 δεύτερον,
354 2228 432 2261 Ald.
466 2228 547 2261 Bas.
581 2229 636 2263 ab.
661 2228 781 2273 steph.

123 2272 229 2314 „Non
260 2271 397 2306 dubium
433 2277 486 2307 est
513 2274 593 2318 quin
625 2274 784 2308 mendose

123 2318 273 2362 scriptus
297 2317 341 2351 sit
367 2319 421 2352 hic
443 2319 549 2354 locus.
604 2321 782 2353 Invenitur

123 2369 236 2397 autem
259 2363 345 2397 haec
377 2365 479 2398 lectio
503 2365 659 2421 diversa,
683 2364 778 2400 πολυ

123 2407 163 2444 δὲ
194 2407 385 2462 μέγιστον·
402 2408 491 2444 ἔστω
527 2409 570 2446 τὸ
614 2412 779 2456 πρῶτον,

122 2454 185 2489 καὶ
206 2452 392 2499 δεύτερον,
413 2455 455 2490 τὸ
471 2456 510 2490 δε
496 2455 656 2502 εὐτερον.
681 2470 781 2503 quam

121 2501 299 2535 lectionem
334 2503 523 2557 sequendo.
558 2505 782 2549 expungenda

121 2547 229 2581 fuerit
258 2559 325 2582 vox
359 2546 533 2592 δεύτερον
557 2562 645 2594 quae
669 2556 722 2583 est
745 2551 778 2583 in

121 2594 238 2639 priore
266 2593 350 2628 loco.
398 2595 444 2628 At
466 2606 546 2628 vero
570 2597 646 2629 Fic.
671 2596 780 2630 locum

122 2642 211 2673 hunc
241 2639 290 2672 ita
312 2640 436 2683 vertit,
467 2641 516 2674 Et
540 2642 780 2695 amplissimum

121 2685 257 2731 quidem
282 2685 420 2728 primum
443 2687 498 2728 sit,
523 2687 699 2732 angustius
722 2700 781 2721 ve-

122 2743 160 2765 ro
214 2731 396 2765 secundum
449 2736 551 2777 atque
606 2733 754 2767 tertium.
759 2736 780 2753 “

123 2778 243 2822 steph.
277 2781 391 2811 annot.
423 2789 457 2823 p.
479 2780 536 2813 27.
592 2780 704 2820 Quam
728 2779 782 2813 hic

121 2823 298 2858 lectionem
330 2823 499 2858 diversam
530 2824 630 2867 dicit,
664 2837 706 2859 ea
729 2829 783 2859 est

852 919 1008 954 Cornarii
1033 920 1114 964 (ecl.
1148 933 1180 966 p.
1212 922 1307 966 109.)
1341 923 1514 958 coniectu-

850 978 913 1007 ra,
953 967 1097 999 omnium
1131 979 1218 1001 nunc
1251 969 1400 1004 codicum
1434 982 1513 1004 con-

850 1023 950 1045 sensu
975 1013 1131 1057 probata.

900 1081 1030 1114 Ταῦτα
1068 1102 1115 1107 -
1155 1081 1399 1129 πέπλασται.]

850 1127 923 1160 Pal.
948 1128 989 1160 A.
1013 1125 1126 1161 ταῦτ’
1151 1134 1216 1162 etc.
1240 1130 1368 1164 Euseb.

895 1193 989 1239 ῥᾴω]
1016 1197 1150 1231 Facilc'a
1167 1198 1242 1232 Fic.

1445 1097 1509 1119 01η.

846 1261 1101 1344 ΤΣύναπτε]
1166 1264 1353 1300 σύναπται
1410 1267 1508 1302 Stob.

880 1322 953 1344 nnc

891 1385 986 1424 ὥστε
1017 1402 1068 1434 πη
1093 1390 1385 1437 ξυμπεφνκὲναι]
1411 1390 1509 1427 ὥστ’

845 1432 1183 1480 ἕπιξυμπεφυκέναι
1216 1439 1315 1473 vind.
1347 1440 1390 1473 F.
1423 1441 1510 1484 Ang.

844 1483 1001 1516 B.F.10r
1029 1484 1070 1517 R.
1099 1504 1138 1509 —-
1173 1484 1226 1528 πῆ
1251 1504 1296 1510 -
1322 1486 1419 1519 Stob.
1468 1486 1510 1519 In

845 1529 944 1562 vind
982 1530 1024 1563 Ε.
1062 1540 1077 1563 ε
1102 1536 1245 1575 quartae
1270 1543 1290 1564 a
1313 1532 1381 1566 fine
1403 1532 1511 1576 sylla-

843 1575 908 1608 bae
931 1575 1029 1609 verbi
1053 1576 1198 1610 deletum
1225 1581 1289 1610 est.

891 1655 1102 1700 Σννῆπται,
1128 1654 1233 1701 ἒᾞφη]
1267 1669 1331 1690 om.
1366 1657 1436 1690 Pal.
1464 1659 1505 1692 A.

845 1701 1048 1757 Συνῆπτε
1037 1701 1117 1746 εᾞφη
1132 1704 1212 1736 Bas.
1227 1704 1280 1737 ab.
1295 1702 1505 1747 Ξυνῆπται,

845 1745 928 1791 ἔφη.
955 1748 1084 1783 Euseb.
1107 1749 1220 1793 (Ast.)

889 1814 952 1861 δὴ]
981 1815 1021 1850 δὲ
1046 1817 1173 1851 Euseb.

888 1895 940 1950 τῷ
963 1893 1013 1940 μή
1038 1895 1245 1943 δυναμένῳ]
1271 1898 1348 1932 τῶν
1369 1896 1420 1943 μὴ
1442 1898 1504 1933 δυ-

843 1930 1013 1985 ναμένων
1037 1944 1136 1978 Stob.
1161 1944 1280 1980 Trinc.

891 2019 1052 2077 ἄλλοέτὸ]
1070 2020 1153 2057 ἀλλ’
1179 2020 1252 2057 ἀπ’
1277 2025 1375 2059 Stob.
1384 2025 1504 2059 Trinc.

843 2065 936 2102 ἀλλὰ
961 2069 1013 2115 τῷ
1040 2071 1148 2105 Gesn.

885 2134 941 2182 ἓν]
965 2131 1012 2172 ὀν
1036 2139 1134 2172 Stob.
1161 2140 1270 2172 Gesn.
1293 2139 1385 2183 (eod.
1403 2139 1502 2185 ΒΝ.)
1530 2140 1565 2181 Ε

886 2206 997 2251 ζῶον]
1029 2207 1125 2254 ζῷον
1147 2207 1223 2241 Ald.
1249 2207 1328 2242 Bas.
1353 2219 1384 2242 a.

845 2334 863 2367 s
886 2285 1127 2366 φέκίνεσθαιᾹ
1159 2287 1298 2322 Comma
1323 2288 1502 2323 Bekkerus

861 2345 910 2367 ecl
925 2358 937 2366 .

837 2461 865 2494 P
886 2411 1207 2493 ἷῖεὲιπέπλασται,
1263 2409 1374 2460 ἔφη]
1435 2426 1501 2449 om.

867 2472 911 2494 a.
969 2485 977 2493 .

882 2538 1076 2583 Λέγωμεν]
1122 2536 1270 2582 λέγομεν
1325 2540 1422 2575 Vind.
1463 2541 1504 2575 B.

837 2587 917 2620 Vat.
943 2586 1019 2620 BH.
1044 2585 1116 2619 Pal.
1141 2588 1183 2618 A.
1209 2585 1303 2620 Flor.
1328 2587 1436 2622 ACV.

883 2662 1028 2710 τούτῳ]
1071 2665 1184 2699 τοῦτο
1235 2667 1335 2703 Stob.
1384 2667 1502 2702 Trinc.

839 2713 947 2746 Gesn.

837 2779 935 2860 ΕἸτῷ
957 2776 1174 2859 ναἰξνθροόπςο]
1199 2778 1269 2815 τὸν
1295 2777 1502 2826 ἄνθρωπον

883 2838 932 2860 Os.
991 2850 1001 2858 .
