1764 3176
432 191 765 233 CIVITAS
814 193 1091 237 LIB.VI]H.
1122 202 1189 236 585

1375 254 1377 256 ¹
1422 200 1505 241 163

121 300 326 359 πληροῖτ’
365 299 423 345 ἂν
462 302 489 347 ό
524 320 568 347 τε
615 306 785 360 τροφῆς
829 305 1174 362 μεταλαμβάνων
1213 307 1287 351 καὶ
1331 307 1354 354 ὁ
1392 312 1505 353 νοῦν

121 373 280 426 ἴσχωνς
327 373 433 422 Πῶς
486 368 530 415 δ’
583 369 663 422 ου’,-

721 370 954 428 Πλήρωσις
1004 374 1050 418 δὲ
1101 375 1369 432 ἀληθεστέρα
1424 381 1504 421 τοῦ

121 434 273 495 ἦττον,
316 436 345 494 ἦ
380 441 463 482 τοῦ
499 442 667 495 μᾶλλον
706 436 855 491 ὅντος;

893 444 1067 497 Δῆλον,
1107 441 1174 486 ὅτι
1212 447 1293 487 τοῦ
1322 448 1501 500 μᾶλλον.

122 506 298 560 Πότερα
328 502 412 550 οὖν
441 505 527 562 ἡγῇ
551 505 605 549 τὰ
633 505 738 562 γένη
766 510 935 562 μᾶλλον
963 514 1166 564 καθαρᾶς
1199 511 1354 564 οὐσίας
1383 513 1502 568 μετέ-

98 589 233 630 Χχειν,
263 574 317 617 τὰ
347 571 446 618 οἷον
476 577 598 619 σίτου
628 591 672 618 τε
702 575 775 618 καὶ
803 578 944 619 ποτοῦ
978 578 1052 621 καὶ
1084 576 1202 629 ὄψου
1234 579 1308 622 καὶ
1340 581 1501 636 ξυμπά-

120 654 199 699 σης
226 646 409 700 τροφῆς,
431 641 460 698 ἢ
488 641 537 685 τό
569 642 697 699 δόξης
720 659 764 687 τε
795 642 1004 727 ἀληθοῦς
1021 643 1136 697 εἶδος
1164 646 1238 690 καὶ
1268 647 1503 705 ἐπιστήμης

118 710 192 754 καὶ
232 715 315 755 νοῦ
346 711 419 754 καὶ
450 710 693 767 ξυλλήβδην
724 704 780 754 αὖ
808 709 948 767 πάσης
977 711 1150 771 ἄρετῆςς
1183 711 1266 758 ὦδε
1297 715 1344 759 δὲ
1367 721 1501 771 κρῖνε.
1531 720 1562 762 C

503 848 536 882 p.
562 837 620 872 34.
644 836 688 870 D.
721 838 779 872 52.

118 848 150 882 p.
167 837 223 872 31.
243 836 286 870 Ε.
310 835 417 880 πείνη
442 839 477 870 et

546 894 582 927 p.
616 885 695 918 221.
739 884 778 917 A.

117 884 159 916 A.
191 882 322 926 πείνην
353 886 389 916 et
430 883 509 926 Lys.

117 927 225 971 πείνη
258 928 362 972 (ιιιιιι5
394 928 473 962 Par.
510 928 552 962 E.
590 928 637 962 ibi
667 931 779 963 πεῖνα

116 975 237 1018 habet)
268 974 497 1008 exhibentium
530 976 665 1019 probat.
721 976 778 1008 Si-

116 1020 239 1054 militer
269 1020 405 1074 θοίνη,
439 1017 607 1064 πρύμνη,
648 1018 776 1065 τόλμη,

115 1063 251 1110 θέρμη,
269 1063 386 1110 νάρκη
410 1071 563 1100 veterum
587 1067 776 1100 Atticorum

116 1123 180 1146 usu
212 1116 351 1156 recepta
383 1116 501 1155 erant,
536 1124 625 1156 quae
656 1124 777 1146 recen—

115 1157 258 1191 tioribus
282 1157 316 1191 in
353 1170 378 1191 α
401 1158 503 1212 idque
531 1159 635 1192 breve
659 1159 777 1192 termi—

116 1204 298 1237 nabantur.
334 1204 390 1237 Cf.
407 1201 632 1247 δημόθοινα,
650 1205 692 1238 de
710 1216 776 1250 quo

117 1249 271 1294 disputat
294 1249 486 1284 Lobeckius
518 1250 560 1283 ad
575 1251 714 1305 Phryn
740 1262 775 1295 p.

116 1295 195 1329 499.
232 1300 268 1328 et
301 1293 426 1339 θέρμα
460 1300 496 1329 et
537 1293 655 1339 νάρκα
685 1296 775 1340 apud

116 1341 338 1375 Menandrum
360 1353 393 1385 p.
416 1342 472 1376 37.
506 1344 540 1374 et
567 1343 643 1377 173.
669 1342 774 1375 Mein.

113 1386 237 1432 Itaque
261 1387 364 1420 dubia
385 1387 493 1420 nostri
517 1387 582 1421 loci
605 1388 776 1432 scriptura

113 1435 178 1476 est,
199 1432 259 1466 sed
275 1432 381 1466 maior
398 1433 558 1477 vulgatae
576 1433 775 1476 auctoritas,

113 1481 149 1512 et
171 1478 212 1511 L.
232 1478 314 1512 1111.
339 1490 372 1523 p.
394 1478 474 1515 437.
495 1478 537 1512 D.
558 1482 692 1513 πεῖναν
714 1491 775 1513 ex-

111 1529 168 1558 tra
201 1524 467 1559 controversiam
507 1526 652 1571 positum
687 1526 774 1559 vidi-

112 1581 197 1604 mus.

159 1615 276 1660 δίψα]
310 1615 403 1660 δίψη
428 1617 526 1651 Stob.
559 1620 595 1649 et
625 1617 774 1650 fortasse

112 1663 197 1697 Ven.
223 1663 264 1696 B.
299 1662 341 1694 de
364 1674 430 1707 quo
456 1663 634 1695 Bekkerus
668 1666 772 1703 tacet,

113 1719 188 1742 cum
213 1708 287 1741 Ald.
312 1708 390 1741 Bas
408 1709 469 1741 ab.
487 1709 607 1753 steph.
626 1710 701 1742 Ast.
720 1720 774 1753 pr.

113 1765 182 1787 sec.
213 1753 353 1795 Nescio,
377 1765 420 1787 an
445 1754 542 1797 δῖψα
561 1755 775 1788 scribendum

112 1799 171 1832 sit.
219 1779 638 1855 cf.V0'1.1.p.408‚b.

159 1843 207 1879 τὰ
241 1845 424 1890 τοιαῦτα]
467 1843 515 1879 τὰ
560 1858 625 1879 om.
671 1845 774 1881 editio

113 1891 277 1926 Bekkeri.

159 1934 271 1980 τινές]
295 1949 360 1972 οπι.
385 1937 471 1971 Lob.
496 1939 576 1972 Vat.
603 1937 650 1973 M.

45 1978 82 2020 B
162 1983 208 2017 Τί
223 1994 321 2039 μην;
339 2001 385 2008 --
404 1981 532 2025 ἓ’,·ξεως
544 1985 556 2027 ]
583 1995 646 2017 om.
671 1983 773 2019 Vind.

113 2028 154 2062 F.
183 2029 230 2062 Τί
246 2027 334 2073 μὴν,
359 2025 495 2073 ἄγνοια
514 2036 580 2063 etc.
605 2030 681 2064 Ald.

158 2073 256 2132 περὶ]
281 2075 349 2119 τῆς
373 2076 457 2110 ven.
479 2077 520 2110 B.
545 2088 610 2110 om.
636 2076 716 2110 Vat.
733 2076 773 2109 Β.

157 2120 308 2166 ψυχὴν]
331 2122 456 2166 ψυχῆς
479 2123 559 2157 Vat.
583 2122 659 2156 BH.
684 2123 771 2157 Ven.

146 2191 233 2256 ἀΰ]
268 2212 309 2246 Id
339 2213 376 2247 in
405 2214 502 2248 εισι).
532 2214 607 2248 Am.
633 2215 712 2248 Bas.
741 2225 771 2248 a.

115 2258 237 2303 steph.
261 2260 336 2292 Ast.
361 2270 411 2304 pr.
437 2260 651 2294 et'aFicino
671 2261 774 2295 omis-

116 2314 188 2337 sum
221 2304 337 2338 Astius
366 2305 400 2338 in
431 2316 499 2339 see.
540 2317 582 2339 ex
624 2307 704 2341 Bas.
736 2307 772 2341 b.

113 2349 291 2383 Bekkerus
322 2361 364 2384 ex
396 2351 475 2386 Par.
506 2351 548 2386 A.
582 2352 659 2387 vat.
690 2352 771 2385 ΒΜ.

115 2396 200 2430 Ven.
234 2395 305 2430 BC.
337 2397 478 2441 recepit.
545 2398 632 2431 Eum
667 2398 773 2432 Stall-

114 2441 268 2475 baumius
296 2442 384 2476 nullo
407 2443 682 2478 Florentinorum
714 2456 772 2477 co—

115 2487 226 2521 dicum
272 2489 478 2523 assentiente
524 2494 660 2523 secutus
709 2493 772 2525 est.

114 2533 269 2567 Meorum
308 2545 395 2568 unus
435 2535 520 2571 Lob.
563 2548 611 2569 αυ
656 2536 771 2570 habet.

114 2579 235 2621 „Inter
258 2577 380 2630 ψυχὴν
409 2585 443 2614 et
469 2579 575 2623 ἕξεως
599 2581 772 2615 invenitur

113 2625 234 2659 vocula
269 2630 319 2660 αὐ
354 2626 388 2659 in
430 2639 495 2662 nno
534 2631 602 2661 v.et
649 2628 772 2661 librof‘

115 2671 234 2727 steph.
257 2671 291 2705 ‘m
316 2684 359 2705 ιιι.

166 2715 331 2761 Οὐκοῦν]
358 2717 421 2752 καὶ
441 2719 569 2753 addunt
583 2719 670 2753 Lob.
688 2719 773 2753 Ven.

116 2763 158 2797 Β.
182 2765 261 2799 Vat.
286 2763 366 2798 ΒΜ.
401 2767 436 2798 et
467 2765 551 2799 editi
578 2771 659 2799 ante
682 2766 771 2799 Bek-

115 2808 246 2850 kerum,
269 2821 335 2844 non
357 2811 456 2845 male.

162 2853 360 2900 πληροῖτ’]
385 2858 521 2900 πληροῖ
543 2854 580 2890 τ’
605 2857 680 2890 Ald.

886 835 1094 883 Πλήρωσις]
1120 837 1298 895 πλήρησις
1323 841 1420 876 Stob.

883 884 951 917 τοῦ
974 883 1100 927 ἦττον,
1126 880 1150 928 ἢ
1174 886 1243 919 τοῦ
1268 886 1409 928 μᾶλλον
1439 883 1501 923 ὅν-

836 940 900 968 τος
910 930 936 984 ·]
962 936 1075 964 utrum
1088 943 1177 974 quae
1194 944 1257 975 per
1280 935 1391 977 eafit,
1413 947 1502 978 quae

835 977 952 1021 magis
982 978 1164 1021 veriusque
1191 984 1292 1020 sunt,
1327 992 1375 1013 an
1413 993 1502 1025 quae

833 1033 897 1066 per
895 1003 1019 1055 t>alia?
1044 1023 1117 1056 Fic.

880 1068 1018 1122 Δῆλον,
1046 1064 1118 1112 ὅτι]
1145 1067 1322 1113 δῆλονὸτι
1345 1070 1434 1104 Vind
1455 1072 1498 1105 F.

835 1111 1010 1157 δηλονότι
1041 1114 1127 1148 Lob.
1152 1115 1253 1152 Vind.
1277 1116 1318 1150 Β.
1345 1117 1438 1151 Μοιι.
1459 1119 1501 1151 Β.

815 1159 933 1193 .Stob.
961 1160 1035 1192 Ald
1062 1161 1142 1194 Bas.
1169 1162 1224 1194 ab.

881 1202 1045 1260 Πότερα]
1071 1204 1202 1249 πότερ’
1229 1207 1329 1241 Vind.
1355 1208 1398 1241 B.

878 1247 975 1296 ἡγῇ]
1006 1248 1095 1301 ᾐγεῖ
1117 1252 1214 1286 Vind.
1239 1253 1280 1287 F.
1319 1259 1354 1287 et
1381 1266 1500 1288 recen-

832 1296 950 1330 tiores.

878 1342 1067 1398 καθαροῖς]
1092 1341 1268 1399 καθαρὰς
1292 1345 1391 1378 Vind.
1412 1346 1456 1379 F.

877 1386 1077 1433 μετέχειν,]
1110 1388 1296 1434 μετέχειν,·
1334 1391 1499 1426 editiones

832 1440 912 1469 ante
937 1435 1026 1469 Astii
1056 1446 1126 1470 sec.

877 1478 943 1530 τα]
967 1493 1032 1515 om.
1056 1481 1135 1516 Par
1148 1482 1188 1514 A.
1213 1493 1234 1516 a
1257 1493 1299 1515 m.
1326 1493 1377 1527 pr
1396 1483 1495 1517 male.

878 1524 983 1571 οἷον]
1021 1527 1061 1560 In
1094 1527 1173 1561 Par.
1198 1528 1238 1560 A.
1274 1539 1298 1560 α
1324 1540 1427 1583 super
1452 1541 1495 1563 ον

830 1573 1005 1617 scriptum.
1030 1569 1076 1606 τὰ
1100 1571 1182 1607 οἷον
1205 1573 1309 1608 σίτου
1335 1572 1435 1631 γένη
1445 1576 1496 1610 ita

829 1619 955 1652 dictum
987 1624 1060 1661 est,
1095 1623 1133 1652 ut
1157 1618 1249 1659 τοὺς
1278 1617 1357 1659 οἶος
1386 1632 1498 1660 ουτος

832 1645 1244 1707 άνθρώπονςΒειιιο5ῐ1ι.
1264 1678 1418 1710 παραπρ
1422 1667 1495 1712 εσβ.

831 1712 864 1754 ἓ.
880 1710 958 1745 254
987 1711 1095 1744 Bekk.
1130 1712 1200 1744 Sed
1225 1712 1335 1746 altera
1361 1725 1498 1758 quoque

832 1756 935 1789 lectio
960 1757 1043 1790 ferni
1068 1761 1192 1800 potest,
1217 1757 1299 1802 quia
1324 1758 1423 1803 plura·
1441 1771 1497 1793 re-

830 1813 903 1835 rum
928 1814 1054 1846 genera
1077 1806 1274 1851 sequnntur.

878 1845 1063 1902 ἀληθοῦς]
1088 1845 1259 1891 άληθούς
1283 1849 1383 1885 Vind.
1406 1850 1449 1884 Ε.

878 1894 925 1928 αὐ
957 1891 1101 1938 πάσης]

829 1940 934 1973 BEF.
973 1941 1063 1986 Veri.-
1097 1939 1137 1972 C.
1186 1941 1264 1975 Vat.
1310 1942 1353 1977 H.
1399 1943 1492 1976 Flor.

830 1981 1063 2020 ACRV.a13
1097 1984 1292 2042 συμπάσης
1334 1989 1420 2031 Aug.
1454 1989 1495 2022 B.

831 2032 923 2065 Flor.
949 2033 993 2066 T.
1027 2029 1175 2076 ἁπάσης
1208 2034 1329 2088 reliqqi
1361 2034 1496 2068 codices

830 2081 866 2111 et
897 2078 1063 2113 editiones
1097 2090 1223 2112 omnes.
1267 2079 1316 2113 αὖ
1342 2092 1408 2113 ιιοιι
1431 2080 1498 2113 mi—

830 2135 892 2157 nus
917 2127 1037 2180 aptum
1056 2125 1088 2159 h.
1106 2125 1128 2159 l.
1155 2136 1255 2181 quam
1278 2125 1392 2170 paullo
1415 2131 1494 2160 ante

828 2169 919 2203 inter
942 2168 1067 2214 ψυχὴν
1092 2174 1127 2204 et
1152 2168 1271 2211 ε’,ξεως
1295 2174 1330 2204 et
1355 2183 1375 2205 a
1398 2172 1491 2205 codi—

829 2215 925 2249 cibus
964 2217 1072 2260 magis
1110 2216 1211 2249 etiam
1251 2217 1383 2251 firmum
1429 2230 1466 2252 es
1459 2223 1493 2252 ·.t

828 2261 968 2295 Ficinus
991 2262 1126 2307 quidem
1150 2274 1215 2295 uon
1240 2263 1420 2307 expressit.

875 2309 988 2351 κρῖνε]
1014 2309 1067 2342 Ita
1092 2309 1170 2342 Par.
1195 2308 1268 2341 ΑΚ.
1296 2320 1363 2342 sec.
1381 2309 1492 2343 Bekk.

830 2353 914 2388 ven.
940 2354 978 2388 B.
1013 2354 1101 2397 An.
1135 2354 1174 2387 B.
1216 2354 1290 2387 vat.
1317 2355 1362 2389 H.
1395 2355 1491 2389 Flor.

828 2399 1001 2434 ACRTV
1026 2400 1126 2443 κρίνε
1151 2399 1252 2433 Vind.
1277 2400 1320 2434 F.
1347 2401 1425 2435 Par.
1447 2402 1491 2435 Κ.

829 2456 897 2478 sec.
918 2446 1000 2500 Bip.
1025 2446 1182 2489 κρίνετο,
1203 2446 1325 2479 οιιιί55ο
1345 2458 1490 2492 sequen-

829 2495 864 2524 te
887 2489 944 2532 τὸ,
970 2491 1069 2526 Vind.
1089 2492 1130 2525 Ε.
1156 2491 1280 2536 κρίναι
1304 2492 1390 2526 Lob.
1415 2496 1491 2537 κρῖ-

828 2549 891 2571 ναι
925 2537 1024 2570 Vind.
1047 2538 1088 2571 B.
1123 2537 1215 2571 Mon.
1241 2539 1281 2572 Β.
1315 2539 1410 2573 Flor.
1447 2541 1492 2573 U.

830 2586 877 2624 et,
900 2583 964 2616 nisi
981 2583 1092 2625 fallor,
1116 2583 1239 2628 reliqui
1261 2584 1396 2618 codices
1416 2590 1491 2619 c'um

830 2628 930 2662 editis
974 2632 1052 2662 ante
1092 2629 1313 2670 Bekkerum,
1354 2631 1413 2676 qui
1455 2632 1491 2664 in

829 2678 927 2708 textu
950 2677 1067 2717 κρῖνε,
1092 2675 1128 2708 in
1152 2687 1269 2710 comm.
1291 2676 1381 2710 idem
1405 2688 1491 2721 qua-

829 2720 858 2754 si
880 2720 1011 2754 variam
1041 2721 1218 2754 lectionem
1240 2722 1392 2771 quinque
1414 2722 1490 2756 illo-

828 2777 904 2799 rum
938 2767 1088 2800 codicum
1120 2762 1370 2813 praetereaque
1409 2768 1490 2802 nihil

830 2811 963 2856 posuit,
988 2815 1026 2845 ut
1056 2814 1180 2857 κρῖναι
1211 2814 1490 2858 quemadmodum

832 2869 864 2902 p.
885 2859 963 2893 580
984 2859 1025 2891 Β.
1049 2859 1200 2894 retinere
1225 2860 1370 2894 voluisse
1391 2860 1489 2895 vide-

1177 2918 1269 2957 L2

1128 1894 1184 1928 Ita
1214 1895 1290 1930 Par.
1319 1897 1362 1929 A.
1392 1896 1492 1930 Vind.
1525 1899 1557 1941 C
