1764 3176
324 116 409 156 286

772 107 1254 157 PLATONIS

324 222 775 280 συμπεριφερομένην,
796 223 952 281 φωνὴν
969 226 1074 280 μίαν
1103 228 1254 278 ἷεῖσαν,
1279 226 1356 270 ἕνα
1376 227 1532 270 τόνον·
1563 225 1611 269 ἔκ
1629 239 1710 269 πω-

323 296 412 336 σῶν
440 292 486 335 δὲ
514 289 627 334 ὀκτώ
652 291 799 335 ου’σιόν
827 295 933 348 μίαν
959 293 1176 350 ἁρμονίαν
1198 295 1459 350 ξυμφωνεῖν.
1503 292 1635 344 ἄλλοις
1663 293 1711 337 δὲ

325 358 577 415 καθημένας
595 358 717 413 πέριξ
734 359 793 405 δι’
811 363 913 404 ἰ’σου
931 367 1058 415 τρεῖς,
1078 362 1125 406 ἐν
1141 361 1292 417 θρόνῳ
1313 360 1511 418 ἑκάστην,
1526 361 1712 417 θυγατέ-

323 445 403 484 ρας
422 431 497 484 τῆς
515 424 736 483 Ἀνάγκης,
758 431 956 483 Μοίρας,
975 429 1362 486 λευχειμονούσας,
1393 429 1610 485 στέμματα
1639 428 1710 471 ἐπὶ

320 500 410 540 τῶν
431 499 637 549 κεφαλῶν
659 496 855 551 ἐχούσας,
882 498 1069 555 Λάχεσίν
1097 516 1142 543 τε
1162 499 1235 542 καὶ
1258 496 1432 541 Κλωθώ
1461 498 1537 541 καὶ
1553 497 1709 553 ’Ἀτρο-

319 620 390 679 τήν
417 635 493 657 των
526 620 797 677 πλανωμένων,
830 619 986 669 ἐσχάτην

321 667 361 703 δε
384 668 452 713 τὴν
470 669 545 703 τῶν
570 665 646 703 ὑπὸ
671 667 835 713 σελήνην,
851 681 984 725 συνηρ

319 716 463 760 τῆσθαι
492 712 531 749 δε
566 713 689 754 πάσας
721 714 783 748 καὶ
811 715 984 750 συντετά-

319 763 417 818 75:³⁰⁰
443 758 539 795 κατά
568 759 700 804 λόγους
728 759 982 821 ἐναρμονίους,

319 808 374 841 ιὸν
403 806 555 851 ἑκάστης
570 806 733 863 φύλακα
752 809 914 842 Mofioav
934 813 985 843 ei*

318 866 402 897 ναι,
437 855 506 909 τῆς
542 851 606 896 μὲν
641 851 790 907 πριότης
819 851 982 910 ὑπάτην,

318 901 386 955 τῆς
393 880 458 954 δ’
490 897 644 953 ἐσχάτης
671 897 829 943 νεάτην,
868 899 982 956 μέσην

319 944 360 980 δὲ
390 943 458 990 τήν
485 943 621 988 μεταξυ
655 944 879 1002 συνέχουσαν
905 945 983 990 α’μα

317 992 381 1026 καὶ
408 989 791 1048 συνεπιστρέφουσαν,
819 1005 870 1032 ως
894 991 982 1027 άνυ-

319 1036 408 1073 στόν
437 1035 531 1081 ἐστι,
557 1035 603 1071 τά
626 1035 750 1081 θνητά
777 1042 857 1078 τοῖς
875 1041 983 1079 θεοῖς

318 1086 364 1140 (f.
392 1085 530 1126 θείοις)
554 1081 618 1117 καὶ
643 1096 689 1117 τοι
716 1086 881 1128 περίγεια
904 1088 983 1125 τοῖς

319 1129 520 1174 ουρανίοις.
554 1142 605 1168 ως
629 1129 693 1163 καὶ
718 1130 878 1165 Πλάτων
903 1130 984 1177 ῃνί-

317 1177 407 1219 ξατο
429 1180 508 1215 τοῖς
537 1177 613 1209 τῶν
633 1177 791 1219 ,Μοιρῶν
813 1169 983 1221 ὀνόμασι,

316 1221 386 1267 τὴν
409 1235 476 1266 μεν
492 1219 695 1264 ”,Ατροπον
719 1235 788 1278 την
808 1222 847 1256 δὲ
868 1222 982 1267 Λάχε-

316 1280 395 1312 σιν,
430 1267 519 1325 τὴν
533 1266 572 1301 δὲ
606 1267 752 1302 Κλωθώ
797 1278 983 1313 προσαγο-

316 1313 469 1359 ρεύσας·
504 1311 583 1348 ἐπεὶ
611 1317 693 1354 ταῖς
717 1326 755 1357 γε
782 1316 858 1349 τῶν
883 1314 980 1350 ὀκτὼ

316 1361 487 1417 σφαιρῶν
528 1364 752 1404 περιφοραῖς
785 1362 982 1405 Σειρῆνας,

316 1419 361 1442 ου
388 1404 561 1446 ,Μούσας
589 1407 814 1450 ἰσαρίθμους
827 1405 983 1462 ἐπέστη-

315 1464 387 1488 σεν.
425 1450 645 1508 Τπολαβών
670 1451 710 1486 δε
730 1452 982 1497 Μενέφυλλος,

314 1512 334 1534 ο
363 1497 683 1554 Περιπατητικὸς,
723 1499 779 1533 Τὰ
802 1498 868 1543 μὲν
893 1502 983 1534 Δελ-

313 1558 410 1590 φων,
437 1549 549 1588 εἶπεν,
579 1541 696 1585 ἄλλως
713 1544 754 1601 γέ
779 1558 857 1586 πως
877 1544 982 1589 μετέ-

311 1603 366 1649 χει
393 1590 670 1646 πιθανότητος·
705 1589 724 1626 6
755 1590 794 1626 δε
823 1591 981 1626 Πλάτων

314 1636 471 1680 ἄτοπος,
485 1641 566 1677 ταῖς
584 1649 650 1680 μεν
667 1635 806 1677 άιδίοις
824 1638 886 1672 καὶ
902 1639 981 1672 θεί-

316 1697 372 1723 οις
397 1686 619 1728 περιφοραῖς
656 1681 740 1718 άντι
764 1685 840 1718 τῶν
872 1687 980 1719 ,Μου-

315 1731 390 1764 σῶν
413 1729 482 1770 τὰς
507 1731 693 1774 Σειρῆνας
719 1727 909 1773 ἐνιδρύων,
936 1743 979 1765 ου

314 1775 416 1810 πάνυ
452 1775 745 1819 φι2ανθριόπους
775 1775 862 1810 ου’δε
895 1789 980 1831 χρη-

316 1822 428 1862 στούς
453 1823 647 1865 δαίμονας,
672 1821 740 1861 τὰς
761 1820 801 1856 δε
820 1822 980 1862 Mov'oceg

315 1865 339 1913 ἢ
351 1869 590 1912 παραλείπων
602 1880 840 1903 παντάπασιν
857 1865 881 1913 ἢ
901 1872 980 1908 τοῖς

317 1915 392 1949 τῶν
416 1915 574 1957 Μοιρῶν
608 1912 765 1957 ὀνόμασι
797 1926 980 1970 προσαγο-

317 1959 436 2004 ρεύων
481 1960 544 1994 καὶ
596 1962 718 1994 καλῶν
756 1960 980 2016 θυγατέρας

313 2005 492 2051 Ἀνάγκης.
531 2002 697 2050 ἄμουσον
722 2005 794 2061 γὰρ
817 2005 841 2052 ἡ
867 2005 979 2051 άνάγ-

314 2066 358 2097 κη
379 2058 445 2089 etc.
484 2054 571 2087 Tum
595 2054 681 2087 alter
705 2051 808 2087 λύσιν
831 2054 979 2109 aliquam

313 2101 458 2156 profert,
481 2100 601 2132 deinde
626 2100 739 2144 pergit
763 2103 808 2133 F.
835 2097 881 2133 οὔ
905 2097 979 2144 μὴν

315 2145 399 2190 ε’γω,
399 2158 422 2180 ε
475 2143 694 2179 παντάπασι
747 2143 980 2189 συμφέρομαι

317 2191 486 2247 τούτοις,
527 2189 621 2225 άλλά
652 2204 716 2235 μοι
750 2192 855 2226 δοκεῖ
879 2190 977 2225 Πλά-

313 2250 387 2272 των
411 2251 462 2277 ως
487 2235 693 2280 ἀτράκτους
709 2237 772 2272 καὶ
790 2236 998 2294 ἠλακάταςἃ

312 2283 402 2323 τοὺς
416 2281 567 2326 ἄξονας,
591 2282 825 2341 σφονδύλους
839 2282 876 2318 δε
890 2282 980 2324 τούς

311 2327 490 2373 οἷστέρας,
517 2327 786 2384 ἐξηλλαγμένως
809 2328 980 2365 ἐνταῦθα

310 2375 374 2410 καὶ
401 2374 468 2416 τὰς
493 2374 653 2416 Μούσας
680 2377 864 2420 Σειρῆνας
894 2374 977 2411 όνο·

314 2419 455 2477 μάζειν,
480 2419 654 2478 ἐρεούσας
673 2421 721 2456 τὰ
737 2424 828 2457 θεῖα
845 2423 907 2457 καὶ
925 2425 977 2456 λε-

314 2478 455 2512 γουσας
487 2465 525 2501 ἐν
551 2465 674 2502 Ἀιὸου
711 2473 775 2503 etc.
837 2470 978 2503 Proclus

316 2515 352 2548 in
377 2514 468 2547 Tim.
494 2526 528 2558 p.
553 2517 638 2555 203,
664 2518 706 2549 10
734 2527 754 2549 a
778 2516 803 2549 f.
830 2513 888 2550 διὸ
916 2514 978 2549 καὶ

312 2557 474 2599 Μούσας
511 2559 548 2593 οὶ
578 2559 732 2595 παλαιοὶ
763 2560 826 2596 καὶ
856 2559 978 2596 Ἀπόλ-

313 2608 413 2640 λωνα
437 2605 667 2651 μουσηγέτην
697 2604 910 2651 ’ὑπέστησαν
936 2608 976 2650 (l.

313 2650 557 2709 ἐπέστησαν)
571 2653 622 2698 τῷ
658 2653 788 2694 παντὶ,
815 2654 885 2687 τοῦ
911 2665 976 2709 μεν

312 2696 382 2743 τήν
414 2699 503 2742 μίαν
537 2688 666 2732 ἕνωσιν
696 2700 763 2744 τῆς
797 2696 884 2743 ὅλης
911 2697 974 2743 ἆρ-

313 2745 444 2788 μονίας
461 2746 730 2800 χορηγοῦντος,
748 2746 824 2780 τῶν
845 2744 884 2780 δε
906 2744 976 2790 τὴν

314 2788 537 2836 διῃρημένην
558 2788 677 2836 αὐτῆς
696 2790 867 2837 πρόοδον
892 2802 976 2827 συν-

1043 624 1208 669 εχουσῶν
1238 637 1302 658 και
1336 626 1419 664 ταῖς
1451 620 1547 658 ὀκτω
1574 622 1707 679 Σειρῆ-

1042 682 1099 705 σιν
1132 674 1215 710 ταῖς
1247 683 1285 705 εν
1311 670 1486 716 Πο2ιτείᾳ
1520 668 1587 704 τὸν
1623 681 1708 703 εαυ-

1039 718 1117 751 τῶν
1157 715 1324 761 άρνθμὸν
1363 706 1710 771 συναρμοσαμένων.

1040 766 1176 819 p.204,
1201 766 1242 799 19
1263 775 1283 798 a
1303 764 1330 796 f.
1355 761 1413 796 διὸ
1440 762 1503 796 καὶ
1527 760 1616 796 ποτε
1641 773 1709 805 μεν

1041 806 1093 849 τός
1131 807 1226 865 ὀκτώ
1263 809 1333 842 τοῦ
1366 807 1517 864 κόσμου
1545 809 1708 863 μερίδων

1041 853 1185 897 ου’σῶν,
1217 866 1307 888 ποτε
1344 851 1383 888 δε
1418 866 1468 893 ως
1501 851 1608 888 ἐννέα
1631 854 1708 887 τῶν

1041 899 1167 935 αὐτῶν
1192 901 1228 934 οἱ
1251 899 1406 934 παλαιοὶ
1423 899 1487 934 καὶ
1507 897 1602 934 όκτώ
1623 901 1706 934 Σει-

1040 948 1157 1004 ρῆνας
1189 945 1359 1001 ἐφιστασι
1391 947 1444 1001 τῷ
1483 946 1598 980 παντὶ
1643 944 1707 980 καὶ

1040 991 1148 1027 ἐννέα
1171 990 1354 1049 ΠΙούσας,
1391 981 1464 1036 ὐφ’
1491 1004 1544 1026 ων
1577 989 1602 1037 ἠ
1638 989 1707 1036 άρ-

1041 1040 1153 1083 μονία
1185 1042 1265 1078 τοῖς
1289 1036 1401 1078 ὅλοις.
1467 1050 1501 1083 p.
1519 1040 1608 1081 212,
1636 1041 1703 1073 20:

1042 1087 1173 1141 λοιπῆς
1202 1083 1242 1119 δε
1276 1081 1391 1128 οὔσης
1417 1085 1487 1138 τῆς
1521 1084 1573 1124 εἰς
1609 1081 1703 1120 ὀκτω

1040 1143 1106 1175 μεν
1140 1132 1303 1187 σφαίρας
1338 1131 1406 1165 τοῦ
1442 1128 1608 1174 ου’ρανοῦ
1644 1143 1705 1164 το-

1039 1179 1131 1222 μῆς,
1166 1179 1217 1217 εἰς
1252 1175 1361 1211 ἐννέα
1395 1174 1434 1211 δὲ
1466 1177 1534 1210 τοῦ
1565 1175 1706 1220 κόσμου

1040 1222 1195 1265 παντὸς,
1215 1223 1278 1257 καὶ
1302 1224 1370 1267 τῆς
1393 1220 1458 1266 μὲν
1477 1226 1560 1263 ταῖς
1575 1221 1614 1257 ἐν
1630 1220 1707 1257 Πο-

1040 1270 1156 1317 λιτείᾳ
1170 1266 1339 1325 Σειρῆσι,
1353 1270 1422 1313 τῆς
1441 1266 1480 1303 δὲ
1490 1272 1592 1325 ε,(ταῖς
1601 1265 1707 1309 όλαις

1040 1309 1217 1355 Μούσαις
1241 1313 1447 1370 ἀνειμένης,
1476 1311 1551 1359 υφ’
1578 1312 1623 1356 άς
1641 1315 1707 1350 καὶ

1041 1374 1081 1396 αι
1117 1362 1316 1415 Σειρῆνες,
1353 1360 1465 1394 πάλιν
1501 1359 1654 1402 εἰκότως
1681 1359 1701 1397 6

1039 1407 1151 1448 τόνος
1185 1406 1388 1442 συνέκ2εισε
1421 1405 1464 1441 τὸ
1493 1405 1704 1464 διάγραμμα

1038 1455 1117 1488 πᾶν
1150 1460 1215 1488 etc.
1282 1466 1315 1507 p.
1337 1455 1427 1495 260,
1460 1455 1525 1488 29:
1566 1453 1706 1494 ἐκεῖνος

1037 1500 1133 1558 γοῦν
1156 1497 1380 1555 (Σωκράτης
1412 1499 1456 1544 τῇ
1481 1501 1704 1548 προτεραία)

1038 1559 1101 1580 και
1136 1550 1216 1586 τοῖς
1249 1543 1344 1580 όκτω
1377 1545 1603 1600 σφονδύλοις
1631 1553 1705 1588 ψυ-

1039 1605 1105 1636 χας
1130 1591 1346 1636 ἐπέστησεν,
1371 1604 1416 1631 ας
1447 1589 1593 1627 ἐκάλεσε
1619 1593 1705 1626 Σει-

1041 1640 1157 1683 ρῆνας
1181 1645 1246 1672 etc.

1087 1681 1476 1728 συμπεριφερομένην]
1505 1697 1580 1720 cum
1602 1687 1704 1731 globo

1038 1743 1110 1765 uua
1135 1733 1293 1765 delatam
1317 1729 1390 1764 Fie.

1084 1778 1188 1821 μίαν]
1214 1789 1279 1810 om.
1303 1776 1441 1811 Herac1.

1086 1824 1218 1867 ἱεῖσαν]
1242 1823 1360 1856 ἱεῖσαν
1375 1822 1460 1856 Lob.
1481 1823 1582 1857 Vind.
1596 1823 1700 1858 BEF.

1037 1870 1113 1903 Ald.
1138 1871 1219 1903 Bas.
1246 1869 1300 1902 ab.
1327 1868 1461 1902 ἰοῦσαν
1487 1870 1563 1903 Vat.
1589 1871 1633 1904 H.

1084 1913 1149 1950 ἕνα
1173 1913 1307 1958 τόνον]
1342 1914 1396 1947 Ita
1421 1915 1501 1948 Par.
1526 1917 1568 1949 A.
1599 1916 1700 1950 vind.

1036 1962 1110 1996 ΒΕ.
1138 1964 1212 2005 Ang
1215 1962 1275 1994 Β.
1302 1960 1425 1994 PaLA.
1452 1962 1586 1995 Vat.H.
1605 1962 1699 1996 Flor.

1035 2008 1145 2042 ACV.
1178 1974 1214 2041 egt
1248 2014 1366 2049 margo
1400 2007 1442 2040 R.
1474 2004 1605 2041 ε’νατον
1630 2009 1699 2042 He-

1034 2054 1117 2087 rael.
1151 2051 1226 2086 άνὰ
1260 2050 1374 2086 τόνον
1409 2052 1494 2086 Lob.
1529 2054 1622 2088 Mon.
1657 2056 1698 2089 B.

1036 2100 1118 2133 vat.
1147 2100 1227 2133 ΒΜ.
1260 2100 1338 2132 Par.
1372 2098 1448 2132 DK.
1483 2111 1551 2133 sec.
1587 2101 1697 2135 Bekk.

1035 2146 1122 2179 Ven.
1150 2147 1191 2180 Β.
1217 2157 1238 2179 a
1259 2157 1304 2178 m.
1331 2155 1358 2178 S.
1385 2142 1573 2179 άνατόνον
1598 2147 1699 2181 Vind.

1035 2191 1078 2225 F.
1105 2189 1291 2225 οἷνάτονσν
1322 2190 1432 2235 (Flet.
1456 2192 1587 2236 RTU.)
1621 2194 1698 2227 Ald.

1036 2239 1116 2272 Bas.
1144 2239 1198 2272 ab.
1223 2237 1344 2282 steph.
1371 2238 1446 2272 Ast.
1471 2249 1522 2282 pr.
1549 2250 1617 2272 sec.
1644 2244 1698 2273 to-

1035 2295 1117 2317 num
1155 2296 1262 2318 unum
1295 2283 1456 2317 videlicet
1492 2283 1697 2318 Fic.P1u-

1035 2331 1174 2364 tarchus
1192 2331 1234 2363 de
1258 2329 1390 2363 animae
1412 2341 1522 2374 procr.
1535 2342 1577 2384 p.
1596 2333 1695 2366 1029.

1037 2377 1084 2410 C:
1119 2373 1139 2411 6
1176 2376 1216 2410 δὲ
1252 2369 1411 2409 Πλάτων
1453 2373 1563 2419 δῆλός
1598 2375 1696 2411 ἐστιν

1035 2420 1095 2457 ἐπὶ
1128 2419 1170 2457 τὸ
1203 2419 1270 2464 ὀξὺ
1296 2421 1593 2475 προσλαμβάνων
1619 2422 1696 2467 (τό-

1033 2469 1133 2512 νον.)
1148 2466 1258 2524 λέγει
1281 2464 1351 2511 γάρ
1385 2464 1423 2500 ἐν
1450 2468 1495 2524 τῇ
1521 2469 1696 2503 Πολιτεία

1034 2527 1110 2549 των
1136 2511 1231 2549 όκτω
1258 2514 1430 2570 σφαιρων
1448 2512 1610 2568 ἑκάστην
1633 2527 1695 2549 πε-

1035 2559 1200 2604 ριφέρειν
1227 2557 1304 2615 τήν
1319 2556 1382 2593 ἐπ’
1408 2557 1505 2605 αὐτῇ
1526 2561 1695 2615 Σειρῆνα

1034 2607 1255 2662 βεβηκυῖαν,
1280 2602 1386 2661 ᾅδειν
1417 2605 1457 2640 δὲ
1481 2605 1604 2647 πάσας
1628 2606 1694 2642 ἕνα

1033 2652 1147 2688 τόνον
1181 2642 1314 2693 ἱείσας,
1348 2649 1386 2685 ἐκ
1419 2650 1458 2686 δε
1482 2654 1613 2687 πασῶν
1636 2665 1692 2688 κε-

1034 2697 1244 2742 ράννυσθαι
1259 2699 1348 2741 μίαν
1367 2694 1561 2741 αρμονίαν.
1607 2699 1691 2734 Pro-

1033 2746 1104 2779 clus
1128 2745 1164 2779 in
1187 2745 1279 2779 Tim.
1306 2756 1339 2788 p.
1365 2746 1452 2786 259,
1480 2746 1544 2781 26.
1569 2740 1628 2779 ὅτι
1651 2743 1691 2780 δὲ

1033 2789 1167 2836 ἑκάστη
1209 2790 1364 2835 (μονὰς)
1410 2787 1522 2836 ἑαυτῇ
1557 2787 1690 2837 ὁμαλὴ,
