1764 3176
254 116 362 143 Lv111
693 98 1222 142 PRAEFATIO

254 219 294 259 1,
329 216 427 259 eique
452 214 601 248 addatur
628 214 762 257 unitas,
792 215 1002 258 relinquetur
1026 217 1201 250 novenarii
1234 215 1340 249 cubus
1364 216 1452 250 729:
1487 222 1540 252 est
1558 218 1640 252 illud

251 274 387 317 quidem
405 272 527 317 partim
549 281 682 304 verum:
712 272 836 314 partim
869 272 903 305 in
924 274 1123 306 coniectura
1147 273 1315 317 positumz
1344 283 1412 306 non
1432 278 1545 308 tamen
1565 276 1639 309 effi-

251 331 299 364 cit
325 341 402 363 eam
427 339 528 371 quam
563 339 607 361 ex
632 322 796 362 Platonis‘
822 329 932 362 verbis
960 330 1157 372 inquirimus
1186 329 1432 363 dimensionum
1460 333 1639 366 rationem.

248 387 359 421 Multo
390 387 499 418 minus
528 390 668 419 caetera
698 396 844 428 corpora
881 396 948 419 non
980 388 1180 429 rectangula
1210 386 1427 420 conveniunt.
1492 390 1591 424 Quae
1620 389 1640 422 a

247 444 346 477 nobis
371 443 566 475 accuratius
598 442 765 484 exquisita
797 447 898 483 sunt;
929 447 968 475 ut
990 444 1127 485 planum
1153 444 1197 476 sit
1225 453 1268 476 ex
1297 443 1443 486 partium
1477 445 1640 487 singulari

248 499 505 534 enumeratione
526 500 652 532 nullum
675 509 799 541 corpus
817 500 1028 541 geometrica
1048 501 1183 533 ratione
1213 504 1488 542 coagmentatum
1507 502 1550 534 ad
1569 512 1641 542 eas,

247 567 332 599 quas
347 557 451 590 Plato
472 556 597 600 posuit,
626 565 844 589 numerorum
863 557 1014 589 rationes
1036 556 1289 589 accommodari
1313 567 1435 599 posse:
1467 562 1505 590 ut
1526 568 1641 591 rerum

246 612 472 646 humanarum
499 612 658 656 periodos
679 623 721 644 ac
753 613 839 645 fines
868 623 911 645 ex
939 611 989 645 his
1019 614 1207 646 eliciamus.
1264 613 1421 655 Denique
1445 618 1483 647 ut
1503 615 1641 656 planum

246 671 292 704 sit
312 670 493 703 Platonem
523 680 565 702 eo
599 670 675 701 loco
703 669 755 701 sui
777 669 882 711 ipsius
908 670 1050 703 oblitum
1074 680 1172 710 esse,
1205 670 1288 702 satis
1311 670 1463 703 indicant
1491 672 1641 704 rationes

246 727 479 770 geometricae
511 726 724 766 ineffabiles,
755 736 840 767 quas
873 736 915 758 eo
939 736 1084 769 corpore
1109 726 1290 769 complecti
1315 726 1440 768 voluit,
1471 728 1560 769 quod
1597 729 1640 761 ab

247 783 470 817 arithmeticis
501 782 691 815 rationibus
720 792 760 814 ac
798 783 948 815 numeris
982 784 1082 825 plane
1107 787 1160 816 est
1188 783 1345 816 alienum.
1405 781 1515 816 Altius
1537 785 1641 827 igitur

246 841 435 873 intuentem
457 843 594 882 oportet
614 849 673 871 eos
696 849 856 871 numeros
878 839 1083 882 investigare
1102 840 1159 882 qui
1180 849 1293 872 rerum
1313 839 1534 873 humanarum
1556 852 1640 875 con-

246 897 421 930 versiones
451 896 646 938 significare
678 895 830 937 possint,
862 900 896 928 et
914 896 970 938 qui
991 888 1149 929 diuturna
1171 897 1383 938 experientia
1407 897 1543 939 probati
1562 897 1643 938 sint,

247 964 315 987 non
336 954 464 987 levibus
493 957 528 985 et
550 952 707 985 inanibus
742 953 963 985 coniecturis:
996 951 1184 986 cuiusmodi
1209 953 1441 995 septenarium
1475 963 1551 986 esse
1568 958 1642 987 sta-

247 1015 329 1052 tuo,
361 1014 396 1043 et
423 1009 665 1050 novenarium,
698 1007 769 1051 (et)
797 1019 915 1042 eorum
947 1009 1136 1051 quadratos
1165 1013 1200 1041 et
1228 1009 1367 1042 cubicos
1396 1006 1451 1044 49.
1477 1009 1534 1042 81.
1559 1007 1641 1045 343.

246 1067 326 1100 729.
382 1067 429 1100 Vt
460 1067 549 1099 enim
576 1065 732 1098 senarius
763 1065 818 1107 qui
847 1066 975 1108 primus
1007 1071 1057 1099 est
1078 1065 1228 1099 omnium
1252 1065 1500 1108 perfectorum,
1530 1076 1642 1100 mores

245 1122 471 1157 foeminarum
499 1126 559 1155 aut
584 1121 736 1155 habitum
756 1132 798 1155 ac
818 1126 977 1155 naturam
1004 1123 1184 1163 immutat,
1215 1122 1264 1154 ita
1280 1123 1510 1165 septenarium
1528 1133 1641 1157 mares

245 1179 498 1223 quodammodo
524 1180 706 1212 immutare
735 1179 971 1221 antiquissima
1000 1183 1155 1212 vetustas
1188 1179 1442 1221 comprobavit3
1473 1183 1508 1212 et
1527 1184 1566 1212 ut
1585 1190 1641 1213 se-

244 1237 421 1280 ptenarius
449 1247 491 1269 ac
520 1236 723 1269 novenarius
755 1234 950 1268 hominibus
977 1236 1108 1269 initium
1147 1235 1312 1269 nascendi
1341 1236 1493 1269 tribuere
1517 1237 1641 1278 solent,

243 1293 293 1326 ita
313 1303 448 1337 quoque
476 1303 637 1326 numerus
663 1303 707 1325 ex
731 1292 907 1334 utriusque
935 1292 1186 1335 propagatione
1216 1293 1413 1325 coalescens
1440 1293 1568 1325 exitum
1588 1293 1641 1326 af-

242 1349 333 1384 ferre
358 1351 547 1383 consuevit.
604 1349 699 1382 Idem
730 1359 796 1391 ego
823 1349 867 1382 ad
896 1349 1123 1392 Respublicas
1154 1347 1346 1389 transfero,
1378 1353 1416 1381 ut
1434 1350 1565 1382 numeri
1583 1360 1639 1383 se-

235 1407 391 1450 ptenarii
408 1417 449 1440 ac
467 1406 643 1441 novenarii
669 1406 794 1449 quique
814 1416 857 1439 ex
885 1416 1004 1438 eorum
1033 1405 1209 1448 quadratis
1243 1409 1278 1438 et
1302 1405 1430 1438 cubicis
1460 1406 1641 1448 exsistunt,

244 1464 508 1507 Rebuspublicis
527 1463 664 1505 saepius
684 1473 846 1495 occasum
865 1466 900 1495 et
921 1462 1095 1495 interitum
1121 1463 1284 1496 afferunt.

359 1520 483 1554 Bodini
509 1519 715 1553 sententiam
735 1530 901 1552 summam
925 1520 1063 1562 collegit
1085 1518 1231 1552 Bredelo
1263 1519 1297 1550 in
1320 1518 1564 1552 dissertatione
1582 1529 1641 1552 su-

244 1588 306 1621 pra
329 1582 599 1610 commemorata
620 1576 700 1609 inde
718 1587 737 1608 a
754 1578 787 1617 §.
807 1576 865 1609 31.
889 1576 949 1608 sed
970 1586 1123 1609 errorum
1145 1576 1187 1608 ab
1209 1585 1251 1608 eo
1269 1575 1526 1608 commissorum
1538 1586 1639 1609 unum

244 1638 377 1668 tantum
408 1638 508 1667 notat
530 1635 563 1675 §-
581 1632 636 1665 62.
656 1643 788 1675 negans
819 1629 960 1665 τέλειον
977 1632 1134 1665 Platonis
1157 1625 1325 1672 ἀριθμὸν
1347 1631 1642 1666 arithmeticorum

243 1691 432 1734 perfectum
456 1700 632 1724 numerum
660 1699 754 1722 esse:
787 1688 830 1722 de
857 1699 1000 1722 numero
1035 1690 1137 1722 rebus
1161 1689 1304 1732 publicis
1328 1688 1421 1721 fatali
1450 1690 1550 1731 quale
1571 1690 1642 1722 Bo·-

245 1748 315 1781 dini
346 1748 507 1781 indicium
533 1748 597 1788 sit,
628 1750 687 1778 aut
715 1745 794 1788 quid
812 1746 886 1788 ipse
913 1745 1061 1786 iudicet,
1091 1756 1160 1778 non
1191 1745 1364 1784 ostendit,
1396 1745 1459 1778 nisi
1486 1746 1577 1788 quod
1605 1746 1641 1779 in

245 1808 399 1839 extremo
420 1805 531 1837 libello
567 1804 698 1835 Davum
729 1813 767 1835 se
796 1813 865 1835 non
886 1802 1055 1844 Oedipum
1085 1803 1276 1844 profitetur.
1334 1802 1454 1844 Itaque
1482 1813 1525 1835 ne
1542 1802 1642 1835 nobis

246 1861 384 1904 quidem
403 1862 500 1904 plura
529 1860 571 1893 de
589 1869 629 1893 eo
652 1858 799 1892 dicenda
818 1864 909 1892 sunt.
966 1859 1004 1891 Si
1027 1859 1080 1891 cui
1096 1862 1211 1890 tamen
1234 1857 1340 1890 libeat
1364 1858 1641 1893 dissertationem

246 1918 355 1962 ipsam
375 1918 564 1961 inspicere,
596 1916 766 1949 asservari
795 1926 869 1948 eam
904 1915 992 1948 scito
1014 1915 1046 1947 in
1064 1914 1324 1947 honestissimae
1341 1914 1529 1948 Societatis
1550 1916 1641 1949 Sile-

247 1975 363 2008 siacae
384 1973 591 2007 bibliotheca
613 1972 863 2007 mathematicis
884 1973 978 2005 libris
997 1971 1273 2009 instructissima,

359 2032 447 2066 Post
469 2030 694 2064 Bredelonem
711 2030 767 2072 qui
785 2028 904 2062 dedita
924 2039 1030 2071 opera
1046 2028 1263 2060 Platonicum
1290 2028 1402 2060 locum
1429 2029 1640 2070 tractaverit,

246 2093 306 2122 aut
326 2090 429 2122 etiam
463 2087 590 2130 aliquid
619 2088 662 2120 ad
683 2085 920 2120 inveniendum
950 2095 1125 2118 numerum
1147 2085 1229 2117 utile
1250 2084 1452 2125 contulerit,
1483 2095 1546 2118 nos
1564 2083 1641 2127 qui-

245 2145 325 2179 dem
344 2148 469 2179 scimus
506 2145 675 2178 neminem
707 2147 846 2186 praeter
874 2142 1105 2183 Kleukerum,
1136 2141 1232 2174 cuius
1265 2141 1506 2174 Germanicam
1526 2142 1640 2175 Grae-

245 2212 363 2236 corum
385 2202 726 2245 interpretationem,
757 2210 860 2242 quum
888 2199 976 2233 serio
1009 2198 1181 2241 cogitasse
1211 2202 1387 2231 auctorem
1422 2202 1457 2230 et
1478 2199 1640 2232 nonnulla

246 2264 340 2293 certe
359 2260 497 2298 rectius,
529 2268 630 2301 quam
649 2258 747 2298 alios,
777 2256 986 2290 intellexisse
1005 2255 1177 2295 ostendat,
1209 2254 1404 2287 adscribere
1429 2265 1496 2288 non
1518 2266 1640 2298 super-

242 2326 432 2350 vacaneum
449 2316 651 2359 putavimus.
710 2314 782 2348 Qet
806 2312 954 2347 umfreis
989 2314 1045 2346 bet
1061 2307 1232 2354 gbttticinn
1257 2311 1453 2353 gengungen
1475 2309 1548 2353 bdtt
1572 2311 1639 2347 eine

243 2372 473 2408 voufommene
499 2372 581 2415 §abt
605 2371 639 2405 in
677 2367 754 2413 sith:
786 2368 863 2405 aber
883 2369 945 2403 mit
965 2370 1020 2403 bet
1042 2364 1254 2411 petiobifcben
1277 2367 1359 2410 gab(
1388 2368 1444 2401 bet
1477 2364 1638 2410 menscblt':

243 2425 315 2471 eben
333 2430 530 2472 Scugungen
549 2427 679 2471 nerbdlt
698 2431 732 2462 es
755 2423 810 2469 fid)
831 2427 875 2469 ῖο,
910 2425 971 2467 beli
994 2425 1042 2460 bie
1060 2424 1331 2467 §Betmebtungen
1353 2424 1409 2458 bct
1429 2423 1637 2469 (ὅτυηδῑςαω,

244 2483 381 2528 namuci)
401 2485 468 2520 btei
491 2485 730 2529 potentiitenbe
751 2484 816 2518 unb
838 2482 1030 2526 potentiirre
1049 2479 1312 2524 {ffotttitoeunqen
1334 2489 1392 2524 gut
1414 2480 1637 2524 §Bouenbungf

244 2539 356 2585 melche
376 2542 445 2576 niet
474 2539 725 2584 unteridyiebene
745 2539 1016 2583 mestimmungen
1036 2539 1091 2573 bes
1114 2534 1305 2580 'nebulidnn
1324 2538 1391 2573 unt>
1408 2534 1637 2580 undbnticben,

245 2600 301 2634 bes
318 2595 534 2641 {Bacbfenben
564 2600 629 2633 unb
651 2597 900 2641 anebmenben
921 2595 1121 2638 annebmen,
1153 2594 1234 2629 aues
1257 2594 1290 2630 in
1313 2594 1549 2638 gegenseitigen
1570 2593 1637 2629 ἔδεε

245 2656 422 2701 &iebungen
451 2656 516 2690 unb
550 2653 801 2698 ausgebu'chten
832 2650 1077 2696 merbaitnin‘en
1107 2650 1286 2693 batsteum.
1346 2651 1411 2686 Qie
1441 2650 1638 2695 &timinam

248 2713 347 2756 bieset
366 2710 587 2756 {Betbc'tltniffe
600 2734 610 2754 ae
642 2707 779 2754 namuci)
800 2711 850 2746 bie
871 2709 1031 2745 &nebai
1052 2708 1182 2752 (fflicte)
1207 2708 1271 2743 mit
1298 2709 1353 2744 bet:
1374 2704 1479 2751 ῧίιηῖι
1497 2707 1637 2743 verbim:

249 2771 321 2813 ben,
353 2768 452 2815 gicht,
484 2765 562 2814 naci)
579 2765 752 2813 breifadycc
776 2766 1020 2813 {Betmebtung‘
1053 2765 1120 2802 eine
1149 2761 1313 2812 ἆωίεῗαῷε
1337 2763 1542 2808 &armonia
1572 2764 1637 2808 (bie
