1764 3176
446 154 780 219 clvlTAs
821 179 1076 222 LIB.V1H.
1107 185 1174 220 567
1433 187 1491 226 99

110 285 187 343 τὴν
211 285 353 351 πόλιν.
411 289 565 333 Καλόν
592 306 655 346 γε,
685 290 782 348 ἔφη,
811 289 1056 345 καθαρμόν.
1090 291 1195 344 Ναὶ,
1225 285 1283 347 ἦν
1312 291 1359 335 δ’
1391 293 1489 349 ἐγώ,

108 353 188 397 τὸν
225 353 446 410 ἐναντίον,
484 356 514 414 ἦ
549 360 594 402 οἱ
621 358 764 413 ἰατροὶ
793 356 846 401 τὰ
875 356 1069 412 σώματα·
1111 359 1156 402 οἱ
1191 358 1272 414 μὲν
1310 359 1393 416 γὰρ
1439 362 1488 405 τὸ

104 424 320 477 χείριστον
349 423 640 480 ἀφαιροῦντες
665 427 862 470 λείπουσι
891 424 941 470 τό
970 423 1215 481 βέλτιστον,
1258 426 1281 471 ὁ
1314 429 1359 472 δὲ
1388 428 1485 473 τού-

105 492 297 535 ναντίον.
362 491 438 545 Ὡς
475 493 586 538 ἔοικε
625 495 732 549 γάρ,
776 491 921 553 αὐτῷ,
963 494 1070 549 ἔφη,
1118 491 1308 551 ἀνάγκη,
1364 498 1483 552 ε’ίπερ

106 557 236 613 ἄρξει.
286 558 363 603 Ἐν
397 563 590 619 μακαρίᾳ
622 562 731 615 ἄρα,
771 558 896 605 εἶπον
932 561 1039 617 ἐγώ,
1083 558 1253 618 ἀνάγκῃ
1296 563 1477 618 δέδεται,
1507 566 1547 607 D

97 626 132 683 ἢ
159 628 415 682 προστάττει
453 628 572 690 αὐτῷ
601 629 630 687 ἢ
657 629 764 685 μετὰ
798 630 984 685 φαύλων
1011 632 1101 673 τῶν
1129 633 1304 673 πολλῶν
1335 633 1485 684 οἰκεῖν,

27 692 31 695 ’
103 697 177 739 καὶ
211 695 300 739 ὑπὸ
340 698 511 742 τούτων
523 696 838 780 μισούμενον,
875 696 906 753 ἢ
937 696 996 754 μὴ
1029 700 1117 753 ζην.
1175 696 1249 740 Ἐν
1287 700 1484 758 τοιαύτῃ,

84 759 134 819 ,ἦ
163 763 202 807 δ’
235 764 297 816 ὅς.
348 759 442 821 Ἆρ’
485 761 567 810 οὖν
606 765 701 822 οὐχὶ
738 765 827 822 ὅσῳ
868 765 924 808 div
959 770 1128 821 μᾶλλον
1166 771 1259 818 τοῖς
1288 770 1487 820 πολίταις

105 830 401 891 ἀπεχθάνηται
441 839 577 878 ταῦτα
616 837 755 889 δρῶν,
805 834 1005 891 τοσούτῳ
1045 833 1264 878 πλειόνων
1300 837 1376 880 καὶ
1416 854 1486 881 πι-

104 901 320 956 στοτέρων
361 903 631 960 δορυφόρων
676 902 893 960 δεήσεται;
945 905 1050 952 Πῶς
1095 901 1178 957 γάρ
1230 902 1309 954 01'1'5
1363 907 1487 957 Τίνες

105 964 189 1013 οὖν
219 971 263 1013 οἱ
290 973 456 1022 πιστοί;
493 973 568 1015 καὶ
601 971 744 1016 πόθεν
774 970 938 1022 αὐτούς
966 969 1309 1025 μεταπέμψεται;
1344 971 1486 1016 Αὐτό-

102 1054 255 1093 ματοι,
295 1038 400 1095 ἔφη,
437 1041 593 1083 πολλοὶ
621 1039 776 1096 ἥξουσι
804 1037 1056 1094 πετόμενοι,
1096 1030 1175 1081 ἐὰν
1212 1037 1291 1082 τὸν
1320 1040 1485 1095 μισθὸν

103 1107 224 1163 διδῷ.
283 1110 521 1165 Κηφῆνας,
561 1103 618 1164 ἦν
648 1107 689 1151 δ’
722 1107 828 1164 ἐγώ,
872 1107 926 1163 νή
958 1104 1036 1149 τὸν
1070 1105 1208 1157 κύνα,
1256 1109 1398 1160 δοκεῖς
1430 1105 1488 1152 αὗ

102 1175 225 1226 τινάς
254 1191 330 1229 μοι
358 1174 723 1230 λέγεινξενικούς
752 1192 796 1219 τε
823 1176 906 1218 ,καὶ
945 1172 1267 1223 παντοδαπούς.
1322 1174 1484 1232 Ἀληθῆ
1514 1180 1547 1220 Ε

102 1242 210 1298 γὰρ,
250 1243 359 1300 ἔφη,
402 1246 520 1287 δοκῶ
558 1256 665 1287 σοι..
707 1243 821 1294 Τοὺς
862 1243 907 1286 δὲ
947 1239 1139 1285 αὐτόθεν
1185 1236 1263 1298 ἆρ’
1302 1243 1385 1287 οὐκ
1432 1245 1489 1288 ἂν

102 1311 339 1368 ἐθελήσειε;
386 1315 512 1364 Πῶς,·
559 1313 674 1364 Τοὺς
713 1310 902 1362 δούλους
932 1308 1204 1366 ἀφελόμενος
1234 1310 1339 1363 τούς
1368 1313 1488 1355 πολί-

42 1453 74 1495 C
145 1460 225 1540 τίςΑ
232 1458 436 1506 φρόνιμος,
467 1461 547 1506 τίς]
581 1459 763 1506 φρόνιμος
862 1460 944 1515 ζῇν.
968 1456 1053 1502 Ἐν]
1080 1459 1169 1504 ζῆν,
1195 1457 1234 1493 ἐν
1257 1456 1415 1494 Α1(1.Ἐν
1439 1481 1485 1493 —.

99 1507 173 1541 Pal.
823 1503 909 1550 ου’χι
936 1518 1000 1539 om.
1025 1506 1096 1539 Pal.
1124 1509 1164 1539 A.

148 1550 310 1610 ου’τως]
321 1565 433 1593 ουτος
455 1553 555 1588 Vind.
580 1553 623 1588 F.
860 1549 951 1596 Ἆρ’]
985 1548 1051 1596 ἄρ’
1086 1551 1184 1588 vind.
1209 1551 1254 1586 Ε.
1291 1547 1360 1596 ἄρ’
1386 1553 1484 1588 vind.

145 1597 267 1654 ἐστὶν]
294 1597 369 1633 ἐστὶ
392 1599 494 1633 idem.
819 1597 861 1631 F.

148 1641 310 1690 ἅπασιν]
356 1641 475 1679 α’πασι
505 1645 580 1679 Α1(].
613 1646 695 1680 Bas.
731 1657 761 1680 a.
867 1638 970 1698 ου’χὶ]
997 1638 1075 1697 ου’χ,
1090 1642 1187 1677 Vind.
1212 1643 1252 1676 B.

100 1704 164 1725 om.
188 1691 266 1724 Fic.
867 1685 914 1721 ἂν
955 1708 1001 1713 —
1052 1685 1313 1743 ἀπεχθάνηται
1364 1690 1485 1724 ταῦτα

147 1736 329 1783 πολεμίῳ]
356 1737 540 1781 πολεμίων
569 1740 649 1770 ante
673 1748 762 1772 corr.
818 1735 937 1779 δρῶν]
966 1727 1035 1769 οὖν
1057 1754 1105 1759 -
1129 1732 1384 1778 ἀπεχθάνεται
1409 1738 1483 1771 Pal.

101 1783 200 1817 vind.
222 1783 265 1817 E.
818 1783 862 1815 A.

147 1825 416 1874 ἐπιβουλεύειν]
456 1829 495 1862 In
527 1828 613 1863 Lob.
642 1840 664 1861 ν
698 1828 760 1862 int.
863 1824 1104 1870 πιστοτέρων]
1127 1822 1194 1859 οἷπι
1183 1825 1381 1871 ιστοτέρων
1394 1828 1480 1862 Lob.

100 1886 191 1909 vers.
213 1878 277 1909 est.
818 1874 896 1908 Vat.
933 1872 1014 1906 ΒΜ.
1060 1871 1282 1916 πιστοτέρον
1318 1875 1411 1908 Μοη.
1441 1875 1482 1909 Β.

146 1917 272 1954 Καλόν
295 1931 334 1964 γε
359 1939 403 1945 -
442 1919 475 1953 'v
504 1916 547 1953 δ’
573 1916 664 1963 ἐγώ]
694 1932 759 1954 οπι.
817 1930 839 1952 a
862 1930 904 1951 m.
930 1929 983 1962 pr.

98 1967 172 2001 Pal.
201 1968 243 2000 A.
266 1963 382 2000 καλόν
405 1978 426 2010 γ
469 1970 535 1999 etc.
560 1966 660 2000 Vind.
684 1966 759 1998 ΒΕ.
864 1964 953 2003 Πῶς
976 1984 1022 1989 -
1044 1960 1198 2019 ἥξουσι]
1243 1964 1375 1998 Horum
1408 1964 1484 1999 loco

99 2011 528 2067 Vat.{{.F10r.Acv.
571 2011 655 2045 Post
696 2024 759 2045 κα-
816 2009 890 2044 Pal.
914 2012 955 2044 A.
988 2009 1052 2045 καὶ
1087 2007 1241 2055 ἥξουσιν
1265 2008 1369 2057 αύτῷ
1395 2013 1484 2045 πολ-

99 2060 155 2093 θα
158 2056 251 2102 ρμόν
274 2059 351 2092 Ald.
375 2059 455 2092 Bas.
473 2058 527 2091 ab.
552 2057 685 2099 signum
708 2057 761 2091 in-
818 2055 875 2090 λοι
900 2057 1014 2090 habet.

100 2104 297 2160 terrogandi
327 2104 465 2139 habent.
511 2105 551 2137 In
586 2104 679 2137 Flor.
715 2105 760 2137 T.
863 2100 1082 2147 πετόμενοι]
1107 2100 1311 2146 πεττόμενοι
1324 2103 1424 2137 Vind.
1436 2103 1481 2137 F.

99 2144 149 2195 ἦν
173 2148 214 2184 δ’
239 2147 307 2194 ἐγώ
330 2154 409 2196 post
423 2149 491 2185 τὸν
511 2148 680 2184 εναντίον
697 2162 763 2195 po-
862 2149 1049 2192 Κηφῆνας
1073 2168 1117 2173 --
1142 2149 1286 2193 χρῆται.
1306 2148 1382 2182 Καὶ
1402 2151 1481 2184 568.

99 2197 200 2230 situm
223 2203 288 2230 est.
819 2195 883 2238 A.]
917 2207 983 2228 om.
1017 2194 1090 2228 Pal.
1128 2197 1168 2228 A.
1203 2192 1382 2238 κηφήνων
1416 2199 1482 2229 etc.

145 2240 214 2276 τὸν
238 2238 429 2286 ἐναντίον]
453 2239 498 2276 τὸ
523 2239 550 2276 ἐ.
575 2242 661 2276 Lob.
682 2243 764 2277 Vat.
819 2241 919 2276 vind.
944 2241 987 2275 Ε.
999 2240 1172 2296 κιφῆνας
1196 2245 1262 2275 etc.
1287 2241 1387 2276 Vind.
1411 2242 1456 2276 F.

100 2289 150 2322 M.
174 2288 247 2322 Pal.
263 2291 305 2321 A.
329 2288 404 2322 τῶν
428 2285 605 2322 ἐναντίων
628 2289 710 2324 Ven.
721 2289 762 2324 B.
865 2285 938 2330 νὴ]
961 2284 1012 2330 μὰ
1040 2287 1117 2320 Vat.
1143 2287 1191 2320 M.

101 2334 201 2371 Vind.
226 2334 270 2368 E.
294 2335 373 2369 Vat.
398 2334 443 2369 H.
863 2331 983 2378 κύνα]
1009 2333 1105 2367 κῦνα
1128 2332 1228 2367 vind.
1254 2332 1294 2367 F.

148 2379 186 2414 οἱ
212 2379 356 2424 ἰατροὶ]
383 2378 529 2423 οἱατροὶ
551 2379 654 2414 Vind.
673 2381 714 2413 Β.
864 2378 939 2423 αύ]
971 2391 1036 2412 om.
1062 2379 1155 2412 Mon.
1184 2379 1224 2411 B.

148 2423 369 2471 βέλτιστον]
433 2426 622 2472 βελτίστον
684 2425 762 2460 Α1(1.
863 2422 1030 2467 ξενικούς
1054 2424 1116 2479 τε]
1142 2435 1182 2457 τε
1207 2436 1272 2458 om
1298 2423 1394 2458 Vind.
1415 2425 1455 2459 Β.
1508 2425 1542 2465 Ε

102 2473 184 2506 Bas.
209 2483 241 2507 a.
868 2469 968 2510 Τοὺς
991 2469 1031 2504 δὲ
1055 2467 1222 2504 αὐτόθεν
1246 2467 1313 2514 αρ’
1339 2467 1407 2504 ov'n
1431 2466 1479 2504 ἂν

148 2515 209 2557 Ὡς
241 2515 335 2552 ἔοικε
363 2537 411 2543 -—
432 2515 538 2553 εἶπον
561 2515 658 2564 ἐγὼ]
694 2530 760 2553 om.
817 2513 1025 2571 ἐθελήσειες
1059 2516 1172 2571 Πρῖςς
1184 2517 1195 2559 ]
1239 2516 1295 2555 τίς
1336 2514 1377 2556 δε
1412 2513 1479 2550 αὕ-

101 2564 175 2599 P-al.
200 2564 241 2598 A.
814 2561 932 2598 τόθεν
968 2560 1037 2596 οὐκ
1080 2557 1128 2595 ὂὶν
1163 2559 1348 2606 ἐθελήσειε
1386 2562 1478 2602 πῶς.

102 2608 318 2691 ..affirm
342 2605 683 2700 ἄεῑγςιαῇςῑ
703 2610 758 2644 ὠ
1239 2605 1464 2664 <-

149 2700 318 2758 δέδεται]
344 2668 488 2746 ἔέχεται
510 2704 591 2737 Bas.
625 2703 659 2735 b.
814 2666 1173 2756 vzc2391Vat.;‚BM.')
1199 2700 1256 2740 τίς
1289 2697 1329 2733 δὲ
1360 2667 1479 2734 αὐτό-

8 2742 89 2784 D
148 2745 201 2804 ἢ]
230 2744 254 2792 ἢ
280 2748 380 2783 vind.
403 2749 476 2782 EF.
502 2750 581 2782 Bas.
603 2749 657 2782 ab.
816 2749 886 2782 θεν
922 2739 989 2788 ἆρ’
1023 2743 1093 2780 οὐκ
1116 2744 1340 2802 ἐθελήσειεε
1377 2745 1480 2785 ⁷1:039.-

150 2795 280 2850 αυτῷ]
315 2792 433 2828 αὐτὸν
466 2794 551 2829 Lob.
576 2796 655 2829 Vat.
679 2793 761 2828 ΒΜ.
816 2794 896 2827 Par.
920 2792 998 2826 ΒΚ.
1035 2788 1126 2841 (ἄρ’
1151 2804 1219 2826 sec.
1231 2792 1349 2848 Bip.)
1384 2791 1479 2826 Flor.

150 2829 325 2886 φαύλων]
350 2840 467 2886 φίλων
489 2841 568 2875 Par.
593 2840 668 2874 DK.
816 2840 861 2874 U.
892 2838 930 2872 τί
955 2835 997 2872 δὲ
1028 2835 1194 2873 αὐτόθεν
1219 2835 1278 2882 ἄρ’
1304 2834 1373 2872 οὐκ
1397 2834 1478 2871 ἐθε-

1160 2895 1257 2937 G2
