1764 3176
261 121 329 146 1111
685 99 1220 143 PRAEFATIO

376 216 455 252 Non
480 215 582 250 facile
611 226 814 260 quemquam
839 215 1010 249 inventum
1028 215 1068 249 iri
1091 219 1272 259 putamus,
1303 215 1383 258 quin
1404 213 1563 248 tenebras
1583 212 1648 247 sibi

263 274 353 309 hunc
379 276 491 308 locum
516 272 711 316 inspicienti
733 272 878 316 primum
895 272 1025 305 offundi
1048 271 1187 307 sentiat.
1245 272 1377 307 Quibus
1405 270 1568 314 pellendis
1591 270 1649 312 qui

263 333 353 365 inter
379 331 470 374 ipsos
501 330 658 362 Graecos
685 329 840 362 Platonis
872 330 1025 362 asseclae
1044 339 1183 371 operam
1209 328 1392 372 dederunt,
1423 337 1491 360 non
1507 327 1648 359 multum

265 399 308 421 ex
326 398 443 421 eorum
463 385 577 419 studio
602 386 646 419 ad
665 396 727 419 nos
749 385 918 418 commodi
940 385 1162 426 redundavit,
1196 384 1484 418 declarationibus
1504 383 1569 416 illis
1589 385 1650 415 aut

263 444 395 488 pridem
426 454 467 477 ex
488 443 649 476 memoria
674 441 844 475 hominum
866 442 1043 474 exstinctis
1061 446 1121 474 aut
1142 452 1211 474 non
1228 442 1379 482 minore,
1408 450 1508 483 quam
1529 439 1650 482 quibus

264 499 490 534 dilucidandis
508 499 729 539 inservirent,
759 499 969 531 obscuritate
989 498 1222 531 laborantibus
1255 502 1315 530 aut
1334 498 1423 539 alio,
1452 506 1554 539 quam
1581 505 1649 537 quo

264 568 350 600 opus
371 560 467 597 erat,
495 556 647 589 intentis.
705 554 825 597 Neque
844 555 1028 598 Italorum,
1058 555 1114 597 qui
1135 555 1252 587 seculo
1274 566 1293 587 a
1314 553 1449 587 Christo
1472 557 1552 585 nato
1569 551 1650 585 XV.

263 613 400 646 Platoni
420 612 526 645 dediti
549 612 583 644 in
602 612 741 654 eiusque
761 612 896 653 scriptis
918 611 1070 653 legendis
1099 615 1133 643 et
1151 611 1416 654 interpretandis
1432 609 1534 642 defixi
1552 611 1652 641 erant

263 670 477 710 Florentiae,
509 678 713 711 quemquam
744 668 904 701 credibile
939 672 991 700 est
1023 666 1119 700 huius
1138 668 1203 700 loci
1228 668 1448 710 interpretem
1467 665 1650 705 exstitisse,

264 731 445 770 postquam
474 725 544 758 dux
571 736 612 758 ac
641 725 800 767 princeps
822 734 960 767 eorum,
990 723 1163 757 Marsilins
1179 724 1338 765 Fichrus,
1369 725 1442 766 plus
1464 732 1540 755 eum
1561 721 1652 754 diffi-

265 783 427 824 cultatis,
457 792 559 824 quam
593 781 753 825 ponderis
784 780 912 813 habere
934 785 969 813 et
993 781 1149 823 Apolline
1168 781 1354 823 interprete
1375 790 1477 822 egere
1500 778 1652 811 iudicas-

264 844 339 879 set;
370 840 443 882 ipse
475 848 556 871 vero
579 837 670 880 quod
690 838 894 880 promiserat
912 837 945 870 iu
968 837 1220 870 Commentario
1248 848 1350 880 super
1375 837 1518 871 Timaeo
1545 834 1589 868 de
1609 844 1651 867 eo

264 896 367 930 verba
395 894 565 928 facturum
592 905 660 927 non
687 894 867 936 praestitit.
926 894 972 926 At
1001 895 1117 927 seculo
1136 894 1230 927 XVI.
1258 894 1325 927 duo
1344 893 1469 937 reperti
1490 896 1569 925 sunt
1589 890 1652 923 viri

264 952 378 994 docti,
407 961 550 994 quorum
577 961 683 993 opera
708 951 861 993 partibus
888 951 1056 983 nonnullis
1082 951 1139 983 lux
1169 951 1352 991 affulserit,
1384 949 1477 993 prior
1506 947 1652 981 lacobus

263 1009 378 1042 Faber
415 1008 651 1051 Stapulensis,
694 1007 726 1040 in
761 1007 1010 1040 Commentario
1049 1018 1153 1050 super
1192 1007 1385 1041 Aristotelis
1428 1005 1652 1039 Politicorum

265 1067 384 1111 quinto
417 1065 460 1097 ab
489 1065 563 1107 ipso
589 1065 772 1097 Aristotele
801 1064 986 1096 occasione
1007 1062 1087 1096 data
1107 1063 1263 1096 Platonis
1280 1072 1456 1096 numerum
1479 1061 1653 1104 explicare

264 1126 429 1162 conatus,
458 1122 544 1154 alter
564 1121 768 1153 Franciscus
789 1120 952 1153 Barocius
971 1120 1143 1164 Venetus,
1173 1120 1353 1162 singularis
1380 1119 1423 1152 de
1448 1118 1568 1151 eodem
1588 1127 1653 1150 nu-

263 1189 357 1212 mero
378 1178 479 1210 libelli
502 1182 642 1223 auctor,
673 1177 707 1209 in
733 1187 799 1219 quo
819 1187 920 1219 quum
942 1177 1106 1218 aliorum,
1135 1177 1288 1220 inprimis
1306 1176 1434 1219 Fabri,
1466 1179 1537 1207 tum
1556 1183 1654 1207 suam

263 1235 491 1276 sententiam,
520 1245 589 1267 non
618 1233 802 1266 admodum
838 1234 928 1266 illam
949 1244 968 1266 a
986 1233 1099 1266 Fabro
1121 1233 1392 1276 discrepantem,
1422 1231 1655 1274 copiosissime

264 1291 435 1335 exposuit.
497 1290 571 1324 Nec
601 1295 721 1333 postea
739 1289 919 1322 defuerunt
945 1290 1000 1332 qui
1023 1289 1236 1332 expediendo
1263 1299 1405 1322 numero
1431 1298 1571 1331 operam
1591 1287 1654 1319 da-

263 1353 363 1390 rent,
393 1347 453 1380 sed
480 1358 580 1381 nemo
611 1347 839 1390 probabiliora
865 1347 1018 1387 invenit,
1048 1357 1148 1388 quam
1184 1347 1362 1381 Barocius.
1428 1345 1549 1387 Itaque
1577 1353 1653 1376 cum

264 1405 412 1438 Barocio
434 1404 530 1437 nobis
555 1414 611 1436 res
636 1403 693 1440 sit,
751 1403 820 1438 Qui
843 1403 892 1436 vir
911 1413 1013 1446 quum
1032 1404 1131 1445 vulgo
1148 1414 1214 1436 non
1237 1403 1319 1435 satis
1341 1405 1441 1436 notus
1458 1402 1525 1444 sit,
1554 1403 1655 1433 ante-

265 1471 366 1505 quam
388 1460 467 1504 quid
489 1460 636 1494 senserit
658 1459 701 1493 de
721 1461 796 1493 loco
818 1459 973 1493 Platonis
991 1460 1145 1504 afferam,
1176 1460 1250 1502 quis
1268 1458 1371 1492 fuerit
1386 1458 1532 1492 breviter
1546 1456 1655 1499 signi-

264 1519 388 1552 ficabo.
445 1517 527 1550 Fuit
545 1517 684 1550 natione
706 1517 870 1557 Venetus,
900 1521 1003 1558 gente
1024 1517 1169 1560 patricia
1189 1521 1297 1557 ortus,
1325 1515 1447 1548 litteris
1466 1526 1485 1548 a
1508 1513 1656 1558 pueritia.

263 1574 411 1608 deditus.
467 1574 507 1606 In
530 1572 743 1616 philosophia
765 1573 921 1606 Marcum
940 1572 1125 1606 Antonium
1142 1573 1376 1614 Passerinum,
1409 1572 1443 1606 in
1464 1570 1656 1604 mathema-

264 1632 334 1664 tica
354 1631 496 1663 Petrum
513 1630 682 1663 Catenam
699 1629 831 1662 Patavii
848 1634 1089 1673 praeceptores
1108 1629 1237 1667 habuit.
1294 1630 1381 1662 Post
1398 1638 1524 1662 aunum
1538 1626 1653 1660 MDL.

264 1688 299 1721 in
321 1687 501 1731 gymnasio
521 1686 710 1726 Patavino,
740 1685 863 1718 deinde
883 1687 916 1719 in
943 1686 1153 1728 Bononiensi
1175 1685 1347 1729 professor
1367 1684 1562 1718 matheseos
1579 1682 1656 1723 fuit,

264 1749 385 1787 postea
412 1743 504 1775 urbis
523 1742 646 1775 Iadrae
666 1742 699 1774 in
723 1742 895 1775 Dalmatia
913 1742 1129 1785 praefectus,
1161 1743 1215 1775 cui
1237 1742 1440 1775 muniendae
1457 1740 1656 1781 studiosius,

267 1811 369 1843 quam
405 1809 528 1842 corpus
558 1800 720 1832 affectum
745 1802 938 1842 pateretur,
978 1799 1146 1831 intentum
1171 1802 1289 1831 aetate
1313 1798 1463 1831 nondum
1491 1800 1656 1840 provecta

264 1861 438 1891 mortuum
467 1855 584 1888 scribit
600 1855 763 1888 Moletius
794 1865 884 1887 anno
903 1854 1117 1888 MDLXXII.
1176 1855 1304 1888 Contra
1332 1865 1374 1887 ex
1392 1854 1497 1897 ipsius
1519 1853 1657 1895 seriptis

265 1913 353 1948 effici
388 1916 509 1945 auctor
537 1917 590 1945 est
606 1912 813 1945 Foscarinus
833 1911 877 1944 ad
897 1915 1047 1944 aetatem
1070 1911 1280 1954 decrepitam
1300 1921 1407 1953 usque
1433 1910 1555 1943 litteris
1577 1919 1655 1942 eum

264 1970 436 2004 studuisse
452 1979 582 2002 summa
603 1978 679 2001 cum
700 1968 888 2009 industria,
918 1968 1040 2001 itinera
1070 1978 1131 2011 per
1155 1968 1316 2011 Europae
1348 1968 1518 2009 Asiaeque
1539 1966 1655 2008 regio-

265 2037 327 2062 nes
354 2026 496 2067 secisse,
528 2027 716 2058 litterarum
748 2025 988 2058 commercium
1017 2023 1174 2058 habuisse
1195 2035 1270 2057 cum
1301 2024 1506 2057 doctissimis
1523 2023 1654 2056 Trans-

266 2084 457 2125 alpinorum
479 2086 513 2115 et
544 2083 648 2115 miros
676 2081 832 2115 fortunae
859 2092 959 2114 casus
980 2081 1134 2114 subiisse.
1189 2081 1322 2114 Firmat
1347 2080 1432 2114 haec
1453 2084 1487 2113 et
1505 2079 1655 2122 explicat

266 2138 544 2180 MazzuchelluS,
575 2139 731 2181 magicae
756 2139 838 2171 artis
869 2138 1133 2171 condemnatum
1164 2148 1252 2170 anno
1284 2137 1567 2171 MDLXXXVII.
1593 2146 1657 2179 pe-

268 2197 367 2230 cunia
387 2200 422 2229 et
447 2196 587 2229 vinculis
609 2196 786 2229 multatum
811 2199 956 2230 testans.
1016 2195 1198 2228 Caeterum
1227 2195 1284 2227 diu
1302 2195 1427 2227 vixisse
1449 2193 1573 2226 Cretae
1590 2192 1656 2225 ibi-

268 2263 334 2296 que
352 2252 556 2295 aliquando,
587 2263 690 2295 quum
719 2252 865 2284 maxima
886 2251 1024 2284 siccitas
1042 2255 1154 2292 esset,
1184 2251 1357 2293 ingentem
1372 2251 1436 2283 vim
1456 2250 1588 2293 pluviae
1613 2248 1656 2281 de

266 2310 365 2343 coelo
382 2309 574 2342 deduxisse.
633 2309 787 2351 Reliquit
808 2318 966 2350 magnam
989 2308 1142 2342 codicum
1162 2318 1260 2340 manu
1282 2308 1488 2350 scriptorum
1509 2306 1655 2349 copiam,

269 2376 354 2408 quos
385 2366 428 2398 ab
457 2366 528 2398 eius
565 2369 691 2408 nepote
717 2365 905 2407 eodemque
934 2363 1059 2398 herede
1087 2365 1213 2398 Iacobo
1241 2369 1349 2397 emtos
1370 2362 1500 2405 Anglus
1530 2363 1656 2395 Comes

268 2422 515 2455 Pembrocinus
533 2421 759 2454 bibliothecae
772 2422 959 2454 Oxoniensi
972 2421 1112 2454 donavit
1123 2431 1212 2454 anno
1223 2420 1501 2454 MDCXXVIIII.
1516 2420 1573 2462 qui
1592 2418 1655 2451 ad-

269 2477 335 2511 huc
351 2478 531 2510 Barociani
553 2479 780 2511 nominantur.
837 2479 916 2521 Ipse
944 2478 1049 2511 edidit
1082 2479 1261 2511 Orationes
1290 2478 1324 2510 in
1357 2476 1493 2509 laudem
1520 2473 1656 2509 mathe-

269 2534 418 2568 maticae
447 2539 481 2567 et
508 2533 764 2578 philosophiae,
794 2535 910 2567 Procli
933 2535 1186 2568 commentaria
1211 2534 1247 2567 in
1264 2534 1385 2567 librum
1403 2534 1555 2577 primum
1579 2532 1656 2565 Eu·-

271 2591 372 2625 clidis
394 2591 517 2623 Latine
535 2592 636 2624 vertit
663 2602 706 2624 ex
725 2591 900 2624 codicibus
922 2592 1028 2624 multo
1049 2591 1291 2633 integrioribus
1314 2594 1348 2624 et
1365 2589 1656 2623 emendatioribus

270 2651 367 2681 textu
387 2648 535 2689 vulgato,
554 2648 634 2680 item
652 2648 801 2681 Heronis
820 2648 960 2681 Librum
985 2648 1026 2682 de
1045 2647 1216 2680 machinis
1234 2648 1363 2680 bellicis
1381 2651 1413 2681 et
1428 2645 1655 2691 geodaesiam

272 2715 292 2737 e
314 2703 432 2736 codice
452 2705 624 2737 transtulit
642 2703 846 2747 scholiisque
864 2705 1064 2745 illustravit,
1094 2704 1137 2736 de
1158 2703 1437 2748 Cosmographia
1449 2703 1551 2736 libros
1577 2701 1655 2735 1111.

272 2760 429 2803 vulgavit.
478 2759 549 2794 Sed
566 2761 714 2794 maxime
729 2760 967 2795 delectabatur
986 2761 1085 2796 nodis
1101 2760 1270 2795 solvendis
1287 2761 1427 2804 eiusque
1444 2759 1569 2793 amoris
1588 2758 1654 2792 tria
