1764 3176
252 162 476 192 Lxxxxnu
686 145 1217 189 PRAEFATIO

251 271 418 310 maxime
459 269 656 322 insignem
690 268 902 315 redderet,
952 268 1043 321 ipse
1073 282 1096 307 a
1125 267 1245 320 vulgo
1272 269 1462 319 tyrannos
1493 266 1637 307 felices

251 361 506 414 praedicante
541 373 657 412 quam
683 359 917 412 longissime
949 359 1160 399 recederet
1189 372 1340 411 eaque,
1384 372 1487 411 quae
1517 371 1640 411 super

251 453 315 492 his
337 453 533 504 disputata
560 455 716 498 essent,
752 453 792 491 in
820 452 960 490 animis
993 455 1033 490 et
1060 451 1252 490 memoria
1282 450 1490 490 hominum
1522 463 1639 502 quam

253 544 445 583 altissime
460 544 718 594 imprimeret.
783 542 997 582 Praeterea
1017 544 1199 582 virtutem
1216 542 1464 582 reconditam
1486 543 1637 594 septin-

252 639 463 688 gentorum
483 634 748 686 undetriginta
771 635 925 673 numeri
947 648 1026 673 non
1049 636 1089 673 in
1111 635 1251 686 vulgus
1275 634 1433 683 efferre,
1470 634 1544 673 sed
1564 633 1638 673 do-

255 728 329 767 ctis
359 730 399 766 et
425 726 682 765 familiaribus
714 726 938 777 significare
967 726 1049 764 hoc
1078 726 1170 765 dato
1198 726 1523 765 commodissimo
1546 725 1640 764 loco

254 818 430 858 voluisse
450 821 491 857 et
510 821 727 870 propterea
744 817 854 856 illum
875 818 1010 870 potius
1023 847 1036 865 ,
1073 831 1189 870 quam
1210 819 1341 866 alium,
1379 818 1446 869 qni
1467 829 1515 857 ex
1534 816 1641 870 tripli

255 910 375 962 triplo
410 911 647 957 exsisteret,
685 910 858 960 elegisse
879 910 1044 949 videtur.
1115 901 1186 948 Ille
1208 910 1311 948 enim
1330 909 1364 947 is
1388 911 1471 956 est,
1513 908 1579 959 qui
1602 911 1643 947 et

258 1015 403 1040 annum
423 1004 463 1040 et
485 1014 666 1039 mensem
689 1004 730 1039 et
749 1001 854 1039 diem
876 1004 916 1040 et
935 1004 1096 1040 noctem
1120 1002 1180 1041 sic
1198 1001 1383 1048 metitur,
1419 1003 1463 1038 ut
1481 1003 1640 1052 tempo-

257 1094 312 1131 ris
336 1094 494 1145 partitio
518 1093 701 1144 proxime
721 1092 770 1131 ad
792 1106 891 1141 eam,
916 1106 992 1144 qua
1010 1091 1134 1130 hodie
1151 1093 1308 1140 utimur,
1331 1090 1527 1131 accedens
1550 1090 1644 1130 inde

258 1184 560 1236 proficiscatur,
607 1185 718 1224 cuius
758 1185 982 1237 partitionis
1021 1184 1165 1223 veritas
1207 1183 1326 1222 simul
1356 1183 1574 1223 clarissima
1604 1183 1646 1222 in

257 1276 349 1314 luce
372 1275 568 1315 collocata
589 1279 769 1329 apparet.
841 1275 978 1328 Itaque
1010 1276 1091 1314 hoc
1118 1288 1285 1314 numero
1307 1275 1443 1327 posito
1464 1275 1499 1313 si
1521 1288 1643 1326 quae-

257 1372 386 1415 ratur,
424 1370 571 1418 quanto
601 1368 759 1408 felicius
790 1371 958 1419 tyranno
986 1368 1088 1406 vivat
1112 1379 1209 1415 rex,
1244 1367 1483 1418 responderi
1510 1370 1649 1419 potest

257 1458 492 1498 tantundem
521 1459 618 1498 huic
647 1459 812 1511 singulis
843 1460 1026 1507 minutis,
1074 1472 1170 1510 quas
1201 1458 1391 1507 dicimus,
1434 1459 1647 1511 voluptatis

258 1553 502 1602 suppetere,
541 1554 729 1602 quantum
757 1551 814 1590 ilfi
843 1552 939 1590 totis
972 1550 1137 1598 diebus,
1171 1550 1418 1602 singulisque
1444 1550 1506 1589 vel
1533 1550 1646 1590 horis

257 1642 322 1681 vel
342 1642 483 1681 diebus
515 1642 751 1681 noctibusve
780 1645 1016 1694 perceptam
1036 1642 1082 1680 ab
1106 1641 1187 1680 hoc
1208 1642 1452 1693 voluptatem
1477 1654 1648 1693 aequare

259 1733 362 1772 illius
388 1737 631 1773 menstruam
658 1735 723 1773 vel
752 1747 932 1774 annuam.
1003 1733 1137 1785 Atque
1165 1734 1269 1773 hanc
1301 1746 1378 1785 ego
1405 1734 1645 1773 convenien-

260 1825 356 1864 tiam
394 1827 549 1864 numeri
594 1829 634 1865 et
674 1827 778 1865 vitae
819 1826 965 1864 dictam
1003 1839 1026 1864 a
1067 1824 1236 1864 Platone
1273 1826 1480 1877 suspicor,
1533 1837 1650 1876 quam

263 1916 657 1956 Schleiermacherus
685 1931 767 1956 non
801 1916 878 1956 alio
912 1919 1096 1968 spectare
1131 1920 1262 1965 ratus,
1310 1917 1386 1955 nisi
1415 1929 1488 1964 eo,
1541 1915 1650 1968 quod

264 2009 609 2061 septingentorum
634 2009 903 2061 undetriginta
929 2009 1133 2047 dimidium
1164 2009 1215 2047 sit
1240 2010 1511 2048 trecentorum
1531 2020 1647 2047 sexa·

263 2101 372 2153 ginta
395 2101 569 2152 quinque
590 2113 800 2149 numerus,
837 2102 993 2140 inanem
1021 2100 1128 2139 hunc
1163 2099 1294 2138 lusum
1324 2099 1460 2139 dicere
1485 2102 1647 2139 coactus

266 2195 330 2231 est
348 2195 588 2244 propterea,
625 2192 733 2243 quod
760 2193 826 2243 qui
851 2193 958 2231 inter
974 2205 1112 2244 regem
1138 2195 1178 2231 et
1195 2195 1403 2243 tyrannum
1423 2191 1650 2244 interpositi

263 2284 345 2323 sint
360 2284 535 2322 virorum
552 2284 656 2323 vitae
677 2284 816 2323 eadem
835 2296 1021 2323 mensura
1042 2297 1161 2335 quum
1183 2284 1481 2333 contineantur,
1516 2286 1650 2323 tamen

266 2388 393 2426 aeque
412 2377 714 2415 convenientem
734 2389 942 2415 numerum
960 2388 1041 2415 non
1060 2375 1246 2424 habeant,
1273 2372 1434 2431 (Wemz
1453 2374 1552 2414 aber
1568 2373 1648 2413 So·-

263 2466 401 2506 kraces
429 2467 608 2507 hernach
637 2468 798 2517 riihmt,
829 2466 925 2507 dass
951 2480 996 2507 er
1009 2469 1089 2520 fiir
1111 2467 1283 2507 diesmal
1304 2468 1397 2506 eine
1416 2479 1498 2520 gar
1518 2479 1648 2519 (mge-

264 2571 449 2598 messene
480 2559 588 2598 Zalzl
614 2559 986 2612 herausgebraclzt:
1030 2573 1075 2598 so
1104 2559 1177 2598 hat
1206 2571 1250 2598 er
1277 2559 1382 2598 wohl
1409 2558 1474 2597 bei
1497 2558 1651 2597 seinem

273 2649 409 2689 Winlce
431 2650 513 2702 ans
532 2649 600 2689 die
624 2651 775 2690 Zeiten
804 2651 1037 2691 schwerlich
1068 2656 1194 2690 etwas
1225 2649 1401 2689 anderes
1427 2651 1482 2689 im
1504 2648 1650 2696 Smne,

268 2742 331 2781 als
349 2741 445 2780 dass
460 2741 546 2780 729
569 2741 645 2781 das
666 2741 862 2796 doppelte
883 2744 937 2782 ist
956 2755 1037 2783 von
1058 2740 1169 2790 365,
1204 2740 1316 2781 deun
1343 2743 1411 2781 ein
1429 2738 1652 2794 fehlendes

269 2832 383 2873 ward
417 2833 675 2874 bekanntlich
695 2834 761 2874 bei
787 2833 868 2874 den
889 2833 1096 2875 Grieclzen
1116 2834 1161 2874 in
1179 2833 1344 2874 socchen
1365 2833 1516 2873 Fc’illen
1538 2831 1652 2871 nicht
