1764 3176
272 131 467 157 xxxxnn
715 114 1244 160 PRAEFATIO

270 230 361 273 quod
391 229 570 273 triplicatis
589 230 750 264 lateribus
769 230 836 265 τοῦ
865 228 1055 274 πυθμένος
1075 233 1283 276 sesquitertii
1295 258 1307 278 ,
1340 237 1541 266 excrescant
1562 244 1663 276 super

268 287 511 328 Diatessaron,
540 287 770 322 Semiditonus
800 300 875 322 cum
904 290 1093 332 Diapente,
1136 295 1171 323 et
1203 291 1378 333 Diapason
1410 301 1485 323 cum
1526 291 1663 323 semidi-

269 347 370 385 tono,
402 343 435 376 id
455 348 526 386 est,
559 346 703 386 septima
722 349 757 378 et
776 345 907 378 decima
925 357 1027 389 super
1048 351 1224 388 quartam,
1255 351 1292 379 ut
1317 357 1405 379 nunc
1434 347 1534 387 vulgo
1556 348 1665 389 loqui-

268 409 353 434 mur.
414 400 488 432 Etsi
510 400 598 433 enim
614 401 688 434 aliis
710 401 850 435 Musicis
871 403 1015 435 modulis
1035 403 1245 436 intervallum
1264 399 1342 451 Ξὲῼ-
1361 403 1503 435 rationis
1524 405 1662 446 explere

264 466 462 499 possemus,
505 460 619 490 tamen
647 458 728 491 illud
760 459 896 492 minime
924 459 1117 492 faciendum
1145 471 1220 493 esse
1249 470 1438 492 censemus.
1474 459 1542 501 (sic
1571 458 1662 493 haud

263 512 365 545 dubie
391 513 527 555 scripsit
545 513 730 555 Matthias,
761 516 934 558 triplicata
965 517 1073 548 latera
1096 517 1200 549 cubos
1220 516 1337 549 dicens
1361 515 1501 549 ternarii
1523 520 1557 548 et
1577 527 1662 558 qua-

264 569 426 610 ternarii,
457 580 599 611 quorum
628 572 685 603 illa
713 572 802 604 ratio
829 576 892 605 est.
952 572 989 605 ln
1019 573 1104 605 libro
1124 574 1252 605 numeri
1271 573 1314 616 2,
1349 573 1391 604 10
1414 576 1448 604 et
1466 571 1510 603 27
1532 576 1662 606 temere

265 625 435 668 dissipati,
467 627 510 658 10
529 633 610 659 ante
632 627 720 669 Etsi,
751 627 774 660 Ξ
797 632 877 661 ante
896 629 1055 671 rationis,
1091 628 1134 662 27
1154 633 1233 662 ante
1244 629 1450 672 faciendum
1469 629 1659 672 leguntur.)

264 682 367 717 Quod
386 681 541 715 Platonis
562 686 756 717 sententiae
776 685 885 726 magis
916 686 1119 718 conveniunt
1138 684 1358 726 harmoniae,
1388 696 1472 728 quas
1494 686 1661 728 praebent

264 738 343 771 bina
367 739 478 772 media
495 741 774 782 proportionalia,
804 752 892 783 quae
909 742 997 775 inter
1023 743 1194 784 triplicata
1212 743 1320 775 latera
1345 742 1506 776 existunt.
1564 740 1660 775 Alio-

265 795 323 837 qui
344 796 433 828 enim
453 796 567 838 plures
589 795 786 831 harmoniae
804 808 905 840 quam
924 799 1012 831 duae
1035 799 1240 831 accederent
1259 799 1500 841 sesquitertiae
1520 799 1659 833 rationi.

265 850 484 894 Appellemus
509 852 611 895 igitur
632 854 717 887 duas
743 853 937 887 harmonias
973 855 1136 897 peculiari
1160 855 1279 888 modo:
1313 856 1552 888 semiditonum
1583 866 1659 888 cum

264 907 450 951 diapente,
481 913 516 941 et
543 909 715 952 Diapason
739 921 814 943 cum
834 911 1050 944 semiditono.
1110 911 1262 954 Quarum
1293 912 1481 954 posterior,
1512 910 1577 944 hoc
1595 915 1660 954 est,

266 964 410 1005 decima,
441 965 504 997 etsi
528 977 547 998 a
571 967 767 1000 cantoribus
792 978 854 1010 pro
875 966 1051 1000 harmonia
1070 967 1232 1001 habetur:
1263 972 1378 1001 tamen
1401 968 1537 1009 Musici,
1558 979 1660 1010 prae-

265 1022 382 1054 sertim
400 1020 651 1065 Pythagorici,
683 1034 759 1056 eam
785 1024 942 1057 reiiciunt
974 1028 1135 1066 tanquam
1161 1035 1299 1067 prorsus
1321 1025 1492 1057 dissonam
1509 1049 1518 1066 ,
1549 1025 1658 1067 ipsum

264 1078 439 1120 Diapason
474 1079 707 1113 excedentem.
767 1080 950 1113 Caeterum
984 1081 1207 1114 semiditonus
1240 1091 1316 1114 cum
1335 1082 1504 1124 Diapente
1520 1091 1581 1114 seu
1602 1092 1659 1115 se-

263 1134 392 1177 ptima,
423 1145 490 1168 uno
527 1146 587 1169 ore
617 1137 660 1169 ab
690 1137 844 1170 omnibus
872 1141 906 1170 et
929 1137 1068 1170 Musicis
1108 1144 1144 1170 et
1163 1139 1359 1171 cantoribus
1388 1138 1478 1170 inter
1497 1137 1658 1171 stridulas

263 1190 482 1234 symphonias
510 1193 678 1226 abiicitur.
749 1194 894 1226 Constat
935 1194 1055 1236 igitur,
1085 1194 1346 1236 Sesquitertiam
1376 1195 1542 1227 rationem
1580 1194 1657 1227 dul-

264 1247 372 1280 cisoni
389 1248 611 1282 Diatessaron
647 1253 700 1282 ter
728 1251 973 1293 compositam,
1004 1251 1171 1293 praebere
1193 1250 1278 1283 duas
1307 1251 1556 1292 dissonantias,
1582 1261 1657 1283 ma-

264 1304 355 1337 xime
373 1305 558 1338 secundum
579 1306 828 1349 Pythagoram,
858 1308 878 1339 a
899 1318 965 1349 quo
981 1307 1082 1340 Plato
1110 1308 1253 1350 plurima
1275 1318 1491 1340 numerorum
1517 1307 1656 1341 theore-

262 1364 356 1393 mata
381 1362 535 1404 sumpsit,
565 1361 749 1397 harmoniis
766 1352 1039 1404 accommodata,
1068 1363 1170 1405 idque
1191 1375 1258 1397 non
1286 1365 1419 1400 iniuria,
1478 1363 1656 1406 Pythago-

262 1428 319 1450 ras
349 1418 437 1451 enim
466 1419 621 1452 inventor
642 1421 776 1452 illarum
800 1421 990 1462 rationum,
1022 1424 1057 1453 et
1080 1431 1229 1453 summus
1251 1421 1374 1453 artifex
1393 1421 1465 1453 fuit.
1524 1420 1577 1453 Ad
1599 1431 1656 1454 se-

263 1474 406 1507 cundam
430 1476 663 1517 quaestionem
688 1477 879 1519 respondeo
901 1477 1011 1509 verbis
1032 1477 1198 1519 Platonis,
1229 1477 1320 1519 quod
1342 1479 1418 1510 illae
1447 1478 1655 1510 mutationes

261 1531 366 1571 fiant,
397 1531 532 1573 quando
560 1525 579 1564 ὁ
600 1528 755 1574 πυθμὴν
787 1534 1024 1575 sesquitertius
1059 1534 1271 1576 triplicatur,
1301 1535 1372 1567 sive
1390 1538 1428 1567 ut
1452 1535 1655 1567 Aristoteles

260 1587 430 1629 loquitur,
461 1589 598 1630 quando
632 1600 793 1624 numerus
825 1590 1083 1632 diagrammatis
1111 1590 1180 1622 sive
1213 1590 1436 1632 quadranguli
1457 1591 1494 1623 fit
1513 1590 1655 1632 solidus,

261 1643 326 1676 hoc
347 1648 417 1684 est,
453 1643 539 1677 1728
560 1647 668 1679 annis.
726 1646 826 1679 Haec
852 1651 890 1679 ut
919 1647 1150 1689 explicentur,
1181 1650 1216 1679 et
1245 1652 1431 1689 appareat,
1461 1657 1541 1680 num
1569 1646 1655 1680 haec

260 1701 356 1733 recte
373 1711 415 1733 ex
434 1702 605 1734 sententia
626 1703 782 1735 Platonis
809 1704 1047 1746 protulerimus
1063 1729 1072 1743 ,
1106 1713 1247 1736 necesse
1269 1707 1322 1736 est
1352 1715 1414 1737 nos
1433 1704 1529 1737 initio
1549 1714 1653 1746 quae-

260 1756 339 1789 dam
361 1758 526 1790 vocabula
548 1759 730 1801 explicare.
768 1760 886 1792 Primo
906 1760 1041 1802 quidem
1060 1756 1125 1791 τὸν
1145 1756 1322 1800 πυθμένα
1340 1771 1406 1793 non
1431 1761 1524 1794 recte
1542 1764 1654 1793 verte-

260 1817 340 1846 runt
361 1814 494 1847 cubum.
553 1815 667 1857 lpsum
687 1815 776 1848 enim
796 1817 1009 1858 vocabulum,
1036 1816 1176 1858 proprie
1197 1816 1365 1857 significat
1383 1816 1653 1859 fundamentum,

260 1879 321 1903 seu
342 1869 495 1915 fundum,
513 1871 582 1904 sive
602 1874 791 1905 extremum
810 1872 951 1905 alicuius
966 1873 1129 1915 corporiS,
1153 1872 1243 1914 quod
1268 1883 1385 1905 revera
1401 1884 1441 1906 ex
1453 1873 1655 1906 Geometria

262 1930 400 1959 constat
421 1938 495 1960 esse
512 1929 737 1970 superficiem.
796 1930 1017 1972 Quapropter
1037 1928 1184 1961 sciamus
1207 1929 1387 1962 Platonem
1403 1929 1468 1962 hoc
1487 1930 1653 1963 vocabulo

261 1984 475 2026 superficiem
494 1985 688 2026 significare
701 2009 710 2025 ,
744 1990 778 2017 et
798 1985 933 2027 quidem
963 1985 1254 2027 quadrangulum,
1281 1986 1369 2019 sicut
1387 1986 1493 2028 liquet
1512 1997 1554 2019 ex
1572 1984 1651 2018 Ari-

261 2038 408 2081 stotele,
439 2041 494 2083 qui
515 2036 581 2072 τὸν
603 2037 778 2082 πυθμένα
802 2052 862 2083 per
883 2043 1083 2075 vocabulum
1105 2041 1372 2083 dlagrammatos
1389 2043 1556 2085 explicat,
1586 2053 1653 2085 quo

260 2097 417 2130 absolute
438 2097 492 2130 hic
509 2098 724 2139 significatur
738 2099 1030 2141 quadrangulum,
1062 2101 1213 2140 quamvis
1246 2103 1281 2132 et
1309 2100 1393 2132 alias
1424 2100 1556 2142 species
1578 2100 1653 2142 pla-

261 2164 382 2186 narum
414 2155 598 2196 figurarum
629 2153 906 2197 comprehendat.
938 2153 1087 2196 συζυγία
1113 2159 1225 2187 autem
1266 2156 1411 2197 quinarii
1440 2157 1476 2188 fit
1497 2156 1653 2199 per-dia-

261 2211 439 2252 gonalem,
471 2210 652 2244 habentem
678 2212 826 2253 quinque
855 2217 970 2255 partes
1007 2212 1231 2254 coniugantes
1254 2212 1320 2245 duo
1346 2213 1479 2254 latera,
1509 2223 1652 2255 quorum

260 2267 405 2299 alterum
425 2272 513 2309 tres,
545 2269 688 2300 alterum
711 2273 857 2310 quatuor
876 2269 979 2302 habet
998 2273 1124 2310 partes.
1183 2268 1346 2310 Sequitur
1374 2270 1407 2301 in
1435 2270 1556 2310 textu,
1583 2263 1652 2301 δύο

262 2317 446 2364 ἁρμονίας
467 2321 677 2366 παρέχεται.
736 2326 836 2360 Quae
852 2326 951 2359 verba
973 2329 1080 2358 totam
1103 2325 1258 2358 Platonis
1278 2326 1483 2358 sententiam
1505 2326 1653 2358 Cimme-

260 2380 320 2412 riis
346 2381 495 2413 tenebris
529 2381 687 2415 videntur
718 2382 911 2424 involvere,
942 2383 990 2415 ita
1015 2386 1053 2414 ut
1084 2385 1192 2414 totum
1226 2381 1353 2414 dictum
1374 2382 1463 2414 foliis
1491 2382 1652 2424 Sibyllae,

261 2441 321 2469 aut
336 2437 529 2478 aenigmate
553 2437 715 2480 Sphingis
744 2438 900 2472 videatur
927 2438 1116 2472 obscurius.
1177 2439 1358 2473 Quomodo
1380 2436 1469 2471 enim
1485 2439 1517 2471 id
1535 2439 1568 2471 in
1588 2438 1653 2472 hac

261 2503 376 2526 rerum
397 2499 518 2526 natura
550 2495 708 2536 possibile
728 2495 809 2528 est?
846 2497 897 2529 vel
920 2497 1053 2529 ratione
1080 2505 1317 2538 numerorum,
1348 2496 1400 2528 vel
1423 2496 1652 2537 cuiuscunque

261 2550 482 2592 quantitatis,
515 2550 776 2593 Sesqnitertiam
802 2553 969 2586 rationem
998 2551 1257 2594 componendo,
1286 2553 1338 2585 vel
1364 2563 1465 2584 unam
1486 2552 1652 2594 praebere

260 2605 500 2639 harmoniam?
530 2607 567 2640 Id
590 2609 678 2640 enim
699 2608 905 2651 impossibile
930 2613 982 2642 est
1000 2619 1043 2642 ex
1060 2607 1293 2650 Pythagorica
1317 2609 1526 2648 definitione,
1555 2612 1589 2641 et
1609 2619 1651 2641 ex

260 2662 416 2696 doctrina
437 2664 704 2706 proportionum.
763 2666 860 2698 Sicut
889 2667 977 2699 enim
1012 2666 1182 2708 Diapente
1212 2666 1479 2708 quotiescunque
1501 2668 1651 2705 auctum,

260 2730 327 2753 non
358 2721 501 2763 praebet
530 2721 632 2754 ullam
660 2723 942 2765 consonantiam,
981 2723 1029 2757 ita
1069 2733 1133 2756 nec
1167 2722 1410 2757 Diatessaron:
1459 2722 1538 2765 quia
1565 2732 1649 2755 neu-
