1764 3176
158 85 212 124 36
798 86 941 124 Volum.
973 86 1016 126 11.

381 199 417 245 b,
448 200 471 238 5
503 212 524 235 a
555 198 580 233 f.
618 202 703 248 post
743 194 805 235 διὸ
845 198 989 235 inseras
1018 197 1102 236 Par.
1135 199 1177 237 A.
1211 197 1283 235 Dii.
1311 199 1398 235 item
1425 212 1462 249 p.
1492 196 1590 244 430,
1621 214 1657 246 a,

410 257 434 294 9
464 268 486 291 a
515 255 539 290 f.
570 259 659 304 post
687 256 844 293 τοιοῦτο

160 310 406 361 Pag.430‚b‚
444 312 492 350 18
522 323 591 360 pro
617 312 717 346 circa
743 310 846 358 legas
878 311 976 347 circa

405 367 456 407 25
484 371 573 416 post
604 361 813 418 τάλλότρια
843 368 1005 403 inseras:
1037 365 1123 405 Par.
1156 366 1198 405 A.
1231 366 1304 404 Dii.

160 423 409 474 Pag.432,a‚
441 425 464 462 7
494 424 631 460 addas:
664 422 747 459 Huc
777 424 940 472 respexit
965 422 1120 460 Proclus
1151 423 1185 459 in
1218 423 1301 460 Civ.
1335 436 1373 472 p.
1404 420 1498 463 414.

162 480 409 530 Pag.433‚a,
439 480 492 518 20
521 483 607 530 post
640 480 764 529 δῆλον
792 479 955 516 inseras:
985 478 1070 518 Par.
1102 481 1144 516 A.
1181 478 1252 516 Dii.

159 535 411 586 Pag.434,b‚
445 537 497 575 10
526 535 650 572 deleas
676 547 821 572 comma
851 540 940 584 post
965 534 1154 572 Belckerus

432 592 484 631 13
515 596 603 641 post
621 591 711 629 Par.
731 591 777 630 A.
808 592 966 629 inseras:
999 591 1128 642 (ctiam
1158 604 1239 628 cnm
1261 591 1438 629 coronide
1469 592 1504 628 in
1534 587 1656 630 ταύτά

465 649 667 685 secundum
701 647 937 698 Diibnerum)

156 704 409 756 Pag.436,b‚
444 706 491 744 12
518 709 606 754 post
639 700 743 743 οὕτω
774 704 936 741 inseras:
969 703 1055 741 Par.
1089 705 1132 744 A.
1167 704 1237 741 Dii.

156 762 402 812 l’ag.438,a,
435 762 488 802 20
517 762 659 799 addas:
707 761 940 808 Quamquam
974 761 1145 809 ignaviae
1183 761 1371 798 notionem
1412 773 1486 797 non
1520 760 1656 809 ubique

401 818 617 855 adiunctam
653 829 736 854 esse
777 818 1059 854 concedendurn
1100 821 1169 853 est.
1217 816 1277 856 Cf.
1315 816 1410 866 Leg.
1446 815 1492 854 L.
1524 816 1588 857 Vl,
1617 831 1653 866 p.

406 874 500 913 780.
533 873 587 910 D:
628 873 665 912 τί
691 870 740 923 δή
766 875 906 923 τοῦτο,
933 868 965 911 (ὅ
994 872 1098 920 ξένε,
1129 872 1338 925 ἐπιχειρῶν
1369 872 1495 925 λέγειν
1527 872 1658 919 ἔοικας

402 926 560 981 σφόδρα
592 925 805 974 οἷποκνεῖνς

153 986 406 1036 Pag-439‚a‚
443 988 492 1026 18
526 991 613 1035 post
644 987 751 1037 διχῆι
782 991 819 1023 et
846 986 884 1035 b,
914 986 939 1024 3
969 989 1055 1036 post
1089 981 1339 1038 ἐγγενόμενοι
1368 986 1525 1024 inseras:
1569 985 1654 1025 Par.

399 1042 444 1081 A.
473 1041 545 1081 Dii.

725 1247 972 1279 Volum.
1023 1246 1073 1280 11.

151 1329 242 1377 pag,
278 1330 323 1375 1,
354 1328 388 1375 b,
421 1327 446 1366 3
477 1339 546 1376 pro
567 1324 696 1375 factos
723 1325 843 1374 legas:
874 1327 1003 1364 saetas.

150 1385 240 1434 Pag,
281 1387 326 1430 2,
357 1397 390 1434 a,
420 1385 515 1419 inter
545 1395 579 1418 v.
620 1384 667 1421 19
698 1387 737 1420 et
765 1381 820 1421 20
848 1383 1008 1419 inseras:
1045 1380 1207 1432 ἐφεξῆς)
1235 1377 1302 1430 ἐφ’
1331 1379 1424 1432 ἑξῆς
1455 1394 1476 1418 a
1506 1394 1552 1421 m.
1581 1395 1656 1419 sec.

422 1439 508 1476 Par.
538 1439 581 1479 Α,
613 1437 688 1474 Dii.

366 1497 404 1545 b,
428 1497 480 1535 25
511 1500 599 1545 post
638 1490 828 1545 οἷπωτέρω
870 1494 1038 1531 inseras:
1085 1494 1235 1531 ultimae
1276 1509 1305 1533 ω
1333 1495 1368 1531 in
1394 1493 1480 1530 Par.
1510 1493 1554 1530 A.
1582 1493 1654 1532 Dii.

425 1552 675 1601 subscriptum
707 1555 763 1587 est
800 1566 824 1589 ι.

147 1609 237 1657 Pag.
275 1610 314 1656 37
353 1610 387 1656 b,
421 1610 471 1649 22
503 1613 591 1658 post
616 1606 804 1643 Belskerns
833 1607 974 1643 addas:
1015 1619 1136 1655 neque
1164 1607 1300 1656 legitur
1330 1608 1364 1643 in
1395 1606 1481 1643 Par.
1511 1606 1553 1642 A.
1582 1605 1655 1646 Dii,

149 1666 239 1713 Pag.
275 1667 312 1704 4.
355 1679 388 1713 a,
421 1665 486 1703 ult.
527 1665 662 1701 addas:
694 1663 789 1712 Leg.
822 1662 901 1701 1111.
930 1677 966 1713 p.
997 1663 1091 1702 708.
1124 1663 1167 1700 A.
1206 1677 1274 1713 pro
1304 1664 1457 1711 vulgato
1487 1661 1654 1712 μάλιστά

423 1736 490 1772 μοι
521 1722 734 1769 φαίνονται
768 1717 861 1766 τούς
898 1715 978 1758 dno*
1015 1715 1330 1772 Πελοποννήσου
1367 1718 1655 1771 προσδέξεσθαι

419 1776 627 1825 ξυνοίκους
656 1777 860 1814 secundum
890 1776 1040 1813 codices
1071 1776 1155 1813 Par.
1174 1776 1216 1815 A.
1248 1776 1317 1815 Dii.
1348 1776 1457 1814 Voss.
1487 1776 1655 1826 aliosque

420 1834 659 1871 scribendum
690 1838 747 1870 est
776 1832 1083 1881 προσδέξασθαι.

364 1891 399 1936 b,
428 1891 525 1927 inter
554 1903 589 1930 v.
624 1892 674 1929 17
713 1894 749 1926 et
782 1891 832 1929 16
870 1902 891 1926 a
929 1890 954 1925 f.
986 1890 1149 1927 inseras:
1185 1888 1326 1938 ταῦτα)
1364 1888 1438 1925 Pro
1468 1892 1542 1927 ταῦ
1569 1888 1651 1928 Par.

421 1948 464 1983 A.
495 1945 570 1983 Dii.
601 1960 623 1984 a
654 1959 701 1986 m.
729 1959 786 1995 pr.
818 1946 964 1982 videtur
994 1961 1064 1985 τωι
1093 1945 1289 1983 habuisse:
1316 1961 1363 1984 τοι
1394 1946 1491 1983 inter
1521 1958 1652 1982 versus

421 2003 599 2053 scriptum
632 2002 754 2039 habet.

422 2060 472 2098 13
502 2072 523 2096 a
544 2060 568 2095 s.
600 2064 689 2109 post
716 2056 759 2097 τό
791 2055 833 2097 σὲ
861 2058 1001 2095 inseras
1031 2057 1116 2097 Par,
1150 2058 1192 2095 A.
1225 2058 1295 2096 Dii.

142 2115 231 2164 Pag.
268 2115 306 2164 6,
338 2116 374 2163 b,
408 2116 461 2156 20
491 2129 575 2165 sqq.
608 2120 640 2151 et
677 2130 701 2152 a
726 2113 1084 2151 Lobeckio—clixisse
1122 2115 1237 2151 credit
1269 2115 1428 2152 delenda
1456 2118 1555 2152 sunt.
1590 2113 1650 2153 Cf.

416 2171 599 2209 Lobeckii
630 2172 716 2210 adn.
745 2172 791 2208 ad
824 2171 941 2221 Soph.
973 2171 1031 2209 Ai.
1062 2184 1098 2220 p.
1132 2172 1222 2211 177.
1245 2172 1304 2207 ed.
1337 2172 1373 2211 2.

422 2230 470 2269 12
493 2241 513 2265 a
543 2229 569 2268 f,
598 2233 686 2278 post
715 2226 830 2279 ἡμεῖς
856 2228 1020 2264 inseras:
1048 2226 1134 2266 Par.
1168 2227 1211 2263 A.
1243 2226 1315 2264 Dii.
1344 2241 1365 2264 a
1400 2241 1447 2264 m.
1478 2241 1535 2278 pr.

416 2291 501 2334 post
533 2285 597 2321 ult.
625 2286 762 2322 addas:
794 2280 941 2335 λόγων)
973 2280 1094 2334 λόγον
1121 2296 1142 2320 a
1173 2296 1223 2323 m.
1254 2297 1311 2334 pr.
1342 2283 1488 2322 Par.A.
1519 2284 1592 2323 Dii.

799 2339 1030 2392 ἐπεγείρετε)
1058 2354 1074 2378 ε
1096 2344 1298 2377 extremum
1325 2340 1411 2378 Par.
1448 2340 1491 2377 A.
1515 2340 1587 2380 Dii.
1610 2342 1645 2378 in

1014 2395 1124 2432 litura
1153 2398 1332 2446 scriptum
1373 2397 1503 2443 habet,
1537 2409 1648 2446 quam

1013 2453 1154 2502 excipit
1171 2460 1236 2496 -ζ-
1253 2455 1398 2502 signum
1418 2454 1531 2503 idque
1553 2455 1647 2492 dua-

1006 2521 1085 2545 rum
1132 2509 1335 2547 litterarum
1383 2510 1545 2561 spatium
1584 2522 1648 2546 ex-

1012 2564 1132 2614 plens,

797 2618 924 2671 ὁρῶν)
956 2618 1091 2670 όρωῦν
1119 2620 1203 2661 Par.
1237 2621 1280 2657 A.
1313 2620 1385 2658 Dii.

147 2676 239 2729 Pag.
275 2682 316 2728 7,
348 2692 384 2729 a,
416 2679 439 2717 5
471 2689 492 2713 a
522 2678 546 2716 f.
578 2681 664 2726 post
702 2672 1043 2729 χρυσοχοήσοντας
1083 2678 1243 2714 inseras:
1282 2677 1386 2714 cuius
1426 2694 1448 2718 v
1484 2679 1569 2718 Par.
1598 2679 1643 2719 A,

417 2734 486 2770 Dii.
510 2734 545 2770 in
578 2733 685 2769 litura
716 2734 894 2783 scriptum
923 2733 1047 2778 habet,

414 2791 479 2829 ult.
509 2794 596 2827 anto
628 2788 734 2831 vind,
765 2789 797 2827 J.
828 2791 991 2827 inseras:
1016 2788 1102 2827 Par.
1133 2790 1176 2828 A.
1205 2788 1277 2829 Dii,

1754 0 1764 95 1

1753 97 1764 330 ἓ

1754 331 1764 600 ἓ

1753 1145 1764 1394 ἰ
