1764 3176
433 187 759 233 CIVITAS
806 189 928 231 LIB.
968 188 1025 231 X.
1058 193 1123 227 621

1389 191 1470 232 301

93 301 321 358 τᾰστροφα
362 300 415 345 τᾶ
454 300 777 346 ἐπικλωσθέντα
814 304 1055 344 ποιοῦντα·
1096 299 1301 344 ἐντεῦθεν
1343 301 1388 345 δὲ
1419 301 1472 358 δή

96 369 405 427 ἀμεταστρεπτὶ
444 369 530 414 ὑπὸ
569 369 647 413 τὸν
684 373 759 426 τῆς
791 367 999 424 Ἀνάγκης
1039 368 1150 412 ι’ἑναι
1180 368 1369 423 θρόνον,
1401 371 1473 414 καὶ
1497 384 1563 421 621

95 438 156 483 δι’
187 439 357 482 ἐκείνου
397 437 694 490 διεξελθόντα,
741 437 884 494 ἐπειδὴ
925 438 999 480 καὶ
1039 439 1082 480 οἱ
1121 437 1245 481 ἄλλοι
1277 441 1475 494 διῆλθον,

91 507 359 562 πορεύεσθαι
392 506 588 557 ἅπαντας
626 509 684 557 εἰς
720 507 769 549 τὸ
799 510 873 562 τῆς
905 505 1057 561 Λήθης
1085 508 1235 548 πεδίον
1266 506 1337 549 διοὶ
1370 505 1475 550 καύ-

91 575 225 632 ματός
260 591 304 619 τε
342 575 415 618 καὶ
444 576 630 630 πνίγους
660 575 829 617 δεινοῦ·
881 574 954 617 καὶ
984 573 1068 629 γὰρ
1111 572 1224 616 εἶναι
1259 574 1367 645 oen-ho*
1403 592 1473 619 κε-

88 643 171 686 νὸν
204 643 398 696 δένδρων
424 660 468 686 τε
500 644 572 686 καὶ
605 641 686 686 ὅσα
716 646 770 697 γῆ
800 640 916 696 φύει.
976 646 1223 699 σκηνᾶσθαι
1255 647 1337 687 ούν
1361 648 1475 699 σφᾶς

88 711 171 769 ἤδη
213 711 395 767 ἑσπέρας
432 709 694 768 γιγνομένης
731 710 850 767 παρα
889 710 966 754 τὸν
1000 709 1204 768 Ἀμέλητα
1257 711 1471 767 ποταμὸν,

86 837 208 881 νέμειν
232 836 301 883 τὴν
327 835 589 881 προσήκουσαν
612 841 749 888 μοῖραν

88 883 279 927 ἑκάσταις,
316 884 378 918 καὶ
414 883 504 927 μετὰ
540 883 682 928 ταύτην
723 889 746 927 η

89 936 256 976 Ατροπος
289 933 368 970 τοῖς
409 931 670 974 κεκλωσμένοις
703 930 745 965 τὸ

86 989 270 1020 ατρεπτον
293 979 356 1011 καὶ
381 973 583 1020 ὡρισμένον
605 975 748 1012 ἐνδιδό-

85 1036 159 1057 ναι.

131 1067 270 1113 ταύτης
304 1065 364 1113 δ’]
397 1066 536 1113 ταύτης
571 1065 608 1113 γ’
646 1069 743 1103 Stob.

86 1116 186 1150 Cant.
228 1113 346 1159 ταύτη
383 1113 422 1149 δ’
465 1116 538 1149 cod.
582 1116 662 1150 Vat.
710 1118 745 1148 et

83 1163 170 1206 Aug.

129 1216 388 1264 ἐφαψάμενον]
415 1216 600 1264 ε’φάμενος
623 1220 720 1252 Stob.

129 1258 268 1311 αὖθις]
311 1268 428 1299 statim
463 1266 536 1299 Fic.
596 1265 743 1299 In‘Lob.

83 1316 162 1356 post
186 1312 302 1351 αὐθις
328 1312 468 1345 incisum
489 1317 553 1346 est.

129 1355 211 1401 τὴν]
236 1370 300 1391 om.
325 1358 424 1394 Stob.

126 1411 321 1457 Ἀτρόπου]
346 1412 534 1457 οἷτροὶκτου
557 1414 639 1447 Lol).
663 1415 740 1448 Vat.

81 1459 131 1496 M.
159 1464 194 1493 et
219 1461 336 1494 Pollux
370 1461 409 1494 L.
441 1461 517 1495 VH.
553 1473 581 1493 c.
611 1464 672 1496 30:
696 1481 741 1485 —

80 1504 241 1540 Πλάῖων
259 1525 305 1532 ——·
327 1505 368 1541 τὸ
397 1505 503 1550 ἔργον
528 1507 594 1540 τοῦ
622 1504 744 1560 ν’ήματ

78 1563 144 1591 τος
166 1552 273 1595 νῆσιν
298 1553 430 1597 εἴρηκε,
451 1550 519 1596 τήν
540 1553 606 1596 τῆς
626 1565 740 1596 ατρα-

78 1609 168 1631 κτου
191 1598 308 1642 νῆσιν.

125 1639 249 1687 ἄγειν]
283 1640 364 1688 ἄγει
395 1645 496 1679 Vind.
521 1646 562 1678 Β.
587 1645 672 1679 Ven.
698 1645 737 1677 B.

76 1689 165 1733 Aug.
205 1690 245 1723 B.
293 1692 369 1724 Vat.
407 1692 452 1724 H.
496 1691 594 1725 Stob.
637 1691 736 1724 Cant.

121 1747 241 1790 νῆσιν,
261 1744 540 1792 ἀμετάστροφα]
564 1748 612 1791 νῆ
630 1758 738 1781 συνα-

76 1791 316 1837 μετοὶστροφα
340 1795 483 1828 Stobaei
501 1794 575 1828 cod.
602 1795 679 1828 Vat.
705 1799 740 1827 et

76 1840 126 1872 Au
155 1864 162 1872 .

122 1850 412 1930 ἐπικλωσθέντα]
440 1883 738 1920 ἐπικυκλωθέντα

75 1930 176 1964 Vind.
201 1931 244 1964 F.
278 1937 365 1975 Ang.
390 1932 429 1976 B,
464 1933 555 1965 Flor.
582 1932 624 1965 R.
661 1930 735 1966 ἐπι-

74 1976 265 2011 κλασθέντα
287 1977 383 2011 Vind.
397 1978 437 2011 E.
464 1979 545 2011 Vat.
556 1979 601 2011 H.
622 1979 735 2021 (Flor.

73 2023 268 2066 ACRTV.)
290 2024 389 2057 Stob.
409 2025 508 2058 Cant.
531 2023 734 2062 Hem-‚Ynon

75 2069 149 2102 cod.
172 2069 279 2114 Aug.)
312 2081 385 2103 cum
409 2070 508 2103 editis
541 2074 619 2104 ante
642 2071 736 2104 Bek-

74 2114 204 2148 kerurn.

119 2172 317 2216 ποιοῦντα]
343 2185 407 2207 om.
432 2174 530 2207 Stob.
555 2174 639 2218 (non
658 2175 731 2209 cod.

75 2216 171 2261 vat.)
217 2218 257 2251 In
282 2219 381 2254 Vind.
401 2220 440 2253 B.
467 2222 731 2265 superscriptum

72 2267 127 2296 est
148 2264 346 2308 ποιοῦσαν,
370 2266 459 2310 quod
481 2266 589 2309 ipsum
610 2267 643 2300 in
657 2268 728 2311 Psal.

73 2309 114 2342 A.
149 2312 380 2355 superscripto
421 2312 559 2354 vulgato
595 2313 728 2357 legitur.

69 2354 184 2389 Etiam
209 2356 366 2392 Ficinum
397 2358 581 2391 ποιοῦσαν
606 2359 730 2403 legisse

71 2400 264 2443 Stephanus
297 2402 331 2436 in
363 2414 406 2437 m.
430 2405 610 2438 secundum
636 2407 725 2449 Gry-

69 2447 145 2480 naei
178 2448 491 2493 interpretationem
535 2451 637 2494 (hanc
672 2453 731 2485 vbi

68 2495 199 2538 tetigit,
213 2506 289 2527 mox
307 2496 385 2528 hinc
405 2497 452 2529 ad
477 2498 627 2540 Atropon
645 2510 729 2531 nen-

68 2544 158 2580 tem,
193 2553 281 2584 quae
316 2543 546 2576 immutabilia
578 2546 729 2578 stamina

67 2586 210 2630 reddat)
241 2586 435 2626 iudicabat;
471 2592 528 2622 sed
562 2589 610 2623 ita
634 2591 729 2624 Fici-

67 2642 150 2665 nus:
187 2644 263 2665 oum
294 2645 374 2666 vero
415 2635 526 2678 ipsam
559 2638 727 2682 tetigerit,

68 2679 185 2711 statim
210 2680 256 2712 ad
278 2681 397 2722 Atropi
411 2683 606 2723 filationem
626 2685 726 2716 duce-

68 2735 126 2765 re,
151 2725 383 2758 immutabilia
413 2730 564 2761 stamina
586 2731 727 2772 facien-

67 2774 150 2804 tem.
166 2770 199 2803 in
218 2770 339 2815 quibus
363 2784 468 2816 genus
485 2774 658 2820 participii
677 2775 726 2808 in-

67 2820 198 2849 certum
221 2822 284 2851 est.
339 2818 513 2852 Platonem
541 2833 622 2854 vero
645 2833 726 2854 ποι-

70 2860 188 2895 οῦντα
225 2863 424 2909 scripsisse,
468 2866 556 2909 quod
598 2867 647 2901 ita
689 2870 727 2900 ut

806 838 919 883 paullo
956 842 1034 872 ante
1061 840 1251 882 κυροῦντα
1276 840 1468 885 intelligen-

806 885 895 926 dum,
923 885 1057 918 codices
1083 887 1328 921 demonstrant.

853 928 892 964 δὲ
919 929 988 975 δὴ]
1024 930 1063 965 δὲ
1101 945 1165 966 om.
1201 934 1286 970 Lob.
1321 938 1399 973 vat.
1424 941 1467 975 Β.

806 977 881 1012 Ald.
904 978 983 1012 Bas.
1009 990 1040 1012 a.

856 1020 1146 1070 ἀμεταστρεπτὶ]
1183 1022 1469 1072 α’μεταστρεπτεὶ

803 1069 899 1103 Vind.
917 1070 955 1103 F.
980 1073 1117 1115 Ang.B.
1144 1073 1237 1105 Flor.
1251 1075 1291 1107 R.
1317 1081 1355 1108 ut
1379 1076 1463 1119 Leg.

803 1116 842 1149 L.
865 1117 974 1150 VIIII.
1009 1129 1042 1162 p.
1062 1119 1141 1152 854.
1162 1119 1201 1153 C.
1234 1120 1267 1152 in
1294 1132 1358 1154 uno
1385 1122 1463 1155 Vat.

804 1162 844 1194 C.
879 1163 1042 1206 scriptum
1074 1169 1136 1197 est..
1193 1165 1356 1200 Timaeus
1389 1170 1464 1200 tan-

803 1212 872 1241 tum
907 1205 1172 1251 οἷμεταστρεπτὶ
1207 1213 1340 1245 novisse
1371 1213 1463 1246 vide-

802 1258 877 1295 tur,
919 1255 1008 1299 quod
1042 1256 1107 1290 lex.
1143 1269 1175 1301 p.
1208 1259 1264 1291 25.
1299 1271 1360 1303 per
1397 1257 1464 1302 οὐχ

800 1296 1050 1345 ὑποστρέφειν
1075 1304 1138 1346 (ita
1160 1304 1378 1338 Rulmkenius
1404 1318 1464 1340 co-

801 1346 886 1379 dicis
897 1348 1101 1392 scripturam
1112 1345 1339 1394 ὑποστρέφει
1349 1363 1464 1385 emen-

800 1392 874 1435 dat)
912 1394 963 1432 εἰς
994 1391 1159 1428 τούπίσω
1187 1396 1346 1441 explicat.
1403 1399 1462 1432 Si-

799 1439 924 1472 militer
937 1437 1090 1474 α’στακτὶ
1109 1442 1206 1485 vulgo
1218 1442 1343 1486 legitur
1353 1444 1461 1478 Phae-

799 1484 875 1517 don.
901 1498 933 1530 p.
950 1488 1025 1520 117.
1049 1487 1087 1520 C.
1114 1488 1388 1523 dissentientibus
1409 1494 1462 1524 ta—

799 1542 873 1563 men
910 1532 1019 1565 tribus
1054 1534 1149 1566 libi-is
1181 1535 1298 1577 bonis,
1344 1536 1461 1571 Clark.

798 1576 884 1610 Ven.
912 1577 950 1610 C.
986 1578 1058 1611 Pal.
1085 1580 1149 1620 A.‚
1183 1581 1217 1614 in
1253 1582 1376 1626 quibus
1409 1588 1462 1616 est

799 1619 980 1656 οἷστακτεί.
1017 1626 1086 1658 Sed
1112 1626 1251 1660 Axioch.
1278 1629 1402 1671 p.364.
1419 1629 1459 1662 C.

797 1681 882 1702 unus
911 1671 986 1705 Par.
1007 1671 1046 1704 Z.
1082 1683 1142 1716 pro
1169 1670 1366 1707 οἷστενακτὶ
1399 1675 1460 1708 ha-

797 1716 856 1748 bet
879 1713 1112 1759 αστενακτεί,
1148 1722 1183 1751 et
1216 1715 1344 1761 ἀνατὶ,
1370 1721 1460 1765 quod

799 1768 834 1794 et
856 1763 965 1806 ipsum
990 1763 1150 1797 Timaeus
1185 1764 1217 1798 in
1247 1766 1378 1800 lexicon
1404 1779 1458 1800 re—

796 1808 895 1849 tulit,
929 1812 981 1840 ter
1023 1821 1042 1842 a
1076 1810 1235 1844 fflkkero
1275 1813 1458 1846 secundum

796 1854 927 1887 Par.A.
953 1866 1013 1898 pro
1040 1853 1168 1889 ἀνατεὶ
1190 1858 1371 1900 repositum
1394 1865 1458 1900 est,

795 1899 880 1943 Leg.
899 1900 940 1935 L.
957 1901 1065 1935 VIIlI.
1091 1914 1124 1947 p.
1139 1905 1214 1937 871.
1230 1904 1272 1936 Ε.
1300 1905 1361 1938 ΧῘ.
1375 1906 1456 1940 917.

797 1946 836 1980 C.
862 1950 896 1979 et
924 1949 1002 1982 935.
1027 1949 1065 1982 B.
1119 1949 1273 1993 Denique
1305 1951 1455 1995 νηποινὶ

794 1992 877 2036 Leg.
903 1993 944 2027 L.
975 1994 1085 2027 V1111.
1112 2007 1145 2040 p.
1168 1997 1245 2031 874.
1263 1997 1301 2031 C.
1329 1999 1371 2030 ab
1396 2010 1456 2031 eo-

794 2039 869 2071 dem
903 2040 1089 2083 praelatum
1125 2053 1238 2086 parem
1274 2044 1346 2077 fere
1381 2055 1454 2077 cum

791 2085 929 2128 Vulgato
953 2086 1123 2129 νηποινέὶ
1152 2100 1172 2122 a
1198 2089 1367 2123 codicibus
1392 2102 1453 2123 au-

792 2131 985 2165 ctoritatem
1026 2133 1137 2167 habet.
1211 2135 1370 2169 Ceterum
1408 2137 1451 2169 cf.

792 2176 983 2210 Buttmauni
1006 2190 1145 2221 gramm.
1177 2181 1220 2213 Π.
1247 2193 1279 2226 p.
1303 2182 1381 2217 343.

835 2220 915 2266 τὸν]
942 2224 1016 2257 τῶν
1042 2225 1141 2259 Vind.
1168 2227 1208 2260 Ε.

835 2267 891 2302 δι’
917 2267 1079 2314 ἐκείνου]
1117 2269 1171 2305 δι’
1196 2270 1337 2307 ἐκεῖνον
1370 2276 1448 2309 Vat.
1474 2276 1543 2310 621

788 2315 832 2349 Η.
857 2316 1035 2349 Flox-.AC.
1065 2315 1109 2360 δὴ
1136 2315 1276 2353 ἐκεῖνον
1294 2321 1394 2353 Vind.
1409 2322 1451 2355 E.

835 2357 1017 2405 ἅπαντας]
1044 2359 1206 2404 ἅπαντες
1230 2367 1328 2401 Stob.
1351 2367 1450 2402 Cant.

786 2407 889 2440 Heer.
911 2404 1101 2451 (ἅπαντας
1113 2412 1185 2444 cod.
1207 2413 1285 2446 Vat.
1299 2417 1334 2446 et
1344 2415 1450 2457 Aug.)

834 2454 984 2498 πεδίον]
1019 2456 1171 2490 παιδίον
1197 2470 1271 2492 cum
1307 2470 1323 2493 ε
1348 2471 1451 2504 super

787 2511 826 2532 αι
850 2501 949 2534 Vind.
975 2501 1014 2535 F.

833 2544 897 2579 διὰ
917 2544 1121 2592 καύματός]
1150 2549 1243 2583 διακ.
1268 2550 1367 2585 idem.

831 2590 915 2635 γὰρ]
942 2605 1006 2627 om.
1033 2594 1108 2628 Par.
1132 2595 1175 2629 K.
1201 2608 1269 2631 sec.
1293 2598 1403 2631 Bekk.

831 2638 899 2682 γῆ]
927 2635 950 2681 ἦ
976 2639 1020 2682 γῆ
1047 2640 1131 2675 Lob.
1158 2643 1232 2676 Vat.
1258 2643 1307 2678 M.

832 2684 1055 2728 σκηνᾶσθαι]
1082 2686 1219 2731 σκηνάς
1237 2701 1275 2723 τε
1292 2690 1391 2725 Vind.
1403 2691 1446 2724 F.

786 2731 1001 2773 σκηνώσθαι
1030 2732 1112 2768 Par.
1136 2735 1179 2769 K.
1217 2736 1447 2779 σκηνοῦσθαι

784 2776 880 2810 Flor.
908 2777 951 2809 Τ.
1001 2777 1055 2812 Cf.
1080 2791 1112 2824 p.
1133 2782 1212 2817 610.
1232 2782 1275 2816 E.

829 2822 941 2866 σφᾶς]
969 2822 1067 2868 σφὰς
1092 2826 1187 2861 Vind.
1215 2828 1289 2861 EF.

830 2864 1014 2915 Ἀμέλητα]
1038 2870 1195 2915 Αμὲλιτα
1205 2874 1285 2910 Bas.
1295 2875 1327 2908 b.
1340 2875 1442 2910 Ame-
