1764 3176
469 159 804 202 CIVITAS
845 159 1197 200 LIB.V111.544
1462 159 1490 198 7

106 274 180 318 καὶ
216 271 265 316 ἐν
302 272 406 316 εἴδει
442 272 653 328 διαφανεῖ
687 270 774 314 τινὶ
810 274 971 321 mitam
1010 272 1260 313 δυναστεῖαι
1297 267 1384 323 γάρ
1414 266 1489 310 καὶ
1520 265 1557 305 D

108 339 271 397 ὠνηταὶ
310 342 526 396 βασιλεῖαι
568 339 640 383 καὶ
683 339 885 382 τοιαῦταί
923 353 1037 388 τινες
1075 341 1289 381 πολιτεῖαι
1331 333 1491 392 μεταξύ

106 425 149 452 τι
177 406 350 452 τούτων
379 408 467 452 πού
497 409 628 460 εἰσιν,
670 405 795 461 εὕροι
825 405 875 450 δ’
906 403 963 450 ἄν
991 424 1055 458 τις
1086 404 1222 456 α’ὐτάς
1253 402 1337 448 οὐκ
1366 400 1490 446 ἐλάτ-

103 493 209 529 τους
249 476 350 533 περὶ
387 476 492 527 τούς
521 473 796 531 βαρβάρους,
836 474 866 530 ἢ
903 473 1008 526 τοὺς
1034 473 1261 529 Ἕλληνας.

102 549 216 602 γοῦν
251 546 326 589 καὶ
377 544 558 596 ἄτοποι,
602 542 711 599 ἔφη,
750 541 965 597 λέγονται.

1323 471 1493 515 Πολλαὶ

1043 540 1175 585 Οἶσθ’
1209 535 1312 594 οὖν,
1351 534 1409 595 ἦν
1445 536 1489 583 δ’

103 612 212 668 ἐγώ,
243 613 312 657 ὅτι
339 612 415 656 καὶ
445 609 698 666 ἀνθρώπων
740 612 833 668 εἴδη
874 615 1068 655 τοσαῦτα
1108 608 1276 666 ἀνάγκη
1314 607 1492 661 τρόπων

103 678 240 733 εἶναι,
271 680 433 735 ’ὅσαπερ
465 679 538 723 καὶ
564 683 818 729 πολιτειῶνς
857 678 887 736 ἦ
916 681 999 724 οἴει
1036 678 1084 722 ἐκ
1125 678 1263 733 δρυός
1291 682 1434 720 ποθεν
1462 675 1492 733 ἢ

102 784 231 818 sionem
254 783 485 828 pronuntiatio
521 795 588 817 non
623 782 766 817 absimi-

102 830 147 864 lis
169 829 307 885 dedisse
329 829 475 863 videtur.

148 873 330 933 τέταρτόν
356 876 419 931 τε]
458 887 523 909 om.
560 875 659 908 Stob.

147 918 172 966 ἢ
183 921 310 977 τίνα]
347 917 479 962 ἅτινα,
517 933 536 954 e
561 932 650 954 corr.
675 933 694 954 a
719 932 763 953 m.

542 962 655 1000 ’τινα
676 967 764 1000 Lob.

100 979 152 1012 pr.
174 964 308 1012 ἤτινα,
334 968 434 1002 Vind.
453 947 499 1003 F.

672 1014 765 1046 Idem

100 1014 202 1049 Vind.
236 1014 281 1048 E.
314 1013 406 1048 Mon.
441 1013 481 1048 B.
515 1013 613 1048 Stob.

99 1060 327 1094 Bekkerum'
318 1072 352 1093 ιιι
377 1059 448 1094 5ιιί5
472 1059 568 1093 libris
595 1060 778 1093 invenisse

100 1111 135 1140 et
160 1111 200 1139 ut
230 1117 303 1139 rem
325 1106 450 1140 nullius
474 1106 635 1139 momenti
662 1117 765 1149 prae-

98 1151 223 1185 terisse
257 1162 300 1185 ex
335 1152 410 1186 eius
445 1151 578 1185 silentio
604 1152 646 1184 de
671 1151 764 1185 Mon.

98 1198 139 1232 B.
165 1201 202 1231 et
224 1209 266 1231 ex
291 1209 332 1232 eo
356 1197 500 1241 colligo,
533 1198 623 1241 quod
653 1209 716 1241 pro
740 1193 764 1241 ἢ

99 1244 136 1278 in
158 1244 239 1279 Par.
263 1243 310 1277 K.
335 1243 397 1288 (de
419 1255 486 1288 quo
511 1242 685 1288 Bipontini
709 1246 765 1277 ta-

99 1291 197 1334 cent)
233 1289 272 1324 εἴ
296 1290 382 1334 (ιιοιι
406 1290 458 1333 εἰ)
483 1289 647 1334 scriptum
671 1290 764 1322 refe-

98 1347 178 1373 rens
201 1347 304 1379 τινα,
339 1336 431 1381 quod
462 1335 552 1368 idem
584 1335 674 1370 haud
699 1335 762 1369 du—

97 1382 154 1417 bie
178 1393 240 1427 pro
264 1382 350 1416 τίνοι
378 1381 537 1437 exhibet,2
561 1393 762 1415 commemo-

96 1428 239 1462 randum
257 1440 322 1462 non
340 1429 485 1473 putavit.
509 1424 534 1471 ἥ
556 1440 641 1462 τινα
660 1428 761 1462 etiam

94 1473 237 1509 Ficinus
269 1474 372 1518 legit:
420 1477 475 1508 An
510 1475 620 1508 aliam
655 1475 761 1508 habes

94 1521 148 1555 rei
189 1522 352 1566 publicae
395 1522 553 1563 formam
601 1524 667 1555 etc.
725 1523 761 1554 et

94 1566 245 1601 Astius
236 1579 271 1600 ιιι
295 1569 375 1600 tert.
401 1571 438 1600 et
456 1567 700 1601 Stallbauinius
724 1567 757 1600 in

95 1624 165 1646 sec.
198 1614 419 1668 scripserunt.
478 1614 607 1646 Sensus
641 1613 759 1647 eodem

95 1658 209 1701 redit,
241 1659 302 1693 sed
333 1657 418 1693 τινὰ
447 1659 548 1693 Plato
584 1665 662 1703 post
697 1655 760 1692 ἅλ-

96 1706 163 1748 λην
188 1706 361 1793 positlzprus
393 1710 479 1740 erat.
528 1705 582 1739 cf.
607 1705 682 1740 Vol.
710 1705 758 1739 ΙΙ.

95 1762 129 1796 P
143 1794 250 1831 ἰδέαν
277 1797 489 1842 πολιτείας]
522 1796 625 1830 ἰδίαν
656 1798 757 1830 πολι-

93 1842 198 1877 τείαν
218 1843 316 1877 Stob.

140 1885 247 1947 ἥτις]
273 1888 312 1922 εἴ
334 1900 390 1928 τις
414 1889 494 1922 Vat.
527 1889 570 1923 B.
598 1890 684 1923 Ven.
711 1889 752 1922 C.

138 1934 235 1979 τινὶ]
267 1948 331 1970 om.
360 1935 438 1968 Par.
473 1934 517 1968 K.
566 1934 622 1968 Cf.
658 1934 756 1968 Polit.

91 1990 138 2034 p
152 1982 234 2017 285.
256 1982 307 2015 B:
333 1979 420 2024 πρὶν
439 1993 486 2014 αν
511 1978 549 2013 ἐν
572 1977 667 2026 αυτῇ
691 1981 756 2024 (sc.

91 2026 138 2071 τῇ
162 2027 239 2062 τῶν
263 2026 412 2061 πολλῶν
446 2027 645 2081 κοινωνίᾳ)
687 2025 757 2066 τὰς

92 2071 282 2131 διαφορὰς
312 2073 373 2119 ἴδῃ
402 2071 548 2116 πάσας,
600 2070 755 2107 ὁπόσαι-

90 2129 160 2164 περ
180 2117 219 2154 ἐν
243 2120 357 2154 εἴδεσι
379 2122 531 2153 κεῖνται.

141 2166 379 2209 δυναστεῖαι]
405 2165 619 2200 δυναστείαι
652 2166 754 2201 Vind.

93 2211 172 2246 EF.
199 2211 424 2257 Cf.Xenoph.
449 2212 540 2246 Hell.
566 2214 610 2247 V.
633 2213 675 2254 4,
697 2212 751 2248 46.

137 2259 345 2302 πολιτεῖαι]
374 2258 556 2292 πολιτείαι
583 2258 685 2293 Vind.
710 2259 753 2294 F.

90 2306 197 2384 Mu]
227 2316 290 2384 ᾗσι
309 2304 538 2385 VVitnd.B}L3I.M
549 2318 621 2384 cmx}
666 2305 753 2385 Lug.

131 2362 185 2384 on.
263 2376 270 2384 .
343 2362 363 2383 a
382 2376 389 2383 .
541 2376 550 2384 .
625 2363 674 2385 en.
741 2377 750 2386 .

90 2396 169 2430 Par.
194 2397 272 2430 DK.
296 2396 390 2431 Flor.
416 2397 526 2431 ATU.

137 2443 252 2487 εἰσιν]
283 2442 351 2476 εἰσι
370 2444 470 2477 Stob.

136 2486 336 2547 ἐλάττους]
362 2485 517 2524 ἐλάττου
540 2490 643 2525 Vind.
668 2489 711 2524 E.

134 2536 462 2636 affixa-..3253
481 2537 577 2617 ἕξοι,

135 2639 228 2672 γουν
284 2626 352 2661 οὐν
369 2627 450 2662 Par.
468 2628 513 2663 K.

135 2640 239 2708 Οἶσθ
267 2673 281 2718 ]
315 2670 429 2708 οἶσθα
457 2675 556 2708 Stob.

136 2715 218 2774 ότι]
242 2723 322 2764 post
344 2718 407 2754 καὶ
425 2721 525 2757 Vind.
538 2721 580 2754 F.
607 2721 691 2764 Ang.
705 2721 746 2754 Β.

86 2763 316 2847 Βέἕῖἰᾞζέ
346 2766 409 2846 1¹3³
435 2767 528 2846 ιῖιίἷ
563 2767 747 2848 &03⁰3-

86 2855 229 2902 τρόπον
256 2859 343 2892 Ven.
369 2858 411 2892 C.
445 2870 466 2893 a
488 2871 532 2895 m.
557 2870 610 2904 pr.
643 2860 744 2894 Stob.

821 795 907 816 τινα
945 780 1089 827 τρόπον
1125 782 1211 826 Ang.
1255 780 1296 814 Β.
1345 776 1490 823 τρόπον

821 825 906 862 τινοὶ
928 829 1051 874 reliqui
1074 828 1232 868 codices,
1251 826 1330 860 Ald.
1342 826 1421 859 Bas.
1435 825 1490 858 ab.

822 875 941 920 steph.
974 876 1048 908 Ast.
1076 880 1111 908 et
1136 873 1300 915 Ficinus,
1325 872 1384 917 qui
1404 872 1491 904 haec

822 921 978 954 Socratis
1023 921 1131 954 v·e1ba
1164 931 1274 964 usque
1309 920 1352 952 ad
1384 918 1489 950 πολι-

821 968 932 1000 τειῶν
953 968 1004 1001 ita
1027 967 1200 1000 reddidit:
1231 965 1392 999 Totidem
1406 976 1489 1008 quo-

822 1026 887 1057 qne
923 1019 1003 1047 sunt
1048 1014 1224 1046 hominum
1265 1012 1489 1063 quodammo—

823 1061 866 1093 do
899 1061 1028 1104 specics
1053 1065 1158 1104 atque
1193 1070 1315 1092 mores.
1373 1056 1489 1090 Etiam

822 1106 1155 1139 Schleiermacherus
1188 1105 1362 1148 vulgatam
1409 1105 1489 1136 ante

821 1152 1016 1185 Bekkerum
1050 1151 1229 1184 lectionem
1254 1149 1418 1194 praetulit
1451 1151 1490 1181 ut

821 1198 865 1232 ad
915 1197 1078 1231 eiusmodi
1127 1196 1376 1231 similitudinem
1423 1206 1489 1227 non

821 1255 956 1289 quoquo
1001 1254 1119 1277 versus
1161 1242 1389 1288 pertinentem
1430 1251 1488 1274 ac-

821 1289 1139 1330 commodatiorem,
1183 1293 1218 1322 et
1268 1287 1359 1333 quod
1405 1286 1488 1330 εἴδη

819 1333 972 1380 τρόπων
1012 1335 1179 1369 hominum
1226 1338 1381 1375 tantum,
1420 1344 1488 1366 non

818 1394 932 1416 rerum
966 1382 1178 1436 publicarum
1222 1379 1368 1425 cogitari
1401 1378 1487 1412 dici-

818 1440 885 1474 que
909 1429 1051 1482 possint.
1086 1429 1217 1461 Contra
1242 1425 1487 1460 Stallbaumius

818 1479 913 1508 recte
938 1475 1066 1508 monuit
1090 1474 1178 1508 hanc
1203 1472 1335 1506 numeri
1360 1483 1486 1505 conve-

817 1521 979 1555 nientiam
1024 1522 1115 1555 inter
1149 1530 1279 1552 morum
1321 1519 1485 1552 humano-

817 1579 890 1601 rum
915 1571 952 1600 et
975 1578 1087 1601 rerum
1113 1566 1323 1610 publicarum
1356 1576 1484 1608 genera

818 1626 861 1647 ex
885 1617 999 1647 mente
1024 1611 1179 1646 Platonis
1205 1612 1336 1645 omnino
1363 1615 1398 1643 et
1423 1622 1484 1644 ne-

819 1660 993 1701 cessario,
1040 1671 1108 1692 non
1141 1657 1385 1703 quodaminodo
1421 1668 1483 1690 seu

818 1706 1067 1750 quadamtenus
1091 1704 1325 1744 intercedere,
1349 1703 1390 1735 ad
1413 1714 1482 1736 πο·-

817 1752 961 1785 λιτειιόν
981 1755 1095 1784 autem
1119 1762 1184 1784 non
1218 1749 1298 1793 εἴδη
1317 1746 1481 1792 τρόπων,

815 1798 874 1831 sed
899 1798 1006 1831 solum
1041 1797 1121 1839 εἴδη
1147 1796 1364 1829 referendum
1393 1806 1481 1828 esse.

816 1844 957 1878 Scilicet
980 1841 1133 1886 τρόπων
1164 1854 1204 1876 eo
1230 1842 1302 1876 loco
1335 1840 1480 1895 positum

816 1894 888 1931 est,
921 1894 960 1924 ut
993 1901 1063 1934 qua
1095 1889 1227 1922 ratione
1262 1884 1480 1931 ἀνθρώπων

816 1936 917 1980 εἰδη,
944 1948 1033 1981 quae
1062 1935 1168 1969 etiam
1196 1931 1367 1977 σώματος
1394 1933 1480 1967 alia-

814 1994 957 2035 rumque
981 1993 1094 2016 rerum
1119 1981 1184 2014 dici
1211 1984 1381 2025 possunt,
1382 1980 1427 2014 h.
1454 1980 1477 2013 l.

813 2029 904 2062 dicta
928 2029 1019 2070 sint,
1045 2028 1239 2061 accuratius
1263 2026 1406 2060 definire
1425 2025 1479 2060 vi-

813 2076 946 2109 deatur.
973 2076 1015 2110 V.
1041 2086 1130 2119 quae
1158 2074 1229 2106 Vol.
1254 2073 1300 2106 11.
1335 2084 1368 2117 p.
1394 2073 1473 2107 289.

812 2122 855 2154 de
887 2120 1002 2154 verbis
1034 2120 1159 2164 ψυχῆς
1190 2116 1382 2171 ῥᾳστώνης
1414 2129 1474 2161 με-

812 2167 1026 2211 ταστροφῆς
1054 2166 1311 2221 disputavimus.
1359 2164 1473 2198 Etiam

811 2213 1024 2247 Themistius
1049 2211 1201 2255 τρόπων
1229 2211 1355 2254 legisse
1378 2211 1474 2244 vide—

810 2263 886 2301 tur,
927 2259 1013 2312 qui
1010 2270 1060 2292 or.
1087 2259 1132 2291 ΙΙ.
1154 2269 1200 2314 p.
1225 2258 1282 2292 35.
1308 2259 1348 2290 A.
1388 2257 1474 2290 haec

810 2306 934 2339 habet.
961 2304 1013 2351 τῷ
1032 2316 1115 2353 γαρ
1152 2301 1235 2337 ὄντι
1265 2300 1475 2337 κινδυνεύει

808 2352 976 2385 τοσαῦτα
1013 2354 1110 2384 εἰναι
1145 2349 1226 2392 εἰδη
1264 2349 1474 2392 πολιτειων,

811 2394 952 2453 ὅσαπερ
978 2396 1041 2430 καὶ
1071 2393 1279 2439 ἀνθρώπου
1305 2395 1472 2452 ψυχῆς.

809 2441 855 2478 ου’
883 2442 953 2488 γάρ
985 2455 1062 2477 που
1093 2440 1132 2476 ἐκ
1161 2440 1276 2486 δρυὸς
1311 2439 1405 2476 ουδ’
1432 2439 1472 2476 ἐκ

807 2488 945 2534 πέτρης
1000 2489 1240 2523 συνίστανται
1282 2487 1322 2522 αἱ
1369 2490 1473 2523 πολι-

807 2539 925 2579 τεῖοιι,
974 2532 1060 2569 ἀλλ’
1097 2530 1156 2568 ὅτι
1194 2530 1352 2569 απασῶν
1369 2534 1471 2592 ἴχνη

807 2582 870 2617 καὶ
912 2579 1106 2636 σπέρματα
1148 2581 1193 2626 τῇ
1222 2581 1325 2627 ψυχῇ
1362 2578 1472 2624 ἐμπέ-

807 2640 902 2683 φυκε
928 2628 972 2673 τῇ
1000 2624 1236 2682 ανθρωπίνῃ.

854 2663 1019 2717 ὅσαπερ]
1048 2670 1191 2719 ὁσάπερ
1217 2674 1317 2708 Stob.
1345 2668 1468 2716 ὥσπερ

805 2721 892 2755 Lob.
916 2721 995 2755 Vat.
1023 2720 1064 2753 B.

850 2765 1095 2810 πολιτειῶνς]
1133 2767 1341 2801 πολιτειῶν.
1385 2765 1468 2800 editi

803 2818 882 2848 ante
905 2812 1047 2846 Astium.

849 2857 888 2893 ἐκ
933 2855 1072 2904 δρυός]
1120 2859 1263 2893 Proclus
1307 2858 1343 2893 in
1389 2858 1464 2894 Civ.
