1764 3176
470 181 792 225 CIVITAS
840 181 963 224 LIB.
999 181 1136 224 Vffll.
1173 185 1240 220 577

1462 182 1542 222 131

163 293 451 350 ραγεγονότος
489 292 536 337 ἔν
575 309 620 337 τε
659 298 755 345 ταῖς
786 291 884 337 κατ’
917 293 1062 337 οἰκίαν
1091 290 1316 348 πράξεσιν,
1347 288 1406 342 ὥς
1433 289 1544 347 πρὸς

163 361 374 413 ἑκάστους
404 360 509 412 τούς
539 363 728 415 οἰκείους
757 363 862 419 ἔχει,
900 361 948 405 ἐν
979 358 1046 411 οἷς
1081 359 1266 416 μάλιστα
1294 359 1459 416 γυμνὸς
1489 359 1546 404 α“ν

163 429 327 486 ὀφθείη
367 433 445 486 τῆς
474 434 682 514 τραγικῆς
719 433 898 486 σκευῆς,
928 429 1001 473 καὶ
1029 427 1077 471 ἐν
1108 445 1165 471 αυ
1197 433 1288 478 τοῖς
1318 429 1546 484 δημοσίοις

161 496 414 551 κινδύνοις,
443 499 515 541 καὶ
547 503 684 541 ταῦτα
712 497 855 542 πάντα
888 497 1041 541 ἰδόντα
1070 493 1325 551 κελεύοιμεν
1353 495 1546 552 ἐξαγγέλ-

161 571 278 618 λειν,
318 571 410 618 πῶς
440 566 521 622 ἔχει
553 566 836 624 εὐδαιμονίας
876 565 948 609 καὶ
981 561 1243 619 ἀθλιότητος
1273 561 1296 606 ὁ
1327 562 1547 618 τύραννος

161 633 271 688 πρὸς
300 634 403 686 τούς
434 635 615 686 ἅλλουςς

162 707 325 747 καλοῖο.

638 633 885 689 ·Ὀρθότατ’
919 633 996 684 ἂν,
1028 633 1134 687 ἔφη,
1166 632 1405 676 καὶταῦτα
1434 650 1545 688 προ-

386 703 546 747 Βούλει
577 699 672 757 οὖν,
703 698 759 761 ἧν
791 703 837 747 δ’
867 701 964 757 ἐγώ,
995 701 1401 755 προσποιησώμεθα
1424 701 1546 758 ἡμεῖς

162 768 275 814 εἶναι
315 775 404 815 τῶν
435 774 637 817 δυνατῶν
677 771 732 815 ἂν
762 777 909 827 κρῖναι
945 770 1018 814 καὶ
1048 768 1132 825 ἤδη
1161 767 1433 825 ἐντυχόντων
1462 787 1546 814 τοι-

163 837 335 892 ούτοις,
377 841 451 883 ἵνα
494 841 654 896 ἔχωμεν
704 840 823 892 ὅστις
872 840 1171 892 ἀποκρινεῖται
1217 836 1245 880 ἃ
1293 836 1546 894 ἐρωτῶμενς

163 907 295 951 Πάνυ
324 924 386 963 γε.

444 905 532 952 Ἴθι
565 908 618 965 δή
649 926 742 965 μοι,
784 909 918 965 ἔφην,
958 902 1042 951 ὦδε
1073 905 1248 948 σκόπει·
1279 905 1361 962 τὴν
1389 906 1543 962 ὁμοιό-
1576 906 1607 948 G

162 993 268 1033 τητα
303 975 742 1035 ἄναμιμνησκόμενος
777 982 852 1035 τῆς
881 993 925 1021 τε
954 973 1123 1025 πόλεως
1155 973 1228 1017 καὶ
1257 978 1337 1018 τοῦ
1369 974 1547 1032 ἀνδρὸς,

161 1094 242 1137 Vatss
268 1102 316 1139 Μ.
342 1107 379 1137 et
403 1116 422 1138 a
446 1116 489 1138 m.
514 1115 543 1137 s.
569 1106 654 1138 Ven.
682 1105 721 1138 B.
748 1115 821 1137 cum

161 1148 264 1182 editis
298 1154 377 1184 ante
407 1151 612 1184 Bekkerum.
651 1147 824 1194 (μάλιστα

161 1205 218 1235 τις
241 1196 313 1229 Ast.
337 1197 426 1240 sec.)
491 1233 496 1236 ,

205 1252 288 1296 τῆς]
313 1253 381 1298 τῆς
406 1264 446 1287 τε
470 1254 545 1288 Ald.
571 1254 649 1291 Bas.
676 1254 730 1287 ab.

210 1306 249 1343 ἐν
274 1322 322 1344 αν
347 1312 449 1355 τοῖς]
480 1311 536 1345 Ita
559 1311 741 1345 secundum
764 1311 825 1344 Fi-

163 1357 275 1391 einum
310 1358 509 1402 (rursusque
535 1358 757 1413 popularibus
789 1359 824 1390 in

159 1403 340 1448 periculis)
368 1415 429 1448 pro
453 1403 592 1446 vulgato
619 1407 657 1436 ἐν
694 1400 825 1442 αυτοῖς

162 1449 376 1483 scribendum
409 1461 485 1483 esse
517 1450 739 1483 Heindorfius
781 1450 824 1482 ad

162 1495 269 1539 Soph.
295 1497 326 1537 §-
350 1498 425 1531 102.
459 1496 587 1529 monuit
619 1495 825 1540 particulae-

162 1553 229 1586 que
251 1542 343 1575 inter
365 1542 653 1586 praepositionem
681 1545 715 1574 et
739 1542 826 1575 arti-

163 1587 274 1622 culum
308 1588 530 1632 interpositae
563 1587 715 1630 exempla
742 1599 826 1620 non-

162 1634 256 1668 nulla
278 1633 406 1667 attulit.
455 1634 560 1667 Cuius
594 1633 824 1667 coniecturam

164 1680 300 1713 codices
337 1680 416 1714 Par.
446 1680 488 1712 A.
524 1680 609 1712 Lob.
650 1679 749 1712 Vind.
784 1680 824 1713 Β.

162 1726 257 1760 Mon.
293 1726 333 1759 B.
376 1726 454 1759 vat.
493 1726 608 1759 BHM.
656 1725 740 1759 Ven.
784 1725 825 1761 B.

163 1772 256 1806 Flor.
289 1772 464 1805 ACTUV.
500 1771 752 1804 confirmarunt.
786 1767 824 1804 ἐν

164 1814 295 1857 αὐτοῖς
328 1821 381 1852 est
413 1817 448 1850 in
481 1818 579 1851 Vind.
612 1817 685 1851 EF.
726 1817 826 1860 (Par.

163 1865 227 1908 K.)
252 1864 344 1898 Flor.
369 1864 411 1897 R.
445 1863 614 1908 editisque
638 1866 716 1896 ante
740 1863 827 1896 Astii

164 1922 232 1945 sec.
279 1910 332 1944 De
355 1910 435 1944 Par.
460 1909 534 1943 DK.
565 1910 649 1944 Ven.
675 1909 715 1942 C.
739 1911 825 1953 Aug.

164 1957 204 1991 B.
229 1957 409 1990 Bekkerus
432 1955 527 1989 nihil.

207 2010 411 2057 κινδύνοις]
439 2025 503 2046 om.
528 2012 622 2046 Mon.
647 2012 686 2045 B.

212 2057 358 2104 ἰδόντα]
384 2071 448 2093 om.
473 2060 552 2094 Vat.
577 2059 617 2092 B.

211 2114 434 2160 κελεύοιμεν]
458 2113 651 2158 κελεύομεν
669 2115 770 2148 Vind.
783 2115 824 2150 F.

165 2164 252 2208 Ang.
279 2164 318 2198 B.
343 2160 525 2205 κελεύοιμι
548 2162 641 2195 Mon.
667 2162 706 2195 Β.
734 2162 825 2195 Flor.

166 2210 211 2242 U.
243 2209 440 2250 Bekkerus,
470 2208 588 2241 Astius
618 2207 651 2241 in
681 2210 761 2242 tert.
791 2213 825 2240 et

150 2253 419 2288 *Stalibaumius
444 2255 593 2287 iuberem
618 2253 691 2287 Fic.
721 2253 825 2294 Quod

169 2301 302 2334 Glauco
337 2300 379 2334 ad
411 2299 544 2334 initium
566 2299 700 2344 potius,
725 2311 826 2344 quam

167 2347 211 2381 ad
230 2346 356 2379 exitum
373 2346 532 2380 orationis
551 2345 752 2379 Socraticae
770 2358 827 2379 re-

167 2392 328 2446 spondet,
348 2392 381 2425 id
406 2392 540 2426 minime
565 2392 686 2432 efficit,
705 2397 744 2424 ut
760 2392 826 2425 So-

167 2442 295 2472 cratem
319 2437 427 2482 ipsum
450 2449 611 2483 negemus
635 2438 761 2471 exitum
776 2438 826 2471 ita

168 2485 419 2526 conformasse,
456 2488 494 2518 ut
525 2484 583 2529 qui
617 2481 746 2528 ὄρθιος
778 2479 826 2517 ἂν

167 2532 338 2572 ποιοῖμεν
357 2530 411 2563 vel
427 2529 532 2563 simile
550 2530 629 2584 quid
651 2530 693 2563 ad
712 2541 825 2563 omnes

168 2576 343 2622 pertinens
365 2587 563 2620 responsum
585 2576 629 2609 iri
645 2580 827 2619 exspecta-

166 2627 222 2656 ret
246 2625 306 2655 aut
328 2622 529 2666 responderi
545 2622 657 2655 vellet.
691 2623 741 2656 Ab
763 2622 826 2655 hac

166 2668 273 2712 igitur
304 2671 402 2712 parte
433 2668 575 2712 plurali,
602 2669 660 2713 qui
692 2679 755 2713 per
790 2679 827 2701 se

169 2714 387 2748 offensionem
407 2714 529 2747 nullam
552 2714 679 2747 habere
702 2717 828 2757 potest,

168 2760 250 2794 nihil
283 2760 407 2794 obstat.
457 2760 560 2793 Immo
589 2760 617 2793 si
643 2757 827 2803 κελεύοιμι

167 2817 284 2839 verum
308 2809 416 2846 esset,
441 2805 595 2847 Glauco,
620 2806 677 2850 qui
700 2806 827 2839 Socra-

169 2857 238 2886 tem
263 2863 366 2886 unum
388 2851 529 2886 laudare
551 2852 666 2894 vellet,
690 2863 755 2885 non
774 2851 826 2885 vi-

881 1103 980 1137 detur
1004 1102 1047 1137 ad
1069 1101 1178 1148 prima
1202 1100 1275 1134 eius
1297 1101 1404 1135 verba
1426 1113 1548 1136 rever-

881 1161 992 1189 surus,
1011 1149 1070 1182 sed
1096 1149 1213 1181 eodem
1237 1147 1296 1181 illo
1320 1158 1443 1181 usurus
1463 1148 1547 1182 fuis·

881 1207 936 1229 se:
965 1190 1153 1237 ὀρθότατ’
1177 1190 1224 1227 ἂν
1243 1190 1416 1233 κελεύοις.
1443 1194 1547 1228 Cete-

880 1253 953 1275 rum
979 1252 1053 1274 cum
1076 1239 1346 1283 interrogatione
1370 1240 1456 1273 haec
1473 1245 1547 1274 ter-

880 1287 1008 1321 minata
1045 1297 1120 1319 esse
1154 1292 1257 1331 puto,
1291 1285 1388 1319 cuius
1412 1286 1545 1330 signum

881 1338 961 1378 post
997 1328 1132 1371 ἄλλους
1165 1332 1346 1365 secundum
1380 1331 1474 1367 Mon.
1506 1334 1548 1367 B.

881 1380 961 1413 Bas.
987 1380 1041 1413 ab.
1063 1378 1141 1412 feci.
1170 1377 1437 1412 Stallbaumius
1427 1390 1462 1412 ln
1479 1391 1546 1412 sec.

882 1425 1091 1471 aposiopesis
1118 1429 1232 1458 notam
1259 1424 1427 1458 adhibuit.
1478 1425 1548 1458 Sed

881 1472 964 1505 illud
989 1472 1071 1516 quid
1094 1470 1197 1505 tum?
1224 1470 1280 1503 vel
1307 1471 1390 1514 quid
1408 1471 1548 1505 censes?

882 1517 972 1562 quod
997 1529 1079 1551 sane
1102 1516 1371 1550 subaudiendum
1398 1522 1461 1558 est,
1481 1518 1548 1551 So-

882 1567 995 1597 crates
1029 1563 1181 1597 consulto
1217 1566 1253 1595 et
1284 1574 1350 1596 non
1382 1562 1549 1608 interpel-

881 1609 973 1643 lante
1005 1610 1182 1643 Glaucone
1212 1609 1311 1652 quasi
1344 1608 1410 1642 iam
1443 1620 1547 1654 supra

883 1667 903 1689 a
926 1667 963 1689 se
990 1655 1140 1700 positum
1164 1654 1320 1688 omittere
1345 1655 1466 1700 potuit.

927 1721 1159 1768 ὈρθότατἼ
1204 1719 1397 1768 ὀρθώτατ’
1444 1724 1549 1761 Vind.

883 1771 1298 1860 Ε’προσποιησώμεθα]
1341 1826 1547 1860 προσποιη-

883 1860 1029 1906 σόμεθα
1056 1862 1142 1895 Lob.
1178 1862 1272 1896 Mon.
1297 1862 1338 1895 B.
1367 1862 1447 1896 Par.
1472 1863 1548 1898 DK.

882 1921 951 1943 sec.
976 1909 1087 1943 Bekk.
1113 1909 1193 1943 Vat.
1218 1908 1266 1941 Μ.
1293 1907 1386 1942 Flor.
1406 1910 1547 1943 ACTV.

927 1974 1047 2021 ἡμεῖς]
1073 1982 1107 2011 et
1129 1987 1191 2009 ποε
1214 1975 1290 2009 Fic.

930 2021 1038 2068 εἶναι]
1063 2026 1142 2068 post
1164 2021 1242 2055 τῶν
1268 2022 1440 2056 δυνατῶν
1461 2023 1549 2059 Ven-

883 2069 921 2103 B.
947 2070 1047 2104 Vind.
1075 2069 1118 2103 Ε.
1142 2069 1238 2102 Flor.
1263 2068 1303 2102 C.

929 2126 1116 2171 δυνατῶν]
1143 2137 1209 2159 om.
1233 2127 1312 2159 Vat.
1338 2124 1378 2158 B.

927 2174 1064 2217 κρῖναι]
1092 2172 1217 2216 κρίναι
1242 2171 1340 2204 Vind.
1365 2170 1440 2206 EF.

930 2226 1045 2274 ὅστις]
1073 2226 1152 2269 ὅτις
1178 2230 1270 2263 Flor.
1295 2229 1339 2263 T.

930 2295 1208 2342 ἀποκρινεῖται]
1301 2295 1549 2342 ἀποκρίνηται

884 2345 985 2381 Vind.
1011 2345 1051 2378 F.
1077 2346 1164 2389 Ang.
1188 2345 1228 2378 B.

929 2410 1100 2458 σκόπει·]
1152 2413 1236 2447 Sine
1275 2412 1548 2458 interpunctione

881 2459 957 2493 Ald.
990 2460 1071 2493 Bas.
1106 2460 1160 2493 ab.
1196 2462 1231 2492 et
1262 2459 1420 2493 Ficinus:
1469 2461 1549 2504 Age

882 2506 1020 2550 utique,
1056 2507 1108 2538 ita
1141 2506 1319 2538 considera
1349 2507 1549 2540 similitudi-

882 2564 984 2605 nem&
998 2552 1201 2605 (nemoriam
1221 2557 1379 2596 repetens
1395 2554 1550 2588 civitatis

884 2609 1241 2688 αστῗγιῗομοιότητα]
1268 2643 1321 2677 bis
1344 2644 1445 2679 Vind.
1473 2645 1513 2679 B.

931 2698 1318 2755 ἀναμιμνῃσκόμενος]
1381 2698 1547 2746 οἷναμνη-

883 2744 1061 2789 σκόμενος
1085 2746 1444 2781 Vind.F.F101-.R.

883 2803 981 2883 Ττε]
1007 2815 1071 2837 σπι.
1097 2803 1198 2839 Vind.
1220 2803 1264 2838 Ε.
1289 2804 1369 2838 Vat.
1389 2804 1433 2837 H.
1452 2804 1548 2839 Flor.

1290 2905 1361 2947 12
