1764 3176
257 79 343 119 294

259 186 332 230 καὶ
382 186 611 242 τελευταίῳ
666 186 859 240 ἐπιόντι,

732 76 1196 120 PLATONIS

912 188 992 241 ξύν
1040 192 1106 245 νῷ
1157 186 1368 245 ἑλομένῳ,
1419 185 1642 241 συντόνως

261 257 387 308 ζῶντι
430 258 567 297 κεῖται
598 253 694 309 βίος
736 252 976 311 ἀγαπητός,
1018 255 1073 299 ου’
1102 255 1247 306 κακός.

1307 255 1412 311 μήτε
1442 254 1465 299 ὁ
1497 255 1643 312 ἅρχων

263 321 467 376 αἵρὲσεως
501 319 721 377 ἀμελείτω,
750 321 857 379 μήτε
895 322 919 367 ὁ
961 329 1171 369 τελευτῶν
1203 321 1445 380 ἄθυμείτω,
1503 324 1642 368 εἰπόν-

260 406 334 440 τος
365 390 577 433 δὲταῦτα
615 388 694 433 τόν
721 394 900 445 πρῶτον
940 392 1126 448 λαχόντα
1163 392 1246 448 ἔφη
1289 390 1424 442 εύθύς
1461 391 1640 436 ἐπιόντα

258 457 338 513 τήν
367 459 573 513 μεγίστην
611 461 851 512 τυραννίδα
881 458 1054 503 ἑλέσθαι
1084 461 1158 504 καὶ
1186 458 1273 504 ὑπὸ
1303 457 1561 515 ἀφροσύνης
1597 476 1641 503 τε

259 526 333 569 καὶ
368 527 627 581 λαιμαργίας
669 523 722 568 οὐ
763 525 905 570 πάντα
946 530 1107 580 ἱκανῶς
1146 525 1511 583 ἀνασκεψάμενον
1548 526 1642 571 ἕλε’,-

197 593 229 636 C
261 600 391 646 σθαι,
430 592 526 637 ἀλλ’
571 593 707 637 αὐτόν
753 599 908 638 λαθεῖν
943 596 1132 640 ἐνοῦσαν
1171 595 1437 652 είμαρμένην
1472 595 1643 638 παίδων

260 663 398 705 αυτοῦ
430 661 615 716 βρώσεις
644 662 717 706 καὶ
748 662 858 705 ἄλλα
887 664 1023 708 κακοί·

1075 665 1222 721 ἐπειδὴ
1262 665 1308 708 δὲ
1337 663 1447 708 κατὰ
1483 662 1643 719 σχολὴν

259 729 524 783 σκέψασθαι,
567 729 809 773 κόπτεσθαί
849 748 893 775 τε
933 732 1006 775 καὶ
1049 732 1288 788 ὀδύρεσθαι
1329 731 1410 788 τήν
1457 733 1642 786 αἵρεσιν,

303 820 513 866 τελευταίῳ]
535 821 862 861 τελευταίωςνίηό.
880 822 921 858 Ε.

257 867 469 899 τελευταῖον
497 868 576 900 Par.
604 867 679 901 DK.
712 880 779 900 sec.
810 868 919 902 ssekk.

256 912 309 945 τῶ
337 914 547 945 τελευταῖον
572 913 665 947 Mon.
690 914 729 947 B.
754 913 847 947 Flor.
875 914 919 948 U.

302 956 391 1001 ξὺν]
428 959 480 991 Ita
516 959 597 992 Par.
622 965 662 992 A.
696 959 784 994 Lob.
820 961 920 994 Vind.

256 1004 330 1037 ΒΕ.
358 1006 436 1039 Vat.
463 1004 578 1038 BHM.
603 1005 689 1038 Ven.
712 1006 753 1039 B.
774 1007 858 1046 Aug.
879 1007 920 1039 Β.

256 1049 330 1084 Pal.
378 1053 418 1084 A.
464 1051 558 1084 Flor.
602 1052 776 1086 ACRTV.
822 1052 919 1093 ξυνω

256 1096 358 1129 Vind.
383 1096 424 1129 F.
449 1094 517 1130 σὺν
539 1096 620 1131 Par.
641 1097 719 1132 DK.
743 1097 819 1131 Ald.
840 1099 920 1134 Bas.

257 1142 311 1175 ab.
338 1143 459 1186 Steph.
478 1144 551 1176 Ast.
569 1154 621 1188 pr.
643 1147 722 1178 tert.
740 1156 806 1177 om.
825 1144 917 1178 Mon.

255 1188 295 1221 B.
323 1189 417 1222 Flor.
444 1189 486 1222 U.

301 1234 369 1281 νῷ]
394 1247 460 1268 om.
483 1234 582 1269 Vind.
596 1235 637 1269 F.
657 1235 752 1270 Mon.
764 1236 802 1269 Β
823 1236 920 1270 Flor.

255 1280 299 1313 U.
326 1285 471 1314 etam.
497 1292 549 1324 pr.
584 1280 664 1315 Par.
689 1283 728 1315 A.
761 1282 815 1328 τῷ
841 1283 919 1316 Par.

255 1326 331 1360 DK.
360 1338 429 1361 sec.
447 1327 557 1361 Bekk.
584 1332 619 1359 et
643 1329 760 1361 Astius
784 1317 817 1361 i‘n
837 1332 918 1363 tert.

303 1369 474 1418 ἑλομένῳ]
501 1385 567 1405 om.
594 1373 687 1408 Μοη.
699 1375 739 1408 Β.
765 1375 860 1408 Flor.
874 1375 918 1408 U.

304 1418 436 1462 ζῶντι]
473 1417 571 1463 ζωὴν
611 1420 721 1460 ζωντι
760 1422 847 1464 Aug.
878 1422 919 1455 B.

257 1465 432 1508 ζητοῦντι
456 1465 549 1498 Mon.
575 1465 613 1498 Β.
645 1466 736 1522 Fl'or.
764 1467 808 1500 U.
859 1466 920 1500 Sic

256 1511 297 1544 L.
327 1511 400 1544 VII
435 1523 469 1555 p.
492 1513 570 1545 528.
596 1511 636 1545 C.
672 1509 829 1552 ἐντόνως
861 1513 919 1556 ζη-

257 1554 431 1599 τούμενα.
490 1558 613 1602 Neque
645 1558 794 1604 ineptum
830 1562 921 1592 esset

257 1603 441 1658 ζητουντι,
466 1603 494 1636 si
519 1616 582 1637 non
607 1605 831 1649 praecederet
854 1602 920 1646 ξυν

257 1649 309 1694 νῷ
349 1646 528 1695 ελομένῳ,
562 1662 651 1695 quae
681 1652 787 1684 verba
819 1652 861 1685 ob
885 1651 920 1684 id

256 1695 363 1740 ipsum
416 1700 536 1729 auctor
580 1696 785 1730 recensionis
830 1696 919 1730 illius

257 1741 382 1782 omisit,
406 1742 574 1783 offensus,
600 1743 665 1776 nisi
687 1743 808 1783 fallor,
832 1748 919 1776 tem-

256 1798 340 1831 pore
364 1793 545 1831 praesente
569 1788 696 1830 ζῶντι,
730 1790 820 1834 quod
845 1801 920 1822 cum

256 1835 375 1866 κεῖται
399 1834 583 1868 consmtere
608 1846 673 1867 non
697 1847 798 1878 posse
818 1842 919 1880 puta—

256 1883 320 1912 1et.
368 1879 408 1911 Id
440 1891 520 1912 vero
554 1882 767 1914 referendum
796 1886 850 1914 est
875 1881 919 1915 ad

256 1921 469 1968 οἷγαπητόςε
494 1927 568 1960 vita
587 1928 674 1960 satis
693 1928 781 1960 bona
800 1928 842 1968 ei,
861 1928 919 1971 qui

257 1977 413 2004 contente
440 1973 536 2006 vivat
569 1978 601 2006 et
633 1975 758 2006 mentis
787 1974 918 2006 viribus

253 2023 390 2051 strenue
412 2023 542 2052 utatur.
575 2019 695 2063 Itaque
710 2023 789 2063 post
809 2020 919 2060 ζωντι

256 2075 384 2096 comma
417 2064 538 2098 delevi.
588 2065 644 2098 Cf.
681 2065 765 2109 Leg.
792 2066 832 2098 L.
860 2066 918 2099 VI.

254 2121 287 2154 p.
308 2110 387 2144 752.
408 2110 459 2143 D:

254 2167 328 2189 ναι.

300 2202 440 2244 κεῖται]
465 2203 631 2236 καλεῖται
655 2204 741 2236 Lob.
766 2204 843 2236 Vat
869 2203 918 2236 Μ.

299 2245 390 2291 μήτε
421 2245 439 2281 ὁ
467 2244 602 2293 ἄρχων]
629 2247 719 2293 μήτε
745 2261 815 2283 ουν
842 2245 861 2283 6
883 2245 918 2282 α’.

253 2294 348 2327 Flor.
377 2294 422 2326 T.

299 2336 514 2384 ἅθυμείτω]
548 2345 688 2385 propter
708 2342 770 2375 hoc
803 2342 920 2376 doleat

252 2391 357 2443 atque
378 2392 516 2441 torpeat
540 2387 617 2420 Fic.

297 2444 360 2465 και
381 2428 457 2466 υπὸ
477 2452 523 2456 -
541 2429 706 2478 ἑλέσθαι]
726 2445 791 2467 om.
820 2433 920 2467 Vind.

250 2477 325 2511 BE.
349 2497 395 2502 ——
422 2478 593 2512 Procius
584 2491 619 2512 ln
646 2480 722 2514 Civ.
741 2492 774 2524 p.
785 2482 865 2517 378
879 2482 920 2515 7·

250 2523 453 2579 μονονουχὶ
487 2525 554 2558 τοῦ
592 2526 750 2581 ποιητοῦ
794 2526 918 2560 ταῦτα

252 2571 293 2608 (f.
319 2567 461 2614 ταυτα)
489 2570 667 2625 βοῶντος,
693 2567 716 2605 ἃ
741 2572 804 2606 καὶ
832 2568 851 2606 6
879 2568 918 2605 ἐν

253 2616 429 2661 Πολιτείᾳ
463 2615 688 2662 Σωκράτης,
717 2614 777 2652 ὅτι
800 2615 918 2652 πολλοὶ

251 2663 486 2705 προτείνεται
517 2667 599 2702 ταῖς
622 2668 762 2708 ψυχαῖς
787 2661 825 2698 ἐκ
849 2665 916 2698 τοῦ

250 2707 408 2764 παντὸς,
434 2706 525 2754 [οἶα]
539 2709 810 2753 καταπληττειν
829 2708 919 2750 τούς

253 2751 443 2799 ἀνοήτους
466 2755 528 2790 καὶ
551 2755 635 2801 περὶ
667 2756 737 2796 τὰς
762 2754 919 2801 αιρέσεις

485 2108 673 2150 συντόνως
695 2092 919 2156 ἐπιμεληθῆ-

977 823 1054 856 τῶν
1092 822 1185 877 βίων
1221 820 1448 877 ἀποφαίνειν
1479 823 1642 876 πλημμε-

978 871 1062 908 λεῖς.
1116 865 1238 925 ω’σπερ
1282 869 1351 903 οὐν
1390 865 1408 902 6
1446 865 1642 924 προφήτης

978 915 1162 969 προτείνει
1194 913 1263 949 τὸν
1294 912 1516 970 τυραννικὸν
1544 913 1643 959 βίον,

977 961 1040 994 καὶ
1073 958 1092 995 6
1118 961 1269 1004 πρῶτος
1302 958 1524 1003 ἀνελόμενος
1553 960 1643 993 τοῦ·

977 1019 1042 1040 τον
1069 1004 1231 1050 οἷνόητος
1258 1006 1418 1050 εἴρηται,
1450 1006 1572 1040 καίτοι
1595 1004 1639 1040 τὰ

977 1055 1178 1095 προτεῖναν
1202 1051 1314 1086 θεῖόν
1344 1065 1379 1086 τι
1402 1064 1553 1091 παντως
1580 1045 1640 1096 ἦν,

978 1096 1078 1133 ου’τω
1100 1097 1145 1142 δὴ
1166 1098 1229 1133 καὶ
1240 1099 1315 1154 τῆς
1333 1095 1490 1142 Ἀθηνᾶς
1510 1098 1562 1138 εἰς
1585 1097 1641 1131 αἴ-

978 1156 1076 1188 ρεσιν
1101 1144 1169 1180 τὸν
1188 1142 1392 1194 Πανδαρον
1414 1141 1642 1188 καταστησά-

977 1202 1043 1235 σης
1077 1195 1143 1225 etc.
1181 1189 1262 1236 (οἷα
1286 1203 1328 1225 ex
1362 1191 1559 1225 coniectura
1590 1190 1641 1224 in-

977 1237 1099 1281 semi.)

1024 1282 1173 1326 ἱκανῶς]
1202 1281 1330 1321 ἱκανὸς
1353 1282 1453 1316 Vind.
1472 1282 1516 1315 F.

1025 1326 1108 1362 ἀλλ’
1121 1327 1255 1372 αὐτὸν]
1280 1326 1371 1362 ἀλλὰ
1386 1327 1526 1362 ταυτὸν
1539 1328 1640 1364 Vind.

978 1375 1018 1408 F.
1046 1373 1138 1408 ἀλλὰ
1157 1376 1294 1408 τοῦτον
1318 1375 1416 1409 Flor.
1442 1375 1483 1408 R.

1023 1419 1271 1465 ειμαρμένην]
1335 1421 1442 1465 Vulgo
1489 1420 1642 1454 additam

977 1467 997 1500 h
1001 1467 1215 1512 ypostigmen
1238 1466 1362 1508 delevi,
1382 1466 1464 1511 quia
1483 1464 1642 1500 ἐνοῦσαν

977 1525 1042 1546 non
1069 1513 1248 1555 adieetivi,
1277 1513 1336 1547 sed
1361 1512 1550 1558 praedicati
1574 1512 1643 1547 vim

976 1560 1090 1593 habet.

1024 1601 1167 1650 αὑτοῦ]
1200 1602 1374 1639 av'.1.0b.
1411 1604 1511 1638 Vind.
1536 1603 1641 1638 BEF.

976 1651 1069 1685 Mon.
1089 1653 1128 1685 B.
1155 1652 1232 1685 Ald.
1257 1652 1336 1684 Bas.
1364 1651 1419 1684 ab.

976 1695 1189 1776 Τβρώσεις]
1217 1697 1352 1743 βρῶσις
1376 1696 1478 1732 Vind.
1488 1697 1529 1730 B.
1548 1695 1642 1730 Flor.

976 1744 1135 1832 Tzanoi]
1159 1786 1277 1822 πολλὰ
1303 1788 1389 1822 Lob.
1418 1788 1496 1821 vat.
1522 1785 1572 1824 M.

1023 1833 1252 1890 σκέψασθαι]
1277 1832 1457 1879 σκέψαιτο
1482 1833 1575 1867 Μοη.
1573 1833 1639 1914 OB.

975 1879 1172 1915 σκέπταιτο
1197 1880 1276 1915 Par.
1303 1880 1347 1916 K.
1382 1880 1473 1915 Flor.
1497 1880 1541 1914 U.

976 1929 1056 1963 Vat.
1076 1927 1120 1960 H.

1021 1973 1177 2017 αι’ρεσιν]
1207 1971 1348 2026 αἵρεριν
1373 1971 1448 2005 Ald.
1474 1971 1554 2005 Bas.
1581 1983 1613 2006 a.

1021 2018 1216 2071 δαίμονας]
1239 2015 1464 2060 ευδαίμονας
1482 2017 1581 2051 Vind.
1598 2017 1639 2050 Ε.

976 2085 1020 2090 -——
1045 2065 1211 2099 ΡιοοΙυ5”
1202 2076 1236 2097 lu
1247 2063 1353 2097 Alcib.
1366 2064 1411 2097 T.
1422 2063 1490 2096 III.
1507 2076 1541 2108 p.
1556 2065 1640 2098 165·

975 2110 1039 2145 καὶ
1082 2107 1172 2153 ὅπερ
1200 2110 1362 2165 εἴρηκεν
1394 2108 1431 2142 ἐν
1467 2109 1642 2154 Πολιτείᾳ

976 2156 1060 2200 περὶ
1081 2157 1147 2190 τοῦ
1170 2154 1238 2191 τὸν
1260 2153 1486 2199 τυραννικὸν
1513 2155 1641 2199 αἱρου-

977 2201 1090 2246 μένον
1104 2202 1210 2255 βίον,
1227 2200 1458 2258 αἰτιωμένου
1480 2201 1642 2244 δαίμονα

976 2248 1040 2282 καὶ
1067 2247 1181 2291 τύχην
1211 2245 1307 2282 ἀνθ’
1340 2244 1482 2289 αὑτοῦ,
1524 2247 1639 2281 τοῦτο

977 2307 1039 2328 και
1081 2292 1252 2328 ἐνταῦθα
1294 2290 1479 2348 αρμόττει
1514 2291 1640 2337 λέγειν.

977 2340 1040 2374 και
1055 2339 1135 2395 γὰρ
1161 2337 1236 2373 ἐκεῖ
1260 2337 1549 2394 προτεινομένης
1574 2340 1641 2383 τῆς

979 2384 1163 2441 αἱρέσεως
1189 2384 1227 2420 ἐκ
1257 2386 1324 2420 τοῦ
1354 2386 1420 2441 τῆς
1449 2383 1641 2429 Λαχέσεως

976 2431 1113 2488 κλήρου
1141 2429 1306 2487 ᾑροῦντο
1342 2443 1408 2487 μεν
1442 2431 1481 2465 αἱ
1509 2431 1640 2475 ψυχαι,

978 2476 1190 2533 (ἐπενέμετο
1218 2476 1256 2512 δε
1290 2476 1339 2511 τὰ
1374 2475 1568 2512 α’κόλουθα
1601 2475 1639 2511 ἐκ

974 2525 1042 2559 τοῦ
1069 2521 1230 2566 παντός,
1263 2524 1326 2558 καὶ
1351 2521 1522 2558 ἐνταῦθα
1549 2535 1637 2567 προ-

974 2572 1161 2605 τείνονται
1186 2582 1252 2614 μεν
1277 2569 1316 2603 αἱ
1338 2567 1537 2625 ἐρωτήσεις
1560 2568 1637 2604 <inb

977 2618 1036 2661 (an
1060 2614 1136 2651 υπὸ
1150 2617 1185 2660 ,7)
1209 2614 1456 2659 Σωκρατους,
1482 2616 1641 2659 αιρεῖται

976 2662 1016 2697 δὲ
1055 2660 1073 2697 ὁ
1110 2660 1362 2719 Ἀλκιβιάδης,
1390 2660 1575 2719 ἐπάγεται
1599 2661 1639 2696 δὲ

977 2707 1266 2763 συμπεράσματα
1281 2705 1346 2753 ἐξ
1331 2721 1384 2742 ων
1400 2706 1538 2748 ἐκεῖνος
1551 2705 1640 2744 οἷπε-

975 2755 1131 2800 κρίνετο.
1154 2751 1275 2798 ὡσπερ
1300 2751 1400 2790 ουνὸ
1420 2755 1640 2799 τυραννικῆς
