1764 3176
358 189 685 234 CIVITAS
731 189 858 233 LIB.
901 190 1014 235 VIIL
1053 198 1120 233 555

46 301 134 345 Καὶ
155 298 300 356 μάλα,
331 300 426 357 ἔφη.
474 300 570 344 ”En
601 297 704 355 οὖν,
749 297 806 359 ἦν
847 301 890 347 δ’
921 303 1023 359 ἐγώ,
1066 302 1334 363 ἀπιστοῦμεν
1374 303 1435 361 μὴ

45 368 156 413 κατὰ
192 368 271 425 τὴν
309 368 686 428 ὀλιγαρχουμένην
724 370 854 419 πόλιν
895 370 1118 428 ὁμοιότητι
1156 372 1235 429 τόν
1275 376 1434 430 φειδω-

43 437 122 482 λόν
150 438 297 481 τεκαὶ
323 438 614 495 χρηματιστὴν
642 438 871 494 τετάχθαις
909 440 1147 496 Οὐδαμῶς,
1178 441 1275 498 ἔφη.
1336 447 1430 499 Δη-
1459 446 1495 487 Β

44 508 288 561 μοκρατίαν
329 506 408 563 δή,
453 506 512 558 ὠς
553 507 689 558 ἔοικε,
740 507 846 562 μετα
876 511 1016 550 τοῦτο
1059 510 1292 561 σκεπτέον,
1332 513 1433 554 τίνα

42 590 88 618 τε
117 576 308 630 γίγνεται
337 575 503 629 τρόπον
530 575 741 630 γενομένη
769 592 814 618 τε
843 576 974 618 ποῖόν
1003 593 1101 619 τινα
1132 577 1238 632 ἔχει,
1272 580 1344 621 ἴνα
1374 574 1435 623 αὖ

42 641 122 686 τόν
152 646 233 685 τοῦ
272 643 480 687 τοιούτου
520 642 680 698 ἀνδρὸς
719 644 887 698 τρόπον
927 643 1105 699 γνόντες
1145 647 1434 703 παραστησώ-

42 709 146 766 μεθ’
179 710 315 755 αὐτὸν
355 714 415 763 εἰς
461 714 617 766 κρίσιν.
672 710 860 768 Ὁμοίως
901 718 1012 769 γοῦν
1051 712 1128 765 ἂν,
1171 714 1286 770 ἔφη,
1326 715 1434 772 ἡμῖν

43 781 195 831 αὐτοῖς
234 782 546 835 πορευοίμεθα.
611 779 811 832 Οὐκοῦν,
852 776 909 837 ἦν
951 781 997 825 δ’
1026 782 1129 838 ἐγώ,
1176 784 1434 840 μεταβάλλει

40 850 120 906 μὲν
149 849 316 904 τρόπον
344 849 442 891 τινα
474 848 645 892 τοιόνδε
676 849 718 901 ἐξ
748 848 999 905 ὀλιγαρχίας
1030 853 1088 902 εἰς
1116 853 1431 907 δημοκρατίαν,

43 916 104 962 δι’
137 916 378 974 ἀπληστίαν
407 920 488 960 τοῦ
517 918 809 973 προκειμένου
843 917 1043 974 ἀγαθοῦ,
1083 925 1164 962 τοῦ
1206 919 1264 971 ὠς
1295 925 1432 964 πλου-

43 985 258 1031 σιώτατον
294 988 386 1030 δεῖν
418 987 667 1041 γίγνεσθαις
702 990 806 1037 Πῶς
839 986 1057 1042 δή,·”’.κ1τε,
1092 986 1239 1044 οἶμαι,
1270 987 1432 1045 ἄρχον·
1462 994 1494 1035 C

42 1059 109 1107 ’τες
139 1056 186 1100 ἐν
216 1055 327 1112 αὐτῇ
358 1056 400 1098 οἱ
430 1054 634 1111 ἄρχοντες
672 1054 744 1098 διοὶ
779 1055 826 1098 τὸ
866 1054 1005 1098 πολλὰ
1047 1061 1310 1112 κεκτῆσθαι,
1347 1056 1430 1102 οὐκ

1379 196 1436 237 47

42 1206 119 1250 (ut)
149 1206 294 1239 eandem
312 1205 347 1238 in
363 1205 430 1239 tali
450 1204 605 1246 (homine
624 1216 704 1238 con-

40 1254 204 1287 ditionem
226 1252 522 1308 recognoscentes)
547 1250 622 1283 Fic.

85 1294 427 1352 παραστησώμεθ’]
478 1297 516 1330 111
550 1296 635 1330 Lob.
681 1307 701 1330 ο

39 1357 142 1389 super
175 1341 227 1379 σω’
259 1344 435 1389 scriptum
459 1340 702 1387 παραστησώ-

36 1393 138 1435 μεθοι
177 1391 275 1425 Vind.
308 1390 382 1424 BE.
424 1390 522 1423 Flor.
561 1389 701 1423 ACTV,

37 1438 180 1472 Photius
214 1436 310 1470 Pors.
347 1448 379 1480 p.
415 1438 495 1471 337.
533 1436 594 1486 (et
619 1435 702 1468 Sui-

36 1484 99 1518 das
110 1485 137 1528 :)
164 1480 491 1538 Παραστησόμεθα
514 1479 632 1516 αυτὸν
653 1480 704 1521 εἰς

37 1531 166 1574 κρίσιν.
193 1526 394 1585 (Πλατων
426 1528 547 1572 Suid.)
592 1529 703 1561 Πολι-

28 1588 138 1616 τείας
177 1588 221 1631 η’
256 1588 339 1608 ανΐι
373 1587 440 1608 ῒΟυ
474 1572 703 1629 καῒασῖήσο·

37 1634 103 1678 μεν
137 1619 258 1656 αὐτὸν
292 1622 344 1660 εἰς
380 1617 595 1663 κρίσιν.τό
636 1616 703 1663 μὲν

37 1666 109 1712 γὰρ
139 1666 317 1724 ἔγκλημα
332 1663 547 1709 ἀντωμοσία
583 1668 702 1700 καλεῖ-

38 1727 120 1757 ται,
165 1711 185 1749 ὁ
226 1711 265 1748 δὲ
301 1710 462 1769 ἐγκαλῶν
500 1712 703 1756 (εἰσκαλῶν

38 1761 152 1804 Suid.)
185 1757 336 1804 γράψας
366 1757 408 1793 τὸ
447 1762 468 1792 ὅ
500 1760 602 1803 (haee
635 1759 702 1791 duo

37 1806 164 1840 suidas
189 1805 326 1847 omittit,
351 1817 414 1838 nec
438 1817 501 1850 ego
527 1805 609 1849 quid
635 1804 699 1837 sibi

36 1853 142 1887 velint
163 1851 369 1909 assequor.)
405 1851 456 1890 εἰς
479 1850 700 1907 πινακίδιον

36 1911 100 1933 και
132 1897 174 1933 τὸ
209 1894 329 1941 ὄνομα
361 1896 425 1931 καὶ
449 1894 492 1931 τὸ
519 1894 699 1952 ἐπίσημον

35 1941 124 2003 μεθ’
152 1941 340 1988 νπηρέτου
364 1943 415 1989 τῷ
447 1940 698 1988 ἐγκαλουμένῳ

36 1989 261 2026 ἐπιδίδωσιν.
305 1990 438 2031 Quibus
463 2002 551 2034 quae
578 1991 700 2022 desunt

36 2038 80 2072 ad
121 2037 356 2082 explicandam
410 2036 492 2069 dicti
536 2035 703 2069 Platonici

35 2083 371 2129 interpretationem,
404 2082 495 2126 apud
529 2082 701 2115 Pollucem

36 2134 174 2164 exstant
196 2130 237 2163 L.
262 2129 357 2162 VIII.
382 2141 412 2161 c.
423 2130 487 2163 39.
513 2124 604 2183 ῆδε
630 2139 699 2160 πα-

36 2173 212 2221 ράστασις
223 2172 376 2231 δραχμὴ
404 2167 465 2218 ἦν,
491 2140 539 2218 ἣν
566 2171 585 2209 ὁ
614 2171 700 2208 διώ-

34 2234 112 2256 κων
134 2218 237 2265 παρὰ
264 2220 433 2265 διαιτητῇ
463 2217 700 2264 προσεισέφε-

37 2278 117 2324 ρεν·
139 2268 234 2323 (una
272 2278 346 2300 cum
379 2266 521 2300 actionis
552 2266 698 2310 libeilo.)

37 2311 104 2358 ἀφ’
127 2307 175 2358 ἧς
199 2312 287 2353 ἴσως
310 2310 373 2346 καὶ
398 2310 556 2346 Πλάτων
578 2324 698 2356 παρα-

37 2357 249 2416 στήσασθαι
300 2358 352 2398 εἰς
399 2359 516 2402 κρίσιν
558 2358 699 2416 εἴρηκεν

37 2419 58 2441 ο
107 2402 434 2458 προσκαλέσασθαι
490 2403 527 2438 οἱ
589 2403 700 2448 ῥήτο-

37 2463 108 2497 ρες.
143 2463 230 2497 quae
253 2451 360 2495 ipsam
383 2450 699 2495 interpretationem

36 2498 189 2544 praeisse
213 2497 380 2531 videntur.
413 2497 480 2530 Hic
502 2508 584 2531 vero
609 2497 700 2530 nulla

37 2545 195 2588 cuiquam
226 2543 315 2577 actio
347 2554 407 2576 seu
440 2543 613 2577 accusatio
644 2543 700 2575 in-

37 2591 198 2624 tenditur.
245 2589 366 2634 Itaque
384 2586 699 2634 παραστήσασθαι

37 2636 90 2677 εἰς
112 2636 231 2680 κρίσιν
263 2635 445 2668 secundum
481 2635 541 2668 issa
578 2635 695 2669 L.11.

36 2694 70 2729 p.
101 2683 182 2718 361.
223 2681 272 2714 Β.
318 2678 386 2715 τὸν
423 2680 568 2715 δίκαιον
599 2678 695 2726 παρ’

36 2725 156 2763 αὐτὸν
203 2725 358 2770 ἱστῶμεν
412 2727 464 2771 τῷ
519 2725 625 2783 λόγῳ
661 2732 698 2761 et

35 2787 68 2821 p.
95 2776 174 2810 360.
200 2773 252 2806 E:
278 2771 347 2828 τὴν
371 2769 410 2806 δὲ
433 2773 553 2827 κρίσιν
577 2770 696 2816 αὐτὴν

34 2820 103 2855 τοῦ
128 2820 221 2874 βίου
238 2817 323 2863 πέρι
347 2812 400 2852 ὦν
424 2817 595 2863 λέγομεν,
629 2818 696 2853 ἐὰν

35 2862 322 2911 διαστησώμεθα
353 2861 421 2899 τόν
440 2875 479 2899 τε
507 2863 695 2901 δικαιότα-

761 1215 828 1237 τον
849 1202 912 1237 aaz
932 1202 1000 1238 τὸν
1022 1201 1265 1248 αδικωτατον,
1292 1203 1369 1240 οἷοί
1387 1204 1427 1241 τ’

762 1247 927 1293 ἐσόμεθα
959 1253 1083 1294 κρῖναι
1125 1249 1254 1294 ὀρθῶς
1293 1254 1430 1298 proprie

761 1296 888 1328 dictum
914 1297 1114 1341 accepeiim.
1168 1299 1223 1332 Cf.
1257 1299 1429 1334 Lucianus

762 1342 945 1376 Icaromen.
984 1355 1012 1376 c.
1040 1345 1094 1378 17.
1130 1345 1174 1378 Τ.
1200 1346 1277 1379 VII.
1312 1358 1345 1390 p.
1370 1347 1429 1381 23.

760 1387 878 1422 Lehni.
917 1384 1040 1432 ὥσπερ
1072 1399 1124 1423 αν
1154 1389 1192 1424 εἴ
1221 1404 1276 1431 τις
1308 1404 1431 1435 παρα-

763 1444 990 1477 στησαμενος
1031 1434 1192 1475 πολλούς
1234 1436 1427 1482 χορευτὰς,

760 1481 899 1523 μᾶλλον
966 1479 1005 1515 δὲ
1061 1481 1223 1522 πολλοὺς
1271 1483 1427 1538 χοροὺς,

763 1524 888 1560 ἔπειτα
908 1525 1124 1570 προστάξειε
1150 1529 1226 1562 τῶν
1255 1527 1428 1564 α’δόντων

763 1570 902 1618 ἑκάστῳ
942 1572 1011 1617 τὴν
1052 1575 1237 1621 συνῳδίαν
1281 1573 1429 1620 αφέντα

762 1617 859 1652 ἴδιον
881 1608 992 1653 άδειν
1016 1610 1137 1664 μέλος.

809 1660 877 1707 ἂν,
891 1655 1028 1721 ἔφη]
1034 1665 1078 1710 δὴ
1108 1665 1203 1711 ευφ’
1229 1669 1330 1704 Vind.
1355 1669 1400 1702 F.

806 1712 918 1765 ἡμῖν]
946 1713 1052 1756 ημῶν
1077 1714 1164 1747 idem
1189 1726 1210 1748 a
1234 1727 1276 1748 m.
1301 1727 1362 1761 pr.

805 1755 978 1811 τοιόνδε]
1015 1760 1190 1793 τοιοῦτον
1222 1761 1335 1805 (Flor.
1361 1762 1426 1806 U.)

761 1803 842 1837 editi
867 1810 947 1837 ante
975 1805 1181 1839 Bekkerum.

759 1847 1092 1930 νε.ἕί““1ι)’λέγαρχίας]
1122 1850 1215 1894 εξόλ.
1231 1853 1320 1887 Lob.
1334 1851 1425 1896 ἕξολ.

792 1908 825 1929 in

758 1988 793 2022 M
804 1943 1076 1988 δημοκρατίαν]
1121 1944 1424 1990 δημομοκρατίαν

797 2000 850 2021 on.
883 1989 923 2022 Β.

805 2035 1019 2088 γίγνεσθαι]
1047 2033 1224 2079 γενέσθαι
1256 2037 1351 2070 Flor.
1377 2038 1422 2072 T.

758 2081 825 2114 Pro
850 2081 946 2125 signo
970 2082 1213 2135 intemngandi,
1237 2084 1326 2129 quod
1350 2095 1424 2118 cum

756 2127 837 2160 Bas
865 2128 919 2161 ab.
945 2134 980 2161 et
1003 2127 1100 2161 Astio
1126 2128 1244 2173 posui,
1270 2130 1424 2175 reliquae

756 2173 924 2207 editiones
949 2180 984 2207 et
1010 2175 1110 2208 Vind.
1145 2175 1219 2208 BE
1257 2176 1350 2210 Mon.
1382 2176 1423 2211 B.

756 2228 916 2274 punctum
950 2220 1086 2254 habent.
1156 2223 1203 2253 At
1246 2223 1424 2266 praecedit

757 2263 918 2308 ου’κοῦν,
951 2271 986 2300 et
1010 2267 1172 2300 Socrates
1195 2279 1261 2300 non
1284 2268 1424 2302 videtur

756 2312 843 2345 hanc
867 2323 959 2354 rem,
996 2324 1063 2357 qua
1092 2313 1231 2346 dimidia
1256 2326 1336 2358 pars
1360 2326 1424 2349 no-

756 2370 820 2391 vae
843 2359 1084 2404 disputationis
1110 2359 1324 2402 continetur,
1350 2366 1422 2395 sta-

756 2404 815 2437 tim
848 2406 890 2438 ab
925 2405 1022 2438 initio
1055 2411 1094 2438 ut
1118 2411 1246 2439 certam
1270 2406 1336 2440 sibi
1360 2419 1421 2441 ex-

755 2451 990 2496 ploratamque
1022 2452 1269 2508 pronuntiasse.
1327 2453 1422 2487 Fici-

757 2508 819 2530 nus
853 2497 939 2531 haec
972 2497 1053 2531 inde
1086 2509 1105 2530 a
1142 2494 1189 2531 δι’
1215 2496 1422 2543 απληστίαν

756 2542 808 2576 ita
840 2543 1027 2577 convertit:
1067 2555 1108 2576 ex
1141 2556 1179 2577 eo
1209 2547 1300 2589 quod
1331 2547 1422 2580 cives

756 2591 921 2633 optimum
961 2601 1032 2623 esse
1058 2597 1329 2634 proposuerunt.
1383 2597 1422 2627 ut

754 2648 857 2680 qnam
876 2637 1038 2669 ditissimi
1058 2637 1137 2670 sint.

792 2677 891 2725 ‘'sit-⁴5]
927 2679 973 2725 δὴ

751 2728 792 2763 Β.
826 2728 927 2763 Vind.
950 2728 993 2762 E.
1028 2728 1120 2761 Flor.
1154 2728 1195 2762 C.
1227 2735 1263 2763 et
1293 2730 1419 2763 editio-

751 2785 811 2809 nes
840 2780 918 2808 ante
941 2773 1146 2808 Bekkerum.

798 2815 972 2876 άρχοντες
1003 2817 1062 2863 ἐν]
1099 2818 1242 2864 ἔχοντες
1266 2817 1304 2854 ἐν
1326 2821 1413 2865 Ang-

751 2867 791 2900 Β.
819 2863 1018 2910 ἅρχονταις
1042 2865 1080 2901 ἐν
1104 2867 1196 2901 Mon.
1221 2867 1261 2900 B.
1275 2879 1294 2901 a
1312 2878 1354 2900 m.
1364 2877 1416 2912 pr.

1002 2681 1149 2715 additum
1177 2682 1305 2717 habent
1329 2685 1415 2719 Ven.
1449 2684 1481 2725 C
