1764 3176
455 172 797 235 CIVITAS
835 194 956 236 LIB.
987 190 1046 237 Χ.
1077 200 1144 235 617

1402 194 1488 239 287

101 317 202 356 πον,
219 301 374 364 ὑμνεῖν
390 304 506 359 πρὸς
522 305 604 360 τήν
620 306 708 348 τῶν
717 303 949 360 Σειρήνων
962 305 1193 361 ἁρμονίαν,
1211 303 1397 362 Λάχεσιν
1408 308 1488 364 μὲν

100 371 155 416 τά
170 370 393 429 γεγονότα,
416 372 590 417 Κλωθώ
610 372 656 427 δὲ
678 371 731 416 τοὶ
754 370 1104 426 ὅντα,”Ατροπον
1124 373 1169 417 δὲ
1190 373 1241 417 τοὶ
1265 375 1488 431 μέλλοντα.

99 441 174 484 καὶ
191 439 272 496 τήν
283 440 364 496 μὲν
381 441 554 485 Κλωθώ
574 445 626 499 τῇ
637 442 754 500 δεξιᾷ
768 441 882 497 χειρὶ’
895 440 1201 497 ἐφαπτομένην
1213 444 1486 498 συνεπιστρέ-

100 523 203 564 φειν
222 512 305 552 τοῦ
325 498 544 562 ἀτράκτου
567 510 649 566 τὴν
669 509 747 562 ἔξω
771 509 1034 565 περιφοράν,
1057 512 1370 555 διαλείπουσαν
1391 510 1489 568 χρό-

99 593 194 629 νον,
215 576 298 633 τήν
317 577 366 621 δὲ
376 576 599 633 ’Ἄτροπον
623 580 678 636 τῇ
697 577 904 636 ἀριστερᾷ
923 577 1000 629 τὰς
1025 577 1146 629 ἐντός
1169 574 1229 622 αὖ
1256 579 1487 633 ὡσαύτως·

99 701 210 752 δηλοῖ
225 702 306 737 καὶ
304 700 335 738 ὁ
353 672 394 738 έν
408 699 585 739 Πολιτεία
608 703 763 762 Σωκρά-

98 761 185 792 της,
220 747 337 786 εἰπών
369 747 429 785 ἐπὶ
462 751 540 786 τῶν
564 741 659 786 ὀκτώ
699 749 764 786 κύ·

98 797 198 829 κλων
237 793 438 838 ἐφεστάναι
477 797 643 852 Σειρῆνα
674 799 765 841 μίαν

99 840 230 886 φωνὴν
256 841 426 886 ἱεῖσαν,
413 840 478 877 ε’να
502 842 626 878 τόνον.
668 845 763 878 Idem

98 887 132 920 in
150 888 225 922 Civ.
251 899 284 932 p.
303 890 383 931 367,
401 890 421 924 5
439 891 495 924 af.
521 893 617 924 κινεῖ
634 887 674 924 δὲ
694 889 764 930 τὰς

100 933 286 990 Σειρῆνας
308 915 415 990 ᾅδειν
438 936 528 991 μίαν
538 933 683 993 φωνήν
700 936 763 970 ιεί-

99 991 186 1022 σας,
211 977 278 1014 ε’να
298 970 431 1024 τόνον,
456 979 508 1022 ὥς
528 977 547 1017 ὁ
569 980 607 1016 ἐν
632 983 683 1029 τῷ
708 983 765 1017 δε-

98 1024 199 1073 κάτῳ
233 1024 326 1070 λέγει
355 1025 431 1071 τῆς
463 1018 668 1069 Πολιτείας
697 1029 766 1073 μῦ-

98 1061 185 1111 θος.

144 1116 184 1152 ἐκ
223 1119 356 1153 πασῶν
396 1116 459 1164 δε]
513 1117 674 1155 απασῶν
724 1119 765 1161 δ’

98 1163 237 1198 Heracl.

146 1220 381 1267 ξυμφωνεῖν]
419 1233 530 1268 συμφ.
558 1223 657 1258 idem.
709 1224 764 1258 Cf.

100 1267 248 1302 V01.11.
278 1281 312 1313 p.
337 1271 431 1312 310,
444 1271 477 1304 b.

146 1323 377 1380 καθημένας]
387 1325 612 1370 καθειμένας
623 1329 702 1364 Vat.
715 1327 764 1362 M

145 1369 266 1428 πέριξ]
291 1383 357 1406 om.
381 1372 457 1407 Fic.

146 1415 201 1451 δι’
227 1418 325 1462 ἴσον]
345 1417 470 1454 διίσου
494 1418 580 1453 Lob.
605 1416 710 1454 vind.
720 1419 764 1454 F.

100 1463 195 1498 Mon.
220 1464 260 1497 Β.
286 1464 361 1499 And.
384 1465 467 1498 Bas.
490 1466 549 1499 ab.

126 1508 375 1555 -θυγατέρας]
426 1508 639 1555 θυγατέρος
690 1512 766 1546 Ald.

100 1556 180 1590 Bas.
210 1568 242 1590 a.

147 1611 464 1658 λευχειμονούσας]
491 1611 768 1657 λενσχειμονού-

102 1667 169 1698 σας
190 1658 286 1693 Flor.
310 1660 355 1694 T.

149 1703 232 1749 ἐπὶ]
267 1702 307 1738 δὲ
331 1706 410 1740 Bas.
436 1714 468 1740 a.
502 1717 544 1739 ex
569 1703 766 1751 compendio

101 1751 256 1784 Aldinae.

147 1794 323 1853 Λάχεσίν]
345 1797 470 1854 λαχεσί
492 1798 594 1833 vind.
619 1799 663 1832 F.

146 1841 292 1877 Κλωθώ
321 1843 384 1877 καὶ
399 1840 602 1900 Ἄτροπον]
628 1845 764 1878 κλωθῶ

100 1901 132 1923 κ.
178 1885 214 1923 ἅ.
257 1889 352 1924 Μοιι.
391 1891 432 1924 Β.
480 1886 518 1924 ά.-
555 1897 588 1924 κ’.
627 1889 763 1925 κλωθιὸ

99 1934 194 1969 Flor.
220 1936 264 1969 T.

146 1989 320 2047 Λάχεσιν]
349 1989 472 2036 λάχεσι
499 1993 602 2028 Vind.
628 1992 672 2028 F.

147 2035 345 2082 γεγονότα,
369 2037 516 2073 Κλωθώ
536 2060 582 2066 -
601 2036 696 2075 ὅντα
721 2059 764 2066 -·

99 2083 292 2129 μέλλοντα]
303 2082 507 2127 μέλλοντα,
528 2087 662 2121 κλωθῶ
680 2087 764 2131 (hoc

101 2131 206 2165 etiam
228 2131 307 2164 Par.
332 2130 376 2164 K.
403 2143 470 2165 sec.
496 2132 592 2213 Biffi)
622 2153 668 2158 —
692 2142 763 2167 πα-

102 2175 219 2220 ρόντα
248 2196 293 2201 -
319 2173 499 2221 γεγονότα
571 2192 625 2213 on.
652 2177 693 2214 B.
718 2195 765 2205 -·

102 2221 243 2256 Proclus
266 2223 387 2257 Theol.
421 2224 555 2259 Platon.
580 2226 621 2260 L.
643 2226 706 2259 VI.
733 2238 763 2260 c.

102 2269 159 2303 23.
184 2279 218 2313 p.
240 2267 318 2304 407.
350 2269 402 2302 ed.
426 2266 551 2304 Hamb.
577 2269 697 2316 αὐτήν
725 2270 766 2306 δε

102 2313 173 2358 τὴν
204 2312 330 2371 τάξιν
341 2315 418 2348 τῶν
447 2317 571 2373 μερῶν
605 2318 643 2362 (l.
669 2319 765 2352 Μοι-

103 2361 197 2405 ρῶν)
233 2355 330 2394 καθ’
348 2356 485 2415 αὐτὴν
516 2360 764 2398 ἐπισκεπτέον.

103 2406 167 2441 καὶ
192 2404 262 2450 γάρ
288 2403 436 2440 τούτων
466 2407 502 2442 οὶ
525 2420 590 2451 μεν
614 2422 766 2464 πρωτην

105 2449 252 2494 άξιοῦσι
283 2449 463 2507 τετάχθαι
491 2453 565 2512 τὴν
592 2454 764 2500 Λάχεσιν,

106 2497 143 2532 οἱ
167 2497 207 2532 δὲ
233 2495 399 2541 ἐσχάτην.
440 2498 503 2534 καὶ
526 2501 601 2535 τῶν
625 2502 765 2536 λοιπῶν

106 2543 142 2578 oz
166 2556 232 2587 μεν
255 2542 335 2602 τὴν
338 2542 520 2589 ’Ἄτροπον
544 2544 582 2581 ἐν
600 2547 765 2603 μονάδος

103 2588 206 2632 τάξει
240 2589 486 2633 προΐστανται
520 2593 596 2627 τῶν
625 2590 763 2650 άλλων,

105 2636 142 2671 οι
166 2634 205 2670 δὲ
232 2634 300 2693 τήν
323 2634 482 2673 Κλωθώ.
506 2639 574 2673 τοῦ
601 2637 640 2674 δὲ
662 2637 764 2674 Πλά-

104 2694 222 2722 τωνος
246 2694 284 2716 εν
304 2681 450 2739 Νόμοις
474 2685 531 2728 (L.
543 2685 624 2719 XII.
636 2698 670 2731 p.
684 2688 763 2723 960.

107 2728 173 2772 C.)
221 2739 350 2773 σαφως
395 2725 531 2765 ουτωσὶ
583 2730 765 2776 λέγοντος,

104 2775 314 2832 πρωτίστην
348 2787 414 2818 μεν
437 2774 614 2820 Λάχεσιν,
642 2777 764 2812 δευτέ-

106 2833 176 2866 ραν
200 2818 239 2855 δε
259 2820 420 2862 Κλωθω,
428 2823 570 2876 τρίτην
590 2821 629 2858 δε
640 2819 764 2867 ’Ἀτρο-

105 2878 191 2912 πον,
204 2866 403 2912 προσήκειν
414 2864 576 2912 ἠγοῦμαι
591 2869 654 2904 καὶ
674 2869 764 2910 τους

822 702 862 740 ἐν
887 704 1064 762 Πολιτείᾳ.
1088 701 1241 750 λόγους
1255 702 1316 740 ἐπὶ
1347 701 1490 763 ταύτην

823 746 983 807 ανάγειν
998 740 1067 796 τὴν
1092 744 1336 808 διωρισμένην
1361 750 1400 787 ἐν
1422 751 1490 787 αὐ-

821 801 904 838 ταῖς
934 795 1044 854 τάξιν
1075 797 1138 832 καὶ
1171 795 1290 854 μηδεν
1317 811 1490 833 καινοτο,

820 847 904 900 μεῖν
930 842 1113 887 επόμενον
1147 847 1228 884 τοῖς
1266 840 1397 879 ἄλλοτε
1423 842 1488 879 ἐπ’

823 887 917 924 ἄλλα
942 888 1162 934 φερομένοις
1193 891 1269 924 τῶν
1305 888 1490 948 ἐξηγητῶν

824 934 1040 991 δοξάσμασι.
1085 935 1178 992 λέγει
1202 937 1331 971 τοίνυν
1359 935 1378 972 ὁ
1407 938 1489 971 Σω-

823 980 960 1040 κράτης
990 981 1061 1026 τὴν
1093 995 1159 1026 μεν
1192 981 1349 1039 Λάχεσιν
1384 981 1491 1018 αδειν

823 1028 870 1063 τα
878 1027 1089 1085 γεγονότα,
1113 1027 1187 1085 τὴν
1209 1027 1247 1063 δε
1273 1020 1420 1064 Κλωθὼ
1442 1043 1490 1064 τα

822 1074 1014 1118 παρόντα,
1049 1074 1119 1131 τὴν
1153 1073 1192 1109 δε
1219 1071 1403 1120 ’Ἄτροπον
1443 1075 1491 1111 τὰ

822 1121 1022 1165 μέλλοντα,
1066 1118 1269 1162 κάνταῦθα
1299 1123 1345 1168 τῇ
1387 1120 1493 1165 τάξει

823 1168 890 1212 τῆς
922 1180 1018 1202 κατα
1054 1165 1123 1207 τάς
1151 1166 1339 1222 ἐνεργείας
1364 1166 1491 1203 αὐτῶν

823 1211 1036 1257 διαιρέσεως
1056 1211 1235 1254 ιὸσαύτως
1251 1213 1491 1259 χρησάμενος,

823 1271 856 1305 p
877 1263 965 1295 410:
997 1258 1042 1294 τὸ
1078 1258 1118 1294 δὲ
1143 1257 1273 1303 ὑμνεῖν
1297 1260 1366 1301 τὰς
1392 1262 1490 1295 Mol

825 1318 893 1348 ρας
924 1304 994 1362 τὴν
1026 1317 1093 1349 μεν
1120 1319 1167 1341 τα
1196 1305 1397 1363 γεγονότα,
1422 1305 1491 1352 τήν

823 1349 867 1385 δε
894 1350 942 1385 τὰ
967 1350 1158 1395 παρόντα,
1192 1352 1264 1397 τὴν
1293 1351 1333 1388 δε
1360 1354 1492 1411 τρίτην

822 1410 870 1432 τα
898 1396 1098 1441 μέλλοντα,
1122 1397 1246 1439 πάσας
1272 1397 1400 1434 αὐτων
1424 1399 1493 1440 τὰς

825 1444 878 1483 εἰς
909 1442 955 1478 τὰ
982 1443 1050 1486 ἔξω
1075 1445 1285 1489 προιούσας
1309 1444 1492 1505 ἐνεργείας

826 1488 988 1533 ἐμμελεῖς
1020 1490 1083 1524 καὶ
1117 1491 1253 1535 νοερᾶς
1278 1492 1341 1527 καὶ
1375 1491 1492 1537 ἁρμο-

823 1537 907 1575 νίας
930 1534 1081 1580 πλήρεις
1109 1536 1349 1573 ἐνδείκνυται.
1397 1540 1491 1573 Idem

823 1583 858 1616 in
882 1583 1036 1616 parmen.
1063 1584 1106 1616 T.
1129 1585 1188 1618 VI.
1216 1597 1248 1630 p.
1266 1586 1355 1620 242:
1379 1581 1403 1630 ἢ
1428 1583 1491 1620 οὐ·

823 1628 859 1671 χὶ
883 1628 944 1662 καὶ
969 1625 988 1663 ὁ
1016 1626 1056 1662 ἐν
1081 1631 1258 1664 Πολιτεία
1284 1629 1492 1687 Σωκράτης

823 1673 893 1713 τὰς
905 1675 1055 1732 Μοίρας
1071 1667 1299 1733 διαιρεῖσθαι
1319 1676 1387 1712 τὸν
1404 1677 1490 1734 χρόζ

823 1732 890 1754 νον
915 1720 1006 1775 φησὶ
1039 1721 1102 1756 καὶ
1127 1721 1198 1777 τὴν
1219 1735 1286 1766 μεν
1311 1720 1417 1758 αδειν
1441 1737 1489 1758 τα

822 1764 1088 1823 παρελθόντα,
1111 1766 1180 1812 τήν
1211 1767 1250 1803 δε
1276 1783 1324 1804 τα
1349 1768 1490 1815 παρόν-

824 1825 871 1846 τα
875 1811 964 1856 ,τὴν
977 1811 1016 1847 δὲ
1026 1811 1072 1847 τὰ
1085 1813 1288 1856 μέλλοντας
1353 1828 1388 1862 p.
1399 1816 1489 1853 248ε

824 1854 919 1893 ώᾝσπ
911 1871 946 1916 ερ
979 1858 1043 1893 καὶ
1075 1857 1114 1893 ἐν
1145 1862 1316 1897 Πολιτεία
1331 1863 1395 1919 τῇ
1423 1875 1491 1907 μεν

823 1905 1008 1960 πρωτίστῃ
1033 1906 1108 1940 τῶν
1132 1898 1305 1951 Μοιρῶν
1316 1905 1490 1953 ἀπένειμε

823 1949 866 1985 τὸ
891 1950 1098 1994 παρελθὸν,
1119 1954 1165 1999 τῇ
1183 1952 1222 1987 δὲ
1221 1953 1330 2010 μέσῃ
1351 1954 1394 1990 τὸ
1417 1968 1489 1990 πα

824 1994 904 2040 ρόν,
921 1998 974 2051 τῇ
1002 1996 1040 2032 δὲ
1062 2000 1164 2053 τρίτῃ
1189 1998 1233 2035 τὸ
1259 1998 1412 2045 μέλλον,
1438 2015 1490 2043 ως

821 2055 890 2077 του
917 2039 1007 2078 ὅλου
1034 2044 1170 2088 χρόνον
1189 2046 1344 2101 δηλαδη
1370 2060 1489 2092 περιε-

820 2089 979 2132 χομένου
1002 2092 1142 2134 νοερῶς
1175 2089 1253 2126 υπό
1288 2105 1326 2128 τε
1350 2093 1490 2138 μητρὸς

823 2133 953 2170 αὐτων
985 2137 1055 2181 τῆς
1083 2136 1264 2182 Ἀνάγκης.
1342 2141 1490 2175 Videtur

823 2185 859 2215 et
881 2182 966 2216 hic
957 2195 991 2216 1n
1016 2194 1076 2216 suo
1103 2185 1220 2218 codice
1238 2182 1412 2231 παρόντα
1425 2199 1489 2232 pro

824 2222 917 2262 όντα
936 2228 1104 2264 habuisse.

869 2283 915 2319 τὰ
945 2281 1039 2321 όντα
1067 2308 1113 2312 -—-
1139 2287 1284 2322 Κλωθώ
1319 2290 1390 2334 τῇ]
1422 2303 1487 2325 om.

822 2331 908 2365 Lob.
944 2333 1127 2366 Vat.BM.
1162 2335 1407 2370 Par.D1(.et
1430 2349 1489 2371 us-

821 2389 889 2423 que
913 2379 955 2412 ad
979 2378 1126 2413 Κλωθώ
1152 2381 1246 2414 Flor.
1269 2382 1313 2415 U.

867 2434 930 2469 καὶ
954 2435 1024 2480 τὴν
1048 2447 1115 2479 μεν
1139 2437 1284 2473 Κλωθώ
1313 2439 1377 2486 τῇ]
1398 2442 1489 2475 ’κλω-

820 2478 880 2515 &cb
909 2478 949 2515 δε
971 2449 1064 2517 glou.
1088 2483 1129 2517 Β.

820 2579 854 2617 V
868 2535 1080 2582 εφαπτομέν
1084 2542 1154 2585 ην]

856 2553 1206 2680 ἰὲόνεῗτισῗόὲἒείίῗ
1205 2647 1279 2669 cum
1301 2638 1414 2672 mat're
1439 2648 1485 2672 ει

822 2678 895 2709 mul
919 2697 953 2701 —
974 2688 1032 2711 ver
1036 2682 1106 2712 tere
1129 2680 1203 2714 Fic.

867 2731 1015 2778 χρόνον]
1040 2733 1159 2778 χρόνω
1185 2739 1287 2773 Vind
1300 2740 1374 2773 BE.
1400 2740 1483 2774 vat.

822 2780 866 2813 H.
891 2780 983 2814 Flor.
1009 2782 1149 2816 ACTV.

819 2818 938 2905 Μαιῖ]
977 2827 1038 2862 int.
1073 2839 1165 2862 vers.
1201 2823 1286 2865 Lob.
1310 2829 1376 2874 μὲν
1400 2831 1482 2866 vat.-

1237 2535 1485 2588 εφαπτομένω
