<?xml version="1.0" encoding="UTF-8"?>
<!DOCTYPE html PUBLIC "-//W3C//DTD XHTML 1.0 Transitional//EN"
    "http://www.w3.org/TR/xhtml1/DTD/xhtml1-transitional.dtd">
<html xmlns="http://www.w3.org/1999/xhtml" xml:lang="en" lang="en">
 <head>
  <title>
</title>
<meta http-equiv="Content-Type" content="text/html;charset=utf-8" />
  <meta name='ocr-system' content='tesseract 3.04.00' />
  <meta name='ocr-capabilities' content='ocr_page ocr_carea ocr_par ocr_line ocrx_word'/>
</head>
<body>
  <div class='ocr_page' id='page_1' title='image "./operagraecerecen01platuoft_0361.png"; bbox 0 0 1764 3176; ppageno 0'>
   <div class='ocr_carea' id='block_1_1' title="bbox 491 139 1178 184">
    <p class='ocr_par' dir='ltr' id='par_1_1' title="bbox 491 139 1178 184">
     <span class='ocr_line' id='line_1_1' title="bbox 491 139 1178 184; baseline -0.004 -2"><span class='ocrx_word' id='word_1_1' title='bbox 491 139 830 183; x_wconf 90' lang='lat' dir='ltr'><strong>CIVITAS</strong></span> <span class='ocrx_word' id='word_1_2' title='bbox 870 139 994 183; x_wconf 88' lang='lat' dir='ltr'><strong>LIB.</strong></span> <span class='ocrx_word' id='word_1_3' title='bbox 1022 139 1082 184; x_wconf 91' lang='lat' dir='ltr'><strong>X.</strong></span> <span class='ocrx_word' id='word_1_4' title='bbox 1109 144 1178 181; x_wconf 89' lang='lat'><strong>600</strong></span> 
     </span>
    </p>
   </div>
   <div class='ocr_carea' id='block_1_2' title="bbox 165 247 826 308">
    <p class='ocr_par' dir='ltr' id='par_1_2' title="bbox 165 247 826 308">
     <span class='ocr_line' id='line_1_2' title="bbox 165 247 826 308; baseline -0.003 -13"><span class='ocrx_word' id='word_1_5' title='bbox 165 267 277 308; x_wconf 77' lang='grc' dir='ltr'><em>μενοι</em></span> <span class='ocrx_word' id='word_1_6' title='bbox 312 250 414 306; x_wconf 80' lang='grc' dir='ltr'><em>περὶ</em></span> <span class='ocrx_word' id='word_1_7' title='bbox 439 247 640 307; x_wconf 80' lang='grc' dir='ltr'><em>Ὀμήρου</em></span> <span class='ocrx_word' id='word_1_8' title='bbox 670 249 826 308; x_wconf 76' lang='grc' dir='ltr'>ἀληθῆ.</span> 
     </span>
    </p>
   </div>
   <div class='ocr_carea' id='block_1_3' title="bbox 1465 143 1549 184">
    <p class='ocr_par' dir='ltr' id='par_1_3' title="bbox 1465 143 1549 184">
     <span class='ocr_line' id='line_1_3' title="bbox 1465 143 1549 184; baseline 0.012 -1"><span class='ocrx_word' id='word_1_9' title='bbox 1465 143 1549 184; x_wconf 81' lang='lat'><strong>211</strong></span> 
     </span>
    </p>
   </div>
   <div class='ocr_carea' id='block_1_4' title="bbox 887 248 1546 307">
    <p class='ocr_par' dir='ltr' id='par_1_4' title="bbox 887 248 1546 307">
     <span class='ocr_line' id='line_1_4' title="bbox 887 248 1546 307; baseline -0.002 -13"><span class='ocrx_word' id='word_1_10' title='bbox 887 250 1054 307; x_wconf 79' lang='grc' dir='ltr'><em>λέγεται</em></span> <span class='ocrx_word' id='word_1_11' title='bbox 1086 248 1198 306; x_wconf 77' lang='grc' dir='ltr'><em>γὰρ,</em></span> <span class='ocrx_word' id='word_1_12' title='bbox 1228 248 1285 301; x_wconf 77' lang='grc' dir='ltr'><strong>ὥς</strong></span> <span class='ocrx_word' id='word_1_13' title='bbox 1311 248 1452 307; x_wconf 77' lang='grc' dir='ltr'><strong><em>πολλή</em></strong></span> <span class='ocrx_word' id='word_1_14' title='bbox 1480 267 1546 303; x_wconf 83' lang='grc' dir='ltr'><em>τις</em></span> 
     </span>
    </p>
   </div>
   <div class='ocr_carea' id='block_1_5' title="bbox 157 314 1608 648">
    <p class='ocr_par' dir='ltr' id='par_1_5' title="bbox 157 314 1608 648">
     <span class='ocr_line' id='line_1_5' title="bbox 163 314 1608 376; baseline 0.001 -13"><span class='ocrx_word' id='word_1_15' title='bbox 163 319 342 375; x_wconf 75' lang='grc' dir='ltr'><em>ἀμέλεια</em></span> <span class='ocrx_word' id='word_1_16' title='bbox 381 318 479 373; x_wconf 81' lang='grc' dir='ltr'><em>περὶ</em></span> <span class='ocrx_word' id='word_1_17' title='bbox 523 318 662 363; x_wconf 78' lang='grc' dir='ltr'><em>αὐτόν</em></span> <span class='ocrx_word' id='word_1_18' title='bbox 707 314 763 376; x_wconf 82' lang='grc' dir='ltr'><em>ἦν</em></span> <span class='ocrx_word' id='word_1_19' title='bbox 803 315 875 362; x_wconf 78' lang='grc' dir='ltr'><strong>ἐπ’</strong></span> <span class='ocrx_word' id='word_1_20' title='bbox 921 316 1063 361; x_wconf 75' lang='grc' dir='ltr'><em>αὑτοῦ</em></span> <span class='ocrx_word' id='word_1_21' title='bbox 1108 317 1301 368; x_wconf 82' lang='grc' dir='ltr'><em>ἐκείνου,</em></span> <span class='ocrx_word' id='word_1_22' title='bbox 1352 317 1424 362; x_wconf 82' lang='grc' dir='ltr'><strong>ὅτε</strong></span> <span class='ocrx_word' id='word_1_23' title='bbox 1462 318 1543 375; x_wconf 77' lang='grc' dir='ltr'>ἔζη.</span> <span class='ocrx_word' id='word_1_24' title='bbox 1576 322 1608 364; x_wconf 90' lang='lat' dir='ltr'>C</span> 
     </span>
     <span class='ocr_line' id='line_1_6' title="bbox 162 379 1546 444; baseline 0 -14"><span class='ocrx_word' id='word_1_25' title='bbox 162 386 344 442; x_wconf 77' lang='grc' dir='ltr'><em>Λέγεται</em></span> <span class='ocrx_word' id='word_1_26' title='bbox 383 387 470 443; x_wconf 78' lang='grc' dir='ltr'><strong>γάρ</strong></span> <span class='ocrx_word' id='word_1_27' title='bbox 509 382 614 440; x_wconf 78' lang='grc' dir='ltr'><em>οὖν,</em></span> <span class='ocrx_word' id='word_1_28' title='bbox 655 381 711 444; x_wconf 82' lang='grc' dir='ltr'><em>ἦν</em></span> <span class='ocrx_word' id='word_1_29' title='bbox 741 384 785 430; x_wconf 87' lang='grc' dir='ltr'><strong>δ’</strong></span> <span class='ocrx_word' id='word_1_30' title='bbox 817 384 916 441; x_wconf 73' lang='grc' dir='ltr'>ἐγώ.</span> <span class='ocrx_word' id='word_1_31' title='bbox 958 383 1058 429; x_wconf 79' lang='grc' dir='ltr'><strong>ἀλλ’</strong></span> <span class='ocrx_word' id='word_1_32' title='bbox 1090 387 1196 437; x_wconf 77' lang='grc' dir='ltr'><em>οἴει,</em></span> <span class='ocrx_word' id='word_1_33' title='bbox 1239 379 1274 428; x_wconf 73' lang='grc' dir='ltr'><em>ὦ</em></span> <span class='ocrx_word' id='word_1_34' title='bbox 1314 384 1546 439; x_wconf 78' lang='grc' dir='ltr'><strong><em>Γλαύκων,</em></strong></span> 
     </span>
     <span class='ocr_line' id='line_1_7' title="bbox 161 450 1544 512; baseline 0.001 -14"><span class='ocrx_word' id='word_1_35' title='bbox 161 456 199 498; x_wconf 88' lang='grc' dir='ltr'><strong>εἷ</strong></span> <span class='ocrx_word' id='word_1_36' title='bbox 238 458 300 511; x_wconf 78' lang='grc' dir='ltr'><strong>τῷ</strong></span> <span class='ocrx_word' id='word_1_37' title='bbox 338 453 433 499; x_wconf 80' lang='grc' dir='ltr'><em>ὄντι</em></span> <span class='ocrx_word' id='word_1_38' title='bbox 466 452 562 507; x_wconf 81' lang='grc' dir='ltr'><em>οἷός</em></span> <span class='ocrx_word' id='word_1_39' title='bbox 598 453 643 499; x_wconf 85' lang='grc' dir='ltr'><strong>τ’</strong></span> <span class='ocrx_word' id='word_1_40' title='bbox 674 451 731 512; x_wconf 84' lang='grc' dir='ltr'><em>ἦν</em></span> <span class='ocrx_word' id='word_1_41' title='bbox 761 453 988 498; x_wconf 82' lang='grc' dir='ltr'><em>παιδεύειν</em></span> <span class='ocrx_word' id='word_1_42' title='bbox 1028 450 1295 506; x_wconf 76' lang='grc' dir='ltr'><strong><em>ἀνθρώπους</em></strong></span> <span class='ocrx_word' id='word_1_43' title='bbox 1339 455 1414 498; x_wconf 82' lang='grc' dir='ltr'><strong>καὶ</strong></span> <span class='ocrx_word' id='word_1_44' title='bbox 1443 456 1544 509; x_wconf 81' lang='grc' dir='ltr'><em>βελ-</em></span> 
     </span>
     <span class='ocr_line' id='line_1_8' title="bbox 157 519 1544 580; baseline -0.001 -14"><span class='ocrx_word' id='word_1_45' title='bbox 157 523 280 574; x_wconf 85' lang='grc' dir='ltr'><strong><em>τίους</em></strong></span> <span class='ocrx_word' id='word_1_46' title='bbox 319 521 643 578; x_wconf 75' lang='grc' dir='ltr'><em>ἀπεργάζεσθαι</em></span> <span class='ocrx_word' id='word_1_47' title='bbox 670 520 888 580; x_wconf 74' lang='grc' dir='ltr'><strong><em>”Ομηρος,</em></strong></span> <span class='ocrx_word' id='word_1_48' title='bbox 930 521 1005 565; x_wconf 78' lang='grc' dir='ltr'><strong>ἅτε</strong></span> <span class='ocrx_word' id='word_1_49' title='bbox 1045 520 1145 576; x_wconf 80' lang='grc' dir='ltr'><em>περὶ</em></span> <span class='ocrx_word' id='word_1_50' title='bbox 1177 520 1348 564; x_wconf 86' lang='grc' dir='ltr'><em>τούτων</em></span> <span class='ocrx_word' id='word_1_51' title='bbox 1388 519 1444 564; x_wconf 91' lang='grc' dir='ltr'><strong>ου’</strong></span> <span class='ocrx_word' id='word_1_52' title='bbox 1474 538 1544 577; x_wconf 79' lang='grc' dir='ltr'><em>μι-</em></span> 
     </span>
     <span class='ocr_line' id='line_1_9' title="bbox 158 585 1545 648; baseline 0 -14"><span class='ocrx_word' id='word_1_53' title='bbox 158 596 364 647; x_wconf 80' lang='grc' dir='ltr'><em>μεῖσθαι,</em></span> <span class='ocrx_word' id='word_1_54' title='bbox 395 589 504 635; x_wconf 75' lang='grc' dir='ltr'><em>ἄλλα</em></span> <span class='ocrx_word' id='word_1_55' title='bbox 533 590 791 648; x_wconf 75' lang='grc' dir='ltr'><em>γιγνώσκειν</em></span> <span class='ocrx_word' id='word_1_56' title='bbox 820 588 1093 646; x_wconf 74' lang='grc' dir='ltr'><em>δυνάμενος,</em></span> <span class='ocrx_word' id='word_1_57' title='bbox 1121 585 1203 632; x_wconf 82' lang='grc' dir='ltr'><strong>οὐκ</strong></span> <span class='ocrx_word' id='word_1_58' title='bbox 1235 587 1323 644; x_wconf 78' lang='grc' dir='ltr'><strong>ἄρα</strong></span> <span class='ocrx_word' id='word_1_59' title='bbox 1353 587 1409 632; x_wconf 71' lang='grc' dir='ltr'><em>ἂν</em></span> <span class='ocrx_word' id='word_1_60' title='bbox 1441 594 1545 634; x_wconf 82' lang='grc' dir='ltr'><strong><em>πολ-</em></strong></span> 
     </span>
    </p>
   </div>
   <div class='ocr_carea' id='block_1_6' title="bbox 153 740 818 820">
    <p class='ocr_par' dir='ltr' id='par_1_6' title="bbox 153 740 818 820">
     <span class='ocr_line' id='line_1_10' title="bbox 154 740 818 787; baseline 0.002 -13"><span class='ocrx_word' id='word_1_61' title='bbox 154 740 288 774; x_wconf 84' lang='lat' dir='ltr'><strong>ratione</strong></span> <span class='ocrx_word' id='word_1_62' title='bbox 320 740 463 774; x_wconf 86' lang='lat' dir='ltr'><strong>brevem</strong></span> <span class='ocrx_word' id='word_1_63' title='bbox 493 740 570 774; x_wconf 83' lang='lat' dir='ltr'><strong>fieri</strong></span> <span class='ocrx_word' id='word_1_64' title='bbox 603 753 671 775; x_wconf 92' lang='lat' dir='ltr'><strong>non</strong></span> <span class='ocrx_word' id='word_1_65' title='bbox 712 752 818 787; x_wconf 86' lang='lat' dir='ltr'><strong>repu-</strong></span> 
     </span>
     <span class='ocr_line' id='line_1_11' title="bbox 153 786 251 820; baseline 0 -1"><span class='ocrx_word' id='word_1_66' title='bbox 153 786 251 820; x_wconf 87' lang='lat' dir='ltr'><strong>tavit.</strong></span> 
     </span>
    </p>
   </div>
   <div class='ocr_carea' id='block_1_7' title="bbox 154 840 817 935">
    <p class='ocr_par' dir='ltr' id='par_1_7' title="bbox 154 840 817 935">
     <span class='ocr_line' id='line_1_12' title="bbox 201 840 817 888; baseline 0.003 -11"><span class='ocrx_word' id='word_1_67' title='bbox 201 840 410 888; x_wconf 77' lang='grc' dir='ltr'><em>Σιόκρατες]</em></span> <span class='ocrx_word' id='word_1_68' title='bbox 439 843 478 877; x_wconf 93' lang='lat' dir='ltr'><strong>In</strong></span> <span class='ocrx_word' id='word_1_69' title='bbox 502 844 654 884; x_wconf 87' lang='lat' dir='ltr'><strong>Vind.F.</strong></span> <span class='ocrx_word' id='word_1_70' title='bbox 680 845 817 879; x_wconf 80' lang='lat' dir='ltr'><strong>litterae</strong></span> 
     </span>
     <span class='ocr_line' id='line_1_13' title="bbox 154 889 780 935; baseline 0.003 -13"><span class='ocrx_word' id='word_1_71' title='bbox 154 889 303 934; x_wconf 87' lang='lat' dir='ltr'><strong>quinque</strong></span> <span class='ocrx_word' id='word_1_72' title='bbox 327 890 537 935; x_wconf 80' lang='lat' dir='ltr'><strong>posteriores</strong></span> <span class='ocrx_word' id='word_1_73' title='bbox 561 894 780 924; x_wconf 87' lang='lat' dir='ltr'><strong>evanuerunt.</strong></span> 
     </span>
    </p>
   </div>
   <div class='ocr_carea' id='block_1_8' title="bbox 151 942 815 1036">
    <p class='ocr_par' dir='ltr' id='par_1_8' title="bbox 151 942 815 1036">
     <span class='ocr_line' id='line_1_14' title="bbox 201 942 815 990; baseline 0.003 -10"><span class='ocrx_word' id='word_1_74' title='bbox 201 945 308 990; x_wconf 83' lang='grc' dir='ltr'><em>ἴσως]</em></span> <span class='ocrx_word' id='word_1_75' title='bbox 333 959 399 981; x_wconf 89' lang='lat' dir='ltr'><strong>om.</strong></span> <span class='ocrx_word' id='word_1_76' title='bbox 425 947 554 982; x_wconf 87' lang='lat' dir='ltr'><strong>Euseb</strong></span> <span class='ocrx_word' id='word_1_77' title='bbox 578 952 658 982; x_wconf 88' lang='lat' dir='ltr'><strong>ante</strong></span> <span class='ocrx_word' id='word_1_78' title='bbox 683 942 716 981; x_wconf 72' lang='grc' dir='ltr'><strong>οἶ</strong></span> <span class='ocrx_word' id='word_1_79' title='bbox 745 945 815 982; x_wconf 81' lang='grc' dir='ltr'><strong>σω’</strong></span> 
     </span>
     <span class='ocr_line' id='line_1_15' title="bbox 151 993 453 1036; baseline 0 -10"><span class='ocrx_word' id='word_1_80' title='bbox 151 1003 282 1036; x_wconf 66' lang='lat' dir='ltr'><strong>nocctes</strong></span> <span class='ocrx_word' id='word_1_81' title='bbox 306 993 385 1028; x_wconf 87' lang='lat' dir='ltr'><strong>Par.</strong></span> <span class='ocrx_word' id='word_1_82' title='bbox 408 993 453 1027; x_wconf 92' lang='lat' dir='ltr'><strong>K.</strong></span> 
     </span>
    </p>
   </div>
   <div class='ocr_carea' id='block_1_9' title="bbox 151 1048 815 1222">
    <p class='ocr_par' dir='ltr' id='par_1_9' title="bbox 151 1048 815 1222">
     <span class='ocr_line' id='line_1_16' title="bbox 198 1048 814 1107; baseline 0 -23"><span class='ocrx_word' id='word_1_83' title='bbox 198 1050 268 1084; x_wconf 80' lang='grc' dir='ltr'><strong>τοῦ</strong></span> <span class='ocrx_word' id='word_1_84' title='bbox 289 1048 476 1107; x_wconf 82' lang='grc' dir='ltr'><em>ὀνόματος</em></span> <span class='ocrx_word' id='word_1_85' title='bbox 508 1062 557 1084; x_wconf 86' lang='grc' dir='ltr'><em>αν</em></span> <span class='ocrx_word' id='word_1_86' title='bbox 573 1048 814 1106; x_wconf 77' lang='grc' dir='ltr'><em>γελοιότερος]</em></span> 
     </span>
     <span class='ocr_line' id='line_1_17' title="bbox 152 1092 814 1152; baseline 0.002 -23"><span class='ocrx_word' id='word_1_87' title='bbox 152 1108 217 1130; x_wconf 85' lang='lat' dir='ltr'><strong>om.</strong></span> <span class='ocrx_word' id='word_1_88' title='bbox 241 1097 345 1131; x_wconf 77' lang='lat' dir='ltr'><strong>Arist.</strong></span> <span class='ocrx_word' id='word_1_89' title='bbox 369 1109 401 1131; x_wconf 82' lang='grc' dir='ltr'><strong>τ.</strong></span> <span class='ocrx_word' id='word_1_90' title='bbox 425 1094 465 1152; x_wconf 57' lang='lat'><strong>‚6-</strong></span> <span class='ocrx_word' id='word_1_91' title='bbox 498 1094 568 1130; x_wconf 76' lang='grc' dir='ltr'><strong>οὐκ</strong></span> <span class='ocrx_word' id='word_1_92' title='bbox 596 1092 644 1130; x_wconf 76' lang='grc' dir='ltr'><em>ὂὶν</em></span> <span class='ocrx_word' id='word_1_93' title='bbox 670 1109 701 1140; x_wconf 82' lang='grc' dir='ltr'>γ.</span> <span class='ocrx_word' id='word_1_94' title='bbox 730 1097 814 1131; x_wconf 85' lang='lat' dir='ltr'><strong>Lob.</strong></span> 
     </span>
     <span class='ocr_line' id='line_1_18' title="bbox 153 1140 815 1187; baseline 0.002 -12"><span class='ocrx_word' id='word_1_95' title='bbox 153 1143 229 1176; x_wconf 86' lang='lat' dir='ltr'><strong>Vat.</strong></span> <span class='ocrx_word' id='word_1_96' title='bbox 266 1143 316 1177; x_wconf 88' lang='lat' dir='ltr'><strong>M.</strong></span> <span class='ocrx_word' id='word_1_97' title='bbox 346 1155 379 1177; x_wconf 84' lang='grc' dir='ltr'><strong>τ.</strong></span> <span class='ocrx_word' id='word_1_98' title='bbox 413 1140 447 1178; x_wconf 87' lang='lat' dir='ltr'><strong>o&#39;.</strong></span> <span class='ocrx_word' id='word_1_99' title='bbox 491 1140 538 1177; x_wconf 66' lang='grc' dir='ltr'><em>ἂν</em></span> <span class='ocrx_word' id='word_1_100' title='bbox 580 1140 815 1187; x_wconf 69' lang='grc' dir='ltr'><em>γελοιότερος</em></span> 
     </span>
     <span class='ocr_line' id='line_1_19' title="bbox 151 1188 315 1222; baseline 0.006 -1"><span class='ocrx_word' id='word_1_101' title='bbox 151 1188 251 1222; x_wconf 88' lang='lat' dir='ltr'><strong>Vind.</strong></span> <span class='ocrx_word' id='word_1_102' title='bbox 276 1189 315 1222; x_wconf 81' lang='lat' dir='ltr'><strong>F.</strong></span> 
     </span>
    </p>
   </div>
   <div class='ocr_carea' id='block_1_10' title="bbox 152 1244 814 1337">
    <p class='ocr_par' dir='ltr' id='par_1_10' title="bbox 152 1244 814 1337">
     <span class='ocr_line' id='line_1_20' title="bbox 195 1244 814 1291; baseline 0 -12"><span class='ocrx_word' id='word_1_103' title='bbox 195 1245 393 1291; x_wconf 78' lang='grc' dir='ltr'><em>παιδείαν]</em></span> <span class='ocrx_word' id='word_1_104' title='bbox 427 1244 585 1280; x_wconf 80' lang='grc' dir='ltr'><em>παιδιὰν</em></span> <span class='ocrx_word' id='word_1_105' title='bbox 611 1246 718 1284; x_wconf 86' lang='lat' dir='ltr'><strong>Arist.</strong></span> <span class='ocrx_word' id='word_1_106' title='bbox 773 1245 814 1279; x_wconf 91' lang='lat' dir='ltr'><strong>In</strong></span> 
     </span>
     <span class='ocr_line' id='line_1_21' title="bbox 152 1291 750 1337; baseline 0 -12"><span class='ocrx_word' id='word_1_107' title='bbox 152 1291 247 1326; x_wconf 92' lang='lat' dir='ltr'><strong>Vind.</strong></span> <span class='ocrx_word' id='word_1_108' title='bbox 271 1292 310 1326; x_wconf 97' lang='lat' dir='ltr'><strong>F.</strong></span> <span class='ocrx_word' id='word_1_109' title='bbox 335 1296 465 1326; x_wconf 78' lang='lat' dir='ltr'><strong>tantum</strong></span> <span class='ocrx_word' id='word_1_110' title='bbox 488 1303 556 1326; x_wconf 85' lang='grc' dir='ltr'><em>παι</em></span> <span class='ocrx_word' id='word_1_111' title='bbox 581 1296 750 1337; x_wconf 85' lang='lat' dir='ltr'>superest.</span> 
     </span>
    </p>
   </div>
   <div class='ocr_carea' id='block_1_11' title="bbox 147 1345 811 1439">
    <p class='ocr_par' dir='ltr' id='par_1_11' title="bbox 147 1345 811 1439">
     <span class='ocr_line' id='line_1_22' title="bbox 197 1345 811 1403; baseline -0.002 -21"><span class='ocrx_word' id='word_1_112' title='bbox 197 1346 350 1403; x_wconf 72' lang='grc' dir='ltr'><em>ἀληθῆ]</em></span> <span class='ocrx_word' id='word_1_113' title='bbox 385 1346 420 1383; x_wconf 80' lang='grc' dir='ltr'><strong>οἷ.</strong></span> <span class='ocrx_word' id='word_1_114' title='bbox 456 1345 530 1382; x_wconf 77' lang='grc' dir='ltr'><em>ἐστι</em></span> <span class='ocrx_word' id='word_1_115' title='bbox 570 1348 698 1399; x_wconf 76' lang='lat' dir='ltr'><strong>Euseb.</strong></span> <span class='ocrx_word' id='word_1_116' title='bbox 731 1350 811 1382; x_wconf 80' lang='lat' dir='ltr'><strong>ante</strong></span> 
     </span>
     <span class='ocr_line' id='line_1_23' title="bbox 147 1390 565 1439; baseline 0 -11"><span class='ocrx_word' id='word_1_117' title='bbox 147 1394 232 1439; x_wconf 83' lang='grc' dir='ltr'><em>περὶ</em></span> <span class='ocrx_word' id='word_1_118' title='bbox 253 1390 397 1438; x_wconf 82' lang='grc' dir='ltr'><em>ὁμήρον</em></span> <span class='ocrx_word' id='word_1_119' title='bbox 419 1396 502 1428; x_wconf 79' lang='lat' dir='ltr'><strong>Veii.</strong></span> <span class='ocrx_word' id='word_1_120' title='bbox 525 1396 565 1428; x_wconf 93' lang='lat' dir='ltr'><strong>B.</strong></span> 
     </span>
    </p>
   </div>
   <div class='ocr_carea' id='block_1_12' title="bbox 113 1449 810 1726">
    <p class='ocr_par' dir='ltr' id='par_1_12' title="bbox 113 1449 810 1726">
     <span class='ocr_line' id='line_1_24' title="bbox 192 1449 810 1507; baseline -0.003 -21"><span class='ocrx_word' id='word_1_121' title='bbox 192 1449 333 1496; x_wconf 83' lang='grc' dir='ltr'><em>λέγεται</em></span> <span class='ocrx_word' id='word_1_122' title='bbox 344 1450 422 1507; x_wconf 65' lang='lat'><em>‚73⁴9</em></span> <span class='ocrx_word' id='word_1_123' title='bbox 445 1472 491 1477; x_wconf 92' lang='lat'><strong>-—</strong></span> <span class='ocrx_word' id='word_1_124' title='bbox 512 1449 587 1496; x_wconf 73' lang='grc' dir='ltr'><em>ἔζη]</em></span> <span class='ocrx_word' id='word_1_125' title='bbox 613 1464 678 1485; x_wconf 88' lang='lat' dir='ltr'><strong>om.</strong></span> <span class='ocrx_word' id='word_1_126' title='bbox 704 1451 810 1485; x_wconf 88' lang='lat' dir='ltr'><strong>Arist.</strong></span> 
     </span>
     <span class='ocr_line' id='line_1_25' title="bbox 147 1499 810 1543; baseline -0.002 -11"><span class='ocrx_word' id='word_1_127' title='bbox 147 1499 275 1533; x_wconf 72' lang='lat' dir='ltr'><strong>dicitur</strong></span> <span class='ocrx_word' id='word_1_128' title='bbox 295 1499 385 1532; x_wconf 82' lang='lat' dir='ltr'><strong>enim</strong></span> <span class='ocrx_word' id='word_1_129' title='bbox 403 1499 642 1543; x_wconf 76' lang='lat' dir='ltr'><strong>negligentior</strong></span> <span class='ocrx_word' id='word_1_130' title='bbox 671 1499 718 1530; x_wconf 86' lang='lat' dir='ltr'><strong>ad</strong></span> <span class='ocrx_word' id='word_1_131' title='bbox 738 1499 810 1531; x_wconf 84' lang='lat' dir='ltr'><strong>eius</strong></span> 
     </span>
     <span class='ocr_line' id='line_1_26' title="bbox 146 1545 808 1599; baseline -0.003 -21"><span class='ocrx_word' id='word_1_132' title='bbox 146 1545 365 1599; x_wconf 74' lang='lat' dir='ltr'><strong><em>disciplinam</em></strong></span> <span class='ocrx_word' id='word_1_133' title='bbox 387 1547 521 1586; x_wconf 80' lang='lat' dir='ltr'><strong>fuisse,</strong></span> <span class='ocrx_word' id='word_1_134' title='bbox 554 1545 635 1577; x_wconf 83' lang='lat' dir='ltr'><strong>dum</strong></span> <span class='ocrx_word' id='word_1_135' title='bbox 659 1545 718 1577; x_wconf 81' lang='lat' dir='ltr'><strong>sub</strong></span> <span class='ocrx_word' id='word_1_136' title='bbox 747 1545 808 1577; x_wconf 75' lang='lat' dir='ltr'><strong>hoc</strong></span> 
     </span>
     <span class='ocr_line' id='line_1_27' title="bbox 144 1587 808 1634; baseline 0 -10"><span class='ocrx_word' id='word_1_137' title='bbox 144 1591 217 1634; x_wconf 86' lang='lat' dir='ltr'><strong>ipso</strong></span> <span class='ocrx_word' id='word_1_138' title='bbox 235 1592 365 1624; x_wconf 84' lang='lat' dir='ltr'><strong>viveret</strong></span> <span class='ocrx_word' id='word_1_139' title='bbox 385 1590 461 1625; x_wconf 86' lang='lat' dir='ltr'><strong>Fic.</strong></span> <span class='ocrx_word' id='word_1_140' title='bbox 480 1587 622 1634; x_wconf 82' lang='grc' dir='ltr'><em>λέγεται</em></span> <span class='ocrx_word' id='word_1_141' title='bbox 641 1602 712 1634; x_wconf 75' lang='grc' dir='ltr'><strong>γαρ</strong></span> <span class='ocrx_word' id='word_1_142' title='bbox 733 1602 808 1624; x_wconf 87' lang='grc' dir='ltr'><em>πον</em></span> 
     </span>
     <span class='ocr_line' id='line_1_28' title="bbox 144 1637 366 1671; baseline -0.005 -1"><span class='ocrx_word' id='word_1_143' title='bbox 144 1641 210 1670; x_wconf 90' lang='lat' dir='ltr'><strong>etc.</strong></span> <span class='ocrx_word' id='word_1_144' title='bbox 237 1637 366 1671; x_wconf 85' lang='lat' dir='ltr'><strong>Euseb.</strong></span> 
     </span>
     <span class='ocr_line' id='line_1_29' title="bbox 113 1681 506 1726; baseline -0.003 -10"><span class='ocrx_word' id='word_1_145' title='bbox 113 1702 126 1711; x_wconf 83' lang='lat'>-</span> <span class='ocrx_word' id='word_1_146' title='bbox 189 1683 260 1726; x_wconf 87' lang='grc' dir='ltr'><em>τις]</em></span> <span class='ocrx_word' id='word_1_147' title='bbox 286 1694 352 1716; x_wconf 89' lang='lat' dir='ltr'><strong>om.</strong></span> <span class='ocrx_word' id='word_1_148' title='bbox 376 1681 506 1716; x_wconf 84' lang='lat' dir='ltr'><strong>Euseb.</strong></span> 
     </span>
    </p>
   </div>
   <div class='ocr_carea' id='block_1_13' title="bbox 129 1736 808 2852">
    <p class='ocr_par' dir='ltr' id='par_1_13' title="bbox 129 1736 808 2852">
     <span class='ocr_line' id='line_1_30' title="bbox 190 1736 808 1784; baseline 0.002 -11"><span class='ocrx_word' id='word_1_149' title='bbox 190 1736 364 1784; x_wconf 76' lang='grc' dir='ltr'><em>ἀμέλεια]</em></span> <span class='ocrx_word' id='word_1_150' title='bbox 397 1737 443 1783; x_wconf 82' lang='grc' dir='ltr'><strong>με’</strong></span> <span class='ocrx_word' id='word_1_151' title='bbox 474 1739 508 1773; x_wconf 90' lang='lat' dir='ltr'><strong>in</strong></span> <span class='ocrx_word' id='word_1_152' title='bbox 531 1739 633 1773; x_wconf 87' lang='lat' dir='ltr'><strong>Vind.</strong></span> <span class='ocrx_word' id='word_1_153' title='bbox 660 1739 700 1774; x_wconf 86' lang='lat' dir='ltr'><strong>F.</strong></span> <span class='ocrx_word' id='word_1_154' title='bbox 726 1751 808 1774; x_wconf 83' lang='lat' dir='ltr'><strong>eva-</strong></span> 
     </span>
     <span class='ocr_line' id='line_1_31' title="bbox 142 1785 228 1820; baseline 0.012 -1"><span class='ocrx_word' id='word_1_155' title='bbox 142 1785 228 1820; x_wconf 82' lang='lat' dir='ltr'><strong>nuit.</strong></span> 
     </span>
     <span class='ocr_line' id='line_1_32' title="bbox 207 1839 803 1886; baseline 0 -11"><span class='ocrx_word' id='word_1_156' title='bbox 207 1839 273 1886; x_wconf 82' lang='grc' dir='ltr'><strong>π’]</strong></span> <span class='ocrx_word' id='word_1_157' title='bbox 300 1842 367 1877; x_wconf 88' lang='lat' dir='ltr'><strong>Pro</strong></span> <span class='ocrx_word' id='word_1_158' title='bbox 392 1855 432 1876; x_wconf 88' lang='lat' dir='ltr'><strong>eo</strong></span> <span class='ocrx_word' id='word_1_159' title='bbox 456 1842 610 1886; x_wconf 85' lang='lat' dir='ltr'><strong>Heynius</strong></span> <span class='ocrx_word' id='word_1_160' title='bbox 635 1842 678 1875; x_wconf 85' lang='lat' dir='ltr'><strong>ad</strong></span> <span class='ocrx_word' id='word_1_161' title='bbox 702 1842 803 1877; x_wconf 84' lang='lat' dir='ltr'><strong>Hom.</strong></span> 
     </span>
     <span class='ocr_line' id='line_1_33' title="bbox 141 1854 802 1931; baseline -0.002 -9"><span class='ocrx_word' id='word_1_162' title='bbox 141 1889 182 1922; x_wconf 88' lang='grc' dir='ltr'><strong>ΙΙ.</strong></span> <span class='ocrx_word' id='word_1_163' title='bbox 189 1854 248 1923; x_wconf 51' lang='lat' dir='ltr'><strong>ET.</strong></span> <span class='ocrx_word' id='word_1_164' title='bbox 272 1888 368 1923; x_wconf 86' lang='lat' dir='ltr'><strong>VIII.</strong></span> <span class='ocrx_word' id='word_1_165' title='bbox 394 1900 426 1931; x_wconf 85' lang='lat' dir='ltr'><strong>p.</strong></span> <span class='ocrx_word' id='word_1_166' title='bbox 450 1891 528 1924; x_wconf 87' lang='grc'>808.</span> <span class='ocrx_word' id='word_1_167' title='bbox 562 1892 598 1922; x_wconf 88' lang='lat' dir='ltr'><strong>et</strong></span> <span class='ocrx_word' id='word_1_168' title='bbox 619 1889 734 1922; x_wconf 89' lang='lat' dir='ltr'><strong>Astius</strong></span> <span class='ocrx_word' id='word_1_169' title='bbox 766 1888 802 1922; x_wconf 89' lang='lat' dir='ltr'><strong>in</strong></span> 
     </span>
     <span class='ocr_line' id='line_1_34' title="bbox 140 1930 802 1978; baseline -0.003 -10"><span class='ocrx_word' id='word_1_170' title='bbox 140 1937 220 1968; x_wconf 87' lang='lat' dir='ltr'><strong>tert</strong></span> <span class='ocrx_word' id='word_1_171' title='bbox 244 1930 316 1968; x_wconf 71' lang='grc' dir='ltr'><strong>ἀπ’</strong></span> <span class='ocrx_word' id='word_1_172' title='bbox 340 1947 360 1968; x_wconf 88' lang='lat' dir='ltr'><strong>a</strong></span> <span class='ocrx_word' id='word_1_173' title='bbox 384 1935 527 1968; x_wconf 87' lang='lat' dir='ltr'><strong>Platone</strong></span> <span class='ocrx_word' id='word_1_174' title='bbox 549 1934 713 1978; x_wconf 84' lang='lat' dir='ltr'><strong>scriptum</strong></span> <span class='ocrx_word' id='word_1_175' title='bbox 737 1945 802 1978; x_wconf 93' lang='lat' dir='ltr'><strong>pu-</strong></span> 
     </span>
     <span class='ocr_line' id='line_1_35' title="bbox 140 1980 799 2026; baseline 0 -12"><span class='ocrx_word' id='word_1_176' title='bbox 140 1983 216 2014; x_wconf 82' lang='lat' dir='ltr'><strong>tant</strong></span> <span class='ocrx_word' id='word_1_177' title='bbox 255 1980 551 2026; x_wconf 82' lang='lat' dir='ltr'><strong>significatumque</strong></span> <span class='ocrx_word' id='word_1_178' title='bbox 605 1980 799 2025; x_wconf 84' lang='lat' dir='ltr'><strong>Creophylo</strong></span> 
     </span>
     <span class='ocr_line' id='line_1_36' title="bbox 139 2027 799 2068; baseline -0.003 -7"><span class='ocrx_word' id='word_1_179' title='bbox 139 2031 280 2061; x_wconf 84' lang='lat' dir='ltr'><strong>auctore</strong></span> <span class='ocrx_word' id='word_1_180' title='bbox 310 2028 439 2060; x_wconf 87' lang='lat' dir='ltr'><strong>factum</strong></span> <span class='ocrx_word' id='word_1_181' title='bbox 462 2038 540 2060; x_wconf 86' lang='lat' dir='ltr'><strong>esse</strong></span> <span class='ocrx_word' id='word_1_182' title='bbox 559 2029 597 2060; x_wconf 89' lang='lat' dir='ltr'><strong>ut</strong></span> <span class='ocrx_word' id='word_1_183' title='bbox 619 2027 799 2068; x_wconf 85' lang='lat' dir='ltr'><strong>Homerus,</strong></span> 
     </span>
     <span class='ocr_line' id='line_1_37' title="bbox 137 2071 800 2118; baseline 0 -13"><span class='ocrx_word' id='word_1_184' title='bbox 137 2084 239 2118; x_wconf 84' lang='lat' dir='ltr'><strong>quum</strong></span> <span class='ocrx_word' id='word_1_185' title='bbox 269 2071 421 2116; x_wconf 85' lang='lat' dir='ltr'><strong>viveret,</strong></span> <span class='ocrx_word' id='word_1_186' title='bbox 455 2084 522 2107; x_wconf 89' lang='lat' dir='ltr'><strong>non</strong></span> <span class='ocrx_word' id='word_1_187' title='bbox 557 2072 671 2117; x_wconf 85' lang='lat' dir='ltr'><strong>magni</strong></span> <span class='ocrx_word' id='word_1_188' title='bbox 695 2073 800 2106; x_wconf 85' lang='lat' dir='ltr'><strong>aesti—</strong></span> 
     </span>
     <span class='ocr_line' id='line_1_38' title="bbox 137 2118 799 2160; baseline 0 -8"><span class='ocrx_word' id='word_1_189' title='bbox 137 2122 299 2152; x_wconf 85' lang='lat' dir='ltr'><strong>maretur.</strong></span> <span class='ocrx_word' id='word_1_190' title='bbox 348 2119 450 2160; x_wconf 84' lang='lat' dir='ltr'><strong>Quod</strong></span> <span class='ocrx_word' id='word_1_191' title='bbox 475 2118 503 2152; x_wconf 86' lang='lat' dir='ltr'><strong>si</strong></span> <span class='ocrx_word' id='word_1_192' title='bbox 526 2130 664 2160; x_wconf 85' lang='lat' dir='ltr'><strong>verum,</strong></span> <span class='ocrx_word' id='word_1_193' title='bbox 690 2120 799 2153; x_wconf 87' lang='lat' dir='ltr'><strong>Creo-</strong></span> 
     </span>
     <span class='ocr_line' id='line_1_39' title="bbox 137 2165 799 2210; baseline 0.002 -13"><span class='ocrx_word' id='word_1_194' title='bbox 137 2165 261 2210; x_wconf 83' lang='lat' dir='ltr'><strong>phylus</strong></span> <span class='ocrx_word' id='word_1_195' title='bbox 295 2176 361 2203; x_wconf 84' lang='lat' dir='ltr'><strong>non</strong></span> <span class='ocrx_word' id='word_1_196' title='bbox 393 2168 464 2198; x_wconf 86' lang='lat' dir='ltr'><strong>tam</strong></span> <span class='ocrx_word' id='word_1_197' title='bbox 497 2165 591 2198; x_wconf 86' lang='lat' dir='ltr'><strong>rudis</strong></span> <span class='ocrx_word' id='word_1_198' title='bbox 635 2170 670 2198; x_wconf 91' lang='lat' dir='ltr'><strong>et</strong></span> <span class='ocrx_word' id='word_1_199' title='bbox 700 2165 799 2198; x_wconf 91' lang='lat' dir='ltr'><strong>indo-</strong></span> 
     </span>
     <span class='ocr_line' id='line_1_40' title="bbox 138 2211 799 2264; baseline 0.003 -21"><span class='ocrx_word' id='word_1_200' title='bbox 138 2214 236 2251; x_wconf 86' lang='lat' dir='ltr'><strong>ctus,</strong></span> <span class='ocrx_word' id='word_1_201' title='bbox 258 2221 370 2264; x_wconf 83' lang='lat' dir='ltr'><strong>qnam</strong></span> <span class='ocrx_word' id='word_1_202' title='bbox 403 2211 568 2255; x_wconf 85' lang='lat' dir='ltr'><strong>malignus</strong></span> <span class='ocrx_word' id='word_1_203' title='bbox 594 2215 629 2244; x_wconf 86' lang='lat' dir='ltr'><strong>et</strong></span> <span class='ocrx_word' id='word_1_204' title='bbox 655 2223 799 2256; x_wconf 83' lang='lat' dir='ltr'><strong>magnae</strong></span> 
     </span>
     <span class='ocr_line' id='line_1_41' title="bbox 136 2255 800 2301; baseline 0 -11"><span class='ocrx_word' id='word_1_205' title='bbox 136 2255 351 2290; x_wconf 73' lang='lat' dir='ltr'><strong>auctoritatis</strong></span> <span class='ocrx_word' id='word_1_206' title='bbox 384 2257 488 2290; x_wconf 88' lang='lat' dir='ltr'><strong>fuisse</strong></span> <span class='ocrx_word' id='word_1_207' title='bbox 520 2257 740 2301; x_wconf 82' lang='lat' dir='ltr'><strong>perhibetur,</strong></span> <span class='ocrx_word' id='word_1_208' title='bbox 764 2260 800 2290; x_wconf 87' lang='lat' dir='ltr'><strong>et</strong></span> 
     </span>
     <span class='ocr_line' id='line_1_42' title="bbox 136 2299 798 2346; baseline 0.003 -12"><span class='ocrx_word' id='word_1_209' title='bbox 136 2301 232 2335; x_wconf 89' lang='lat' dir='ltr'><strong>verbi</strong></span> <span class='ocrx_word' id='word_1_210' title='bbox 263 2299 323 2346; x_wconf 80' lang='grc' dir='ltr'><strong>εζη</strong></span> <span class='ocrx_word' id='word_1_211' title='bbox 347 2302 537 2336; x_wconf 86' lang='lat' dir='ltr'><strong>subiectum</strong></span> <span class='ocrx_word' id='word_1_212' title='bbox 560 2303 730 2336; x_wconf 83' lang='lat' dir='ltr'><strong>diversum</strong></span> <span class='ocrx_word' id='word_1_213' title='bbox 755 2303 798 2336; x_wconf 88' lang='lat' dir='ltr'><strong>ab</strong></span> 
     </span>
     <span class='ocr_line' id='line_1_43' title="bbox 136 2346 797 2394; baseline 0.003 -13"><span class='ocrx_word' id='word_1_214' title='bbox 136 2359 190 2389; x_wconf 86' lang='lat' dir='ltr'><strong>eo,</strong></span> <span class='ocrx_word' id='word_1_215' title='bbox 214 2359 281 2392; x_wconf 90' lang='lat' dir='ltr'><strong>quo</strong></span> <span class='ocrx_word' id='word_1_216' title='bbox 299 2349 494 2394; x_wconf 84' lang='lat' dir='ltr'><strong>pronomina</strong></span> <span class='ocrx_word' id='word_1_217' title='bbox 516 2346 635 2382; x_wconf 80' lang='grc' dir='ltr'><em>αυτοῦ</em></span> <span class='ocrx_word' id='word_1_218' title='bbox 655 2346 797 2384; x_wconf 79' lang='grc' dir='ltr'><em>ἐκείνου</em></span> 
     </span>
     <span class='ocr_line' id='line_1_44' title="bbox 134 2393 798 2440; baseline 0.005 -14"><span class='ocrx_word' id='word_1_219' title='bbox 134 2393 326 2438; x_wconf 81' lang='lat' dir='ltr'><strong>pertinent,</strong></span> <span class='ocrx_word' id='word_1_220' title='bbox 359 2395 574 2429; x_wconf 83' lang='lat' dir='ltr'><strong>statuendum</strong></span> <span class='ocrx_word' id='word_1_221' title='bbox 605 2398 678 2434; x_wconf 72' lang='lat' dir='ltr'><strong>est:</strong></span> <span class='ocrx_word' id='word_1_222' title='bbox 711 2407 798 2440; x_wconf 91' lang='lat' dir='ltr'><strong>quo-</strong></span> 
     </span>
     <span class='ocr_line' id='line_1_45' title="bbox 134 2421 795 2486; baseline 0.003 -14"><span class='ocrx_word' id='word_1_223' title='bbox 134 2451 209 2472; x_wconf 87' lang='lat' dir='ltr'><strong>rum</strong></span> <span class='ocrx_word' id='word_1_224' title='bbox 244 2445 401 2473; x_wconf 88' lang='lat' dir='ltr'><strong>neutrum</strong></span> <span class='ocrx_word' id='word_1_225' title='bbox 432 2441 612 2486; x_wconf 84' lang='lat' dir='ltr'><strong>probabile</strong></span> <span class='ocrx_word' id='word_1_226' title='bbox 648 2421 795 2475; x_wconf 79' lang='lat' dir='ltr'><strong>v&#39;idetur.</strong></span> 
     </span>
     <span class='ocr_line' id='line_1_46' title="bbox 134 2485 796 2521; baseline 0.003 -3"><span class='ocrx_word' id='word_1_227' title='bbox 134 2485 318 2519; x_wconf 88' lang='lat' dir='ltr'><strong>Homerum</strong></span> <span class='ocrx_word' id='word_1_228' title='bbox 343 2486 426 2520; x_wconf 81' lang='lat' dir='ltr'><strong>artis</strong></span> <span class='ocrx_word' id='word_1_229' title='bbox 450 2487 600 2521; x_wconf 84' lang='lat' dir='ltr'><strong>homines</strong></span> <span class='ocrx_word' id='word_1_230' title='bbox 621 2487 796 2521; x_wconf 84' lang='lat' dir='ltr'><strong>erudiendi</strong></span> 
     </span>
     <span class='ocr_line' id='line_1_47' title="bbox 134 2531 796 2576; baseline 0.003 -12"><span class='ocrx_word' id='word_1_231' title='bbox 134 2531 290 2576; x_wconf 84' lang='lat' dir='ltr'><strong>ignarum</strong></span> <span class='ocrx_word' id='word_1_232' title='bbox 307 2531 412 2566; x_wconf 80' lang='lat' dir='ltr'><strong>fuisse</strong></span> <span class='ocrx_word' id='word_1_233' title='bbox 427 2533 589 2567; x_wconf 83' lang='lat' dir='ltr'><strong>Socrates</strong></span> <span class='ocrx_word' id='word_1_234' title='bbox 607 2545 648 2566; x_wconf 88' lang='lat' dir='ltr'><strong>ex</strong></span> <span class='ocrx_word' id='word_1_235' title='bbox 668 2545 707 2566; x_wconf 88' lang='lat' dir='ltr'><strong>eo</strong></span> <span class='ocrx_word' id='word_1_236' title='bbox 726 2533 796 2566; x_wconf 91' lang='lat' dir='ltr'><strong>col-</strong></span> 
     </span>
     <span class='ocr_line' id='line_1_48' title="bbox 133 2577 796 2623; baseline 0.003 -13"><span class='ocrx_word' id='word_1_237' title='bbox 133 2577 219 2622; x_wconf 84' lang='lat' dir='ltr'><strong>ligit,</strong></span> <span class='ocrx_word' id='word_1_238' title='bbox 239 2578 352 2622; x_wconf 89' lang='lat' dir='ltr'><strong>quod,</strong></span> <span class='ocrx_word' id='word_1_239' title='bbox 377 2589 479 2623; x_wconf 87' lang='lat' dir='ltr'><strong>quum</strong></span> <span class='ocrx_word' id='word_1_240' title='bbox 508 2579 578 2621; x_wconf 82' lang='lat' dir='ltr'><strong>alii,</strong></span> <span class='ocrx_word' id='word_1_241' title='bbox 603 2583 642 2612; x_wconf 89' lang='lat' dir='ltr'><strong>ut</strong></span> <span class='ocrx_word' id='word_1_242' title='bbox 665 2579 796 2622; x_wconf 76' lang='lat' dir='ltr'><strong>Pytha-</strong></span> 
     </span>
     <span class='ocr_line' id='line_1_49' title="bbox 132 2624 796 2669; baseline 0.003 -13"><span class='ocrx_word' id='word_1_243' title='bbox 132 2634 256 2667; x_wconf 63' lang='lat' dir='ltr'><strong>goram,</strong></span> <span class='ocrx_word' id='word_1_244' title='bbox 283 2624 384 2658; x_wconf 83' lang='lat' dir='ltr'><strong>etiam</strong></span> <span class='ocrx_word' id='word_1_245' title='bbox 415 2627 492 2669; x_wconf 86' lang='lat' dir='ltr'><strong>post</strong></span> <span class='ocrx_word' id='word_1_246' title='bbox 515 2629 658 2659; x_wconf 83' lang='lat' dir='ltr'><strong>moltem</strong></span> <span class='ocrx_word' id='word_1_247' title='bbox 683 2631 796 2658; x_wconf 83' lang='lat' dir='ltr'><strong>secta—</strong></span> 
     </span>
     <span class='ocr_line' id='line_1_50' title="bbox 132 2668 795 2705; baseline 0.003 -3"><span class='ocrx_word' id='word_1_248' title='bbox 132 2673 226 2703; x_wconf 87' lang='lat' dir='ltr'><strong>tores</strong></span> <span class='ocrx_word' id='word_1_249' title='bbox 257 2668 451 2704; x_wconf 74' lang='lat' dir='ltr'><strong>invenerint</strong></span> <span class='ocrx_word' id='word_1_250' title='bbox 480 2671 725 2705; x_wconf 79' lang='lat' dir='ltr'><strong>amantissimos</strong></span> <span class='ocrx_word' id='word_1_251' title='bbox 749 2671 795 2704; x_wconf 88' lang='lat' dir='ltr'><strong>si-</strong></span> 
     </span>
     <span class='ocr_line' id='line_1_51' title="bbox 131 2715 794 2761; baseline 0.003 -13"><span class='ocrx_word' id='word_1_252' title='bbox 131 2715 234 2760; x_wconf 88' lang='lat' dir='ltr'><strong>bique</strong></span> <span class='ocrx_word' id='word_1_253' title='bbox 269 2715 515 2758; x_wconf 85' lang='lat' dir='ltr'><strong>deditissimos‚</strong></span> <span class='ocrx_word' id='word_1_254' title='bbox 548 2717 623 2761; x_wconf 88' lang='lat' dir='ltr'><strong>ipse</strong></span> <span class='ocrx_word' id='word_1_255' title='bbox 657 2729 699 2750; x_wconf 89' lang='lat' dir='ltr'><strong>ne</strong></span> <span class='ocrx_word' id='word_1_256' title='bbox 723 2722 794 2750; x_wconf 87' lang='lat' dir='ltr'><strong>tum</strong></span> 
     </span>
     <span class='ocr_line' id='line_1_52' title="bbox 131 2761 794 2806; baseline 0.003 -12"><span class='ocrx_word' id='word_1_257' title='bbox 131 2761 286 2806; x_wconf 87' lang='lat' dir='ltr'><strong>quidem,</strong></span> <span class='ocrx_word' id='word_1_258' title='bbox 310 2773 411 2806; x_wconf 88' lang='lat' dir='ltr'><strong>quum</strong></span> <span class='ocrx_word' id='word_1_259' title='bbox 434 2762 584 2803; x_wconf 84' lang='lat' dir='ltr'><strong>viveret,</strong></span> <span class='ocrx_word' id='word_1_260' title='bbox 611 2762 794 2797; x_wconf 77' lang='lat' dir='ltr'><strong>conciliare</strong></span> 
     </span>
     <span class='ocr_line' id='line_1_53' title="bbox 129 2807 793 2852; baseline 0.002 -12"><span class='ocrx_word' id='word_1_261' title='bbox 129 2807 195 2841; x_wconf 83' lang='lat' dir='ltr'><strong>sibi</strong></span> <span class='ocrx_word' id='word_1_262' title='bbox 231 2819 365 2850; x_wconf 84' lang='lat' dir='ltr'><strong>eorum,</strong></span> <span class='ocrx_word' id='word_1_263' title='bbox 410 2808 608 2852; x_wconf 85' lang='lat' dir='ltr'><strong>quibuscum</strong></span> <span class='ocrx_word' id='word_1_264' title='bbox 647 2809 793 2851; x_wconf 78' lang='lat' dir='ltr'><strong>viveret,</strong></span> 
     </span>
    </p>
   </div>
   <div class='ocr_carea' id='block_1_14' title="bbox 873 735 1541 1069">
    <p class='ocr_par' dir='ltr' id='par_1_14' title="bbox 873 735 1541 1056">
     <span class='ocr_line' id='line_1_54' title="bbox 874 735 1539 782; baseline -0.002 -10"><span class='ocrx_word' id='word_1_265' title='bbox 874 737 1021 772; x_wconf 85' lang='lat' dir='ltr'><strong>studium</strong></span> <span class='ocrx_word' id='word_1_266' title='bbox 1044 739 1103 770; x_wconf 88' lang='lat' dir='ltr'><strong>aut</strong></span> <span class='ocrx_word' id='word_1_267' title='bbox 1123 735 1352 770; x_wconf 84' lang='lat' dir='ltr'><strong>reverentiam</strong></span> <span class='ocrx_word' id='word_1_268' title='bbox 1375 738 1539 782; x_wconf 81' lang='lat' dir='ltr'><strong>potuerit.</strong></span> 
     </span>
     <span class='ocr_line' id='line_1_55' title="bbox 874 782 1541 818; baseline -0.003 0"><span class='ocrx_word' id='word_1_269' title='bbox 874 785 966 818; x_wconf 90' lang='lat' dir='ltr'><strong>Huic</strong></span> <span class='ocrx_word' id='word_1_270' title='bbox 997 783 1188 817; x_wconf 84' lang='lat' dir='ltr'><strong>sententiae</strong></span> <span class='ocrx_word' id='word_1_271' title='bbox 1219 782 1301 816; x_wconf 85' lang='lat' dir='ltr'><strong>nihil</strong></span> <span class='ocrx_word' id='word_1_272' title='bbox 1336 784 1541 817; x_wconf 84' lang='lat' dir='ltr'><strong>convenien-</strong></span> 
     </span>
     <span class='ocr_line' id='line_1_56' title="bbox 873 828 1541 875; baseline -0.003 -11"><span class='ocrx_word' id='word_1_273' title='bbox 873 832 965 872; x_wconf 84' lang='lat' dir='ltr'><strong>tius,</strong></span> <span class='ocrx_word' id='word_1_274' title='bbox 999 840 1099 875; x_wconf 87' lang='lat' dir='ltr'><strong>quam</strong></span> <span class='ocrx_word' id='word_1_275' title='bbox 1134 828 1223 873; x_wconf 90' lang='lat' dir='ltr'><strong>quod</strong></span> <span class='ocrx_word' id='word_1_276' title='bbox 1254 829 1392 873; x_wconf 83' lang='lat' dir='ltr'><strong>vulgata</strong></span> <span class='ocrx_word' id='word_1_277' title='bbox 1424 830 1458 862; x_wconf 91' lang='lat' dir='ltr'><strong>in</strong></span> <span class='ocrx_word' id='word_1_278' title='bbox 1491 830 1541 862; x_wconf 88' lang='lat' dir='ltr'><strong>le-</strong></span> 
     </span>
     <span class='ocr_line' id='line_1_57' title="bbox 874 875 1540 919; baseline -0.003 -9"><span class='ocrx_word' id='word_1_279' title='bbox 874 877 987 910; x_wconf 87' lang='lat' dir='ltr'><strong>ctione</strong></span> <span class='ocrx_word' id='word_1_280' title='bbox 1019 879 1091 916; x_wconf 85' lang='lat' dir='ltr'><strong>est,</strong></span> <span class='ocrx_word' id='word_1_281' title='bbox 1123 886 1277 918; x_wconf 84' lang='lat' dir='ltr'><strong>magnam</strong></span> <span class='ocrx_word' id='word_1_282' title='bbox 1312 875 1540 919; x_wconf 85' lang='lat' dir='ltr'><strong>proximorum</strong></span> 
     </span>
     <span class='ocr_line' id='line_1_58' title="bbox 873 920 1538 967; baseline -0.002 -11"><span class='ocrx_word' id='word_1_283' title='bbox 873 922 964 956; x_wconf 87' lang='lat' dir='ltr'><strong>circa</strong></span> <span class='ocrx_word' id='word_1_284' title='bbox 997 922 1106 967; x_wconf 90' lang='lat' dir='ltr'><strong>ipsum</strong></span> <span class='ocrx_word' id='word_1_285' title='bbox 1130 921 1237 954; x_wconf 84' lang='lat' dir='ltr'><strong>fuisse</strong></span> <span class='ocrx_word' id='word_1_286' title='bbox 1269 920 1434 954; x_wconf 83' lang='lat' dir='ltr'><strong>incuriam</strong></span> <span class='ocrx_word' id='word_1_287' title='bbox 1472 933 1538 955; x_wconf 92' lang='lat' dir='ltr'><strong>non</strong></span> 
     </span>
     <span class='ocr_line' id='line_1_59' title="bbox 873 967 1539 1013; baseline -0.003 -11"><span class='ocrx_word' id='word_1_288' title='bbox 873 972 1053 1013; x_wconf 86' lang='lat' dir='ltr'><strong>postquam</strong></span> <span class='ocrx_word' id='word_1_289' title='bbox 1077 970 1241 1009; x_wconf 87' lang='lat' dir='ltr'><strong>mortuus,</strong></span> <span class='ocrx_word' id='word_1_290' title='bbox 1267 967 1324 999; x_wconf 83' lang='lat' dir='ltr'><strong>sed</strong></span> <span class='ocrx_word' id='word_1_291' title='bbox 1350 978 1452 1012; x_wconf 86' lang='lat' dir='ltr'><strong>quum</strong></span> <span class='ocrx_word' id='word_1_292' title='bbox 1474 967 1539 1001; x_wconf 87' lang='lat' dir='ltr'><strong>ad·-</strong></span> 
     </span>
     <span class='ocr_line' id='line_1_60' title="bbox 873 1014 1539 1069; baseline 0 -22"><span class='ocrx_word' id='word_1_293' title='bbox 873 1016 939 1048; x_wconf 89' lang='lat' dir='ltr'><strong>huc</strong></span> <span class='ocrx_word' id='word_1_294' title='bbox 963 1014 1059 1048; x_wconf 85' lang='lat' dir='ltr'><strong>vivus</strong></span> <span class='ocrx_word' id='word_1_295' title='bbox 1096 1017 1131 1046; x_wconf 90' lang='lat' dir='ltr'><strong>et</strong></span> <span class='ocrx_word' id='word_1_296' title='bbox 1166 1018 1341 1069; x_wconf 77' lang='lat' dir='ltr'><strong>superstes</strong></span> <span class='ocrx_word' id='word_1_297' title='bbox 1366 1018 1477 1069; x_wconf 56' lang='lat' dir='ltr'><strong>esset,</strong></span> <span class='ocrx_word' id='word_1_298' title='bbox 1503 1018 1539 1047; x_wconf 92' lang='lat' dir='ltr'><strong>et</strong></span> 
     </span>
    </p>
   </div>
   <div class='ocr_carea' id='block_1_15' title="bbox 872 1055 1538 1149">
    <p class='ocr_par' dir='ltr' id='par_1_15' title="bbox 872 1055 1538 1140">
     <span class='ocr_line' id='line_1_61' title="bbox 875 1055 1535 1104; baseline -0.002 -10"><span class='ocrx_word' id='word_1_299' title='bbox 875 1056 938 1094; x_wconf 80' lang='grc' dir='ltr'><strong>ὅτε</strong></span> <span class='ocrx_word' id='word_1_300' title='bbox 977 1058 1035 1104; x_wconf 76' lang='grc' dir='ltr'><strong>ἔζη</strong></span> <span class='ocrx_word' id='word_1_301' title='bbox 1068 1059 1178 1100; x_wconf 85' lang='lat' dir='ltr'><strong>idem,</strong></span> <span class='ocrx_word' id='word_1_302' title='bbox 1202 1058 1292 1103; x_wconf 86' lang='lat' dir='ltr'><strong>quod</strong></span> <span class='ocrx_word' id='word_1_303' title='bbox 1318 1055 1382 1092; x_wconf 78' lang='grc' dir='ltr'><strong>ἐπ’</strong></span> <span class='ocrx_word' id='word_1_304' title='bbox 1414 1057 1535 1093; x_wconf 78' lang='grc' dir='ltr'><em>αὐτοῦ</em></span> 
     </span>
     <span class='ocr_line' id='line_1_62' title="bbox 872 1103 1538 1149; baseline -0.002 -10"><span class='ocrx_word' id='word_1_305' title='bbox 872 1103 1013 1140; x_wconf 77' lang='grc' dir='ltr'><em>ἐκείνου</em></span> <span class='ocrx_word' id='word_1_306' title='bbox 1033 1105 1213 1149; x_wconf 82' lang='lat' dir='ltr'><strong>siguificat.</strong></span> <span class='ocrx_word' id='word_1_307' title='bbox 1239 1104 1349 1138; x_wconf 87' lang='lat' dir='ltr'><strong>Aliter</strong></span> <span class='ocrx_word' id='word_1_308' title='bbox 1364 1105 1538 1139; x_wconf 82' lang='lat' dir='ltr'><strong>Schleier—</strong></span> 
     </span>
    </p>
   </div>
   <div class='ocr_carea' id='block_1_16' title="bbox 860 1151 1535 1472">
    <p class='ocr_par' dir='ltr' id='par_1_16' title="bbox 860 1151 1535 1416">
     <span class='ocr_line' id='line_1_63' title="bbox 871 1151 1534 1185; baseline -0.002 0"><span class='ocrx_word' id='word_1_309' title='bbox 871 1153 1072 1185; x_wconf 82' lang='lat' dir='ltr'><strong>macherus:</strong></span> <span class='ocrx_word' id='word_1_310' title='bbox 1121 1152 1168 1184; x_wconf 82' lang='lat' dir='ltr'><strong>Es</strong></span> <span class='ocrx_word' id='word_1_311' title='bbox 1192 1151 1279 1183; x_wconf 82' lang='lat' dir='ltr'><strong>wird</strong></span> <span class='ocrx_word' id='word_1_312' title='bbox 1308 1152 1459 1185; x_wconf 82' lang='lat' dir='ltr'><strong>na&#39;mlich</strong></span> <span class='ocrx_word' id='word_1_313' title='bbox 1482 1163 1534 1185; x_wconf 86' lang='lat' dir='ltr'><strong>er-</strong></span> 
     </span>
     <span class='ocr_line' id='line_1_64' title="bbox 871 1197 1535 1240; baseline -0.002 -9"><span class='ocrx_word' id='word_1_314' title='bbox 871 1199 987 1240; x_wconf 76' lang='lat' dir='ltr'><strong>zc‘ihlt,</strong></span> <span class='ocrx_word' id='word_1_315' title='bbox 1013 1199 1095 1231; x_wconf 82' lang='lat' dir='ltr'><strong>dass</strong></span> <span class='ocrx_word' id='word_1_316' title='bbox 1119 1208 1202 1230; x_wconf 86' lang='lat' dir='ltr'><strong>man</strong></span> <span class='ocrx_word' id='word_1_317' title='bbox 1230 1197 1301 1229; x_wconf 83' lang='lat' dir='ltr'><strong>sich</strong></span> <span class='ocrx_word' id='word_1_318' title='bbox 1327 1198 1535 1230; x_wconf 75' lang='lat' dir='ltr'><strong>crstaunlich</strong></span> 
     </span>
     <span class='ocr_line' id='line_1_65' title="bbox 869 1244 1534 1289; baseline 0 -12"><span class='ocrx_word' id='word_1_319' title='bbox 869 1245 986 1289; x_wconf 78' lang='lat' dir='ltr'><strong>wenig</strong></span> <span class='ocrx_word' id='word_1_320' title='bbox 1003 1256 1059 1277; x_wconf 88' lang='lat' dir='ltr'><strong>um</strong></span> <span class='ocrx_word' id='word_1_321' title='bbox 1071 1244 1130 1277; x_wconf 82' lang='lat' dir='ltr'><strong>ihn</strong></span> <span class='ocrx_word' id='word_1_322' title='bbox 1149 1244 1362 1277; x_wconf 78' lang='lat' dir='ltr'><strong>bekit‘mmert</strong></span> <span class='ocrx_word' id='word_1_323' title='bbox 1379 1245 1431 1277; x_wconf 73' lang='lat' dir='ltr'><strong>bei</strong></span> <span class='ocrx_word' id='word_1_324' title='bbox 1451 1245 1534 1277; x_wconf 84' lang='lat' dir='ltr'><strong>eben</strong></span> 
     </span>
     <span class='ocr_line' id='line_1_66' title="bbox 860 1289 1531 1334; baseline 0 -11"><span class='ocrx_word' id='word_1_325' title='bbox 860 1292 978 1333; x_wconf 83' lang='lat' dir='ltr'><strong>jenem</strong></span> <span class='ocrx_word' id='word_1_326' title='bbox 1002 1292 1056 1323; x_wconf 75' lang='lat' dir='ltr'><strong>als</strong></span> <span class='ocrx_word' id='word_1_327' title='bbox 1079 1302 1116 1323; x_wconf 84' lang='lat' dir='ltr'><strong>er</strong></span> <span class='ocrx_word' id='word_1_328' title='bbox 1140 1291 1217 1323; x_wconf 83' lang='lat' dir='ltr'><strong>dort</strong></span> <span class='ocrx_word' id='word_1_329' title='bbox 1245 1289 1344 1323; x_wconf 81' lang='lat' dir='ltr'><strong>lebte.</strong></span> <span class='ocrx_word' id='word_1_330' title='bbox 1370 1301 1458 1334; x_wconf 88' lang='lat' dir='ltr'><strong>quae</strong></span> <span class='ocrx_word' id='word_1_331' title='bbox 1482 1290 1531 1323; x_wconf 89' lang='lat' dir='ltr'><strong>in-</strong></span> 
     </span>
     <span class='ocr_line' id='line_1_67' title="bbox 866 1335 1534 1382; baseline 0.001 -12"><span class='ocrx_word' id='word_1_332' title='bbox 866 1337 1072 1381; x_wconf 84' lang='lat' dir='ltr'><strong>terpretatio</strong></span> <span class='ocrx_word' id='word_1_333' title='bbox 1106 1335 1147 1369; x_wconf 86' lang='lat' dir='ltr'><strong>ad</strong></span> <span class='ocrx_word' id='word_1_334' title='bbox 1173 1336 1279 1369; x_wconf 64' lang='lat' dir='ltr'><strong>verba</strong></span> <span class='ocrx_word' id='word_1_335' title='bbox 1308 1337 1446 1371; x_wconf 86' lang='lat' dir='ltr'><strong>Graeca</strong></span> <span class='ocrx_word' id='word_1_336' title='bbox 1470 1348 1534 1382; x_wconf 82' lang='lat' dir='ltr'><strong>pa—</strong></span> 
     </span>
     <span class='ocr_line' id='line_1_68' title="bbox 866 1382 1304 1416; baseline 0 -1"><span class='ocrx_word' id='word_1_337' title='bbox 866 1394 941 1416; x_wconf 85' lang='lat' dir='ltr'><strong>rum</strong></span> <span class='ocrx_word' id='word_1_338' title='bbox 966 1386 1018 1415; x_wconf 86' lang='lat' dir='ltr'><strong>est</strong></span> <span class='ocrx_word' id='word_1_339' title='bbox 1042 1382 1304 1415; x_wconf 85' lang='lat' dir='ltr'><strong>accommodata.</strong></span> 
     </span>
    </p>

    <p class='ocr_par' dir='ltr' id='par_1_17' title="bbox 912 1425 1267 1472">
     <span class='ocr_line' id='line_1_69' title="bbox 912 1425 1267 1472; baseline -0.003 -11"><span class='ocrx_word' id='word_1_340' title='bbox 912 1425 997 1472; x_wconf 72' lang='grc' dir='ltr'><strong>γᾶρ]</strong></span> <span class='ocrx_word' id='word_1_341' title='bbox 1023 1440 1086 1462; x_wconf 90' lang='lat' dir='ltr'><strong>om.</strong></span> <span class='ocrx_word' id='word_1_342' title='bbox 1113 1428 1206 1462; x_wconf 89' lang='lat' dir='ltr'><strong>Mon.</strong></span> <span class='ocrx_word' id='word_1_343' title='bbox 1227 1427 1267 1460; x_wconf 91' lang='lat' dir='ltr'><strong>C.</strong></span> 
     </span>
    </p>
   </div>
   <div class='ocr_carea' id='block_1_17' title="bbox 859 1493 1533 1910">
    <p class='ocr_par' dir='ltr' id='par_1_18' title="bbox 859 1493 1533 1910">
     <span class='ocr_line' id='line_1_70' title="bbox 913 1493 1533 1541; baseline 0.002 -12"><span class='ocrx_word' id='word_1_344' title='bbox 913 1493 996 1530; x_wconf 75' lang='grc' dir='ltr'><strong>ἄλλ’</strong></span> <span class='ocrx_word' id='word_1_345' title='bbox 1022 1497 1110 1541; x_wconf 79' lang='grc' dir='ltr'><em>οἷέι]</em></span> <span class='ocrx_word' id='word_1_346' title='bbox 1148 1497 1197 1530; x_wconf 84' lang='lat' dir='ltr'><strong>At</strong></span> <span class='ocrx_word' id='word_1_347' title='bbox 1221 1497 1311 1530; x_wconf 85' lang='lat' dir='ltr'><strong>enim</strong></span> <span class='ocrx_word' id='word_1_348' title='bbox 1338 1495 1416 1529; x_wconf 89' lang='lat' dir='ltr'><strong>Fic.</strong></span> <span class='ocrx_word' id='word_1_349' title='bbox 1439 1493 1533 1530; x_wconf 59' lang='grc' dir='ltr'><strong>ΑΠ’</strong></span> 
     </span>
     <span class='ocr_line' id='line_1_71' title="bbox 868 1542 1532 1587; baseline -0.002 -10"><span class='ocrx_word' id='word_1_350' title='bbox 868 1542 938 1577; x_wconf 87' lang='grc' dir='ltr'><em>οιει</em></span> <span class='ocrx_word' id='word_1_351' title='bbox 961 1543 1037 1578; x_wconf 84' lang='lat' dir='ltr'><strong>Ald.</strong></span> <span class='ocrx_word' id='word_1_352' title='bbox 1063 1543 1141 1576; x_wconf 82' lang='lat' dir='ltr'><strong>Bas.</strong></span> <span class='ocrx_word' id='word_1_353' title='bbox 1173 1554 1204 1576; x_wconf 88' lang='lat' dir='ltr'><strong>a.</strong></span> <span class='ocrx_word' id='word_1_354' title='bbox 1231 1542 1352 1586; x_wconf 80' lang='lat' dir='ltr'><strong>steph.</strong></span> <span class='ocrx_word' id='word_1_355' title='bbox 1376 1543 1451 1576; x_wconf 86' lang='lat' dir='ltr'><strong>Ast.</strong></span> <span class='ocrx_word' id='word_1_356' title='bbox 1477 1554 1532 1587; x_wconf 91' lang='lat' dir='ltr'><strong>pr.</strong></span> 
     </span>
     <span class='ocr_line' id='line_1_72' title="bbox 866 1586 1532 1631; baseline 0 -9"><span class='ocrx_word' id='word_1_357' title='bbox 866 1601 934 1623; x_wconf 86' lang='lat' dir='ltr'><strong>sec.</strong></span> <span class='ocrx_word' id='word_1_358' title='bbox 961 1586 1044 1623; x_wconf 80' lang='grc' dir='ltr'><em>αλλ’</em></span> <span class='ocrx_word' id='word_1_359' title='bbox 1061 1615 1070 1631; x_wconf 89' lang='grc'><em>,</em></span> <span class='ocrx_word' id='word_1_360' title='bbox 1105 1589 1177 1623; x_wconf 80' lang='grc' dir='ltr'><em>οἰει</em></span> <span class='ocrx_word' id='word_1_361' title='bbox 1207 1588 1421 1622; x_wconf 89' lang='lat' dir='ltr'><strong>scribendum</strong></span> <span class='ocrx_word' id='word_1_362' title='bbox 1456 1600 1532 1622; x_wconf 85' lang='lat' dir='ltr'><strong>esse</strong></span> 
     </span>
     <span class='ocr_line' id='line_1_73' title="bbox 865 1634 1529 1669; baseline -0.003 -1"><span class='ocrx_word' id='word_1_363' title='bbox 865 1635 1111 1669; x_wconf 82' lang='lat' dir='ltr'><strong>Stallbauinius</strong></span> <span class='ocrx_word' id='word_1_364' title='bbox 1142 1635 1177 1668; x_wconf 90' lang='lat' dir='ltr'><strong>in</strong></span> <span class='ocrx_word' id='word_1_365' title='bbox 1210 1646 1280 1668; x_wconf 88' lang='lat' dir='ltr'><strong>sec.</strong></span> <span class='ocrx_word' id='word_1_366' title='bbox 1312 1634 1354 1667; x_wconf 89' lang='lat' dir='ltr'><strong>ad</strong></span> <span class='ocrx_word' id='word_1_367' title='bbox 1394 1634 1433 1667; x_wconf 90' lang='lat' dir='ltr'><strong>L.</strong></span> <span class='ocrx_word' id='word_1_368' title='bbox 1471 1635 1529 1669; x_wconf 84' lang='lat' dir='ltr'><strong>VI.</strong></span> 
     </span>
     <span class='ocr_line' id='line_1_74' title="bbox 864 1680 1531 1726; baseline -0.003 -10"><span class='ocrx_word' id='word_1_369' title='bbox 864 1692 898 1726; x_wconf 91' lang='lat' dir='ltr'><strong>p.</strong></span> <span class='ocrx_word' id='word_1_370' title='bbox 922 1681 1000 1716; x_wconf 79' lang='lat'><strong>486.</strong></span> <span class='ocrx_word' id='word_1_371' title='bbox 1022 1683 1061 1715; x_wconf 85' lang='lat' dir='ltr'><strong>C.</strong></span> <span class='ocrx_word' id='word_1_372' title='bbox 1088 1684 1275 1722; x_wconf 87' lang='lat' dir='ltr'><strong>monuerat,</strong></span> <span class='ocrx_word' id='word_1_373' title='bbox 1303 1680 1400 1725; x_wconf 86' lang='lat' dir='ltr'><strong>quasi</strong></span> <span class='ocrx_word' id='word_1_374' title='bbox 1421 1680 1531 1714; x_wconf 85' lang='lat' dir='ltr'><strong>Glau-</strong></span> 
     </span>
     <span class='ocr_line' id='line_1_75' title="bbox 865 1726 1529 1783; baseline 0 -23"><span class='ocrx_word' id='word_1_375' title='bbox 865 1728 959 1761; x_wconf 89' lang='lat' dir='ltr'><strong>conis</strong></span> <span class='ocrx_word' id='word_1_376' title='bbox 994 1728 1130 1783; x_wconf 85' lang='lat' dir='ltr'><strong>potius,</strong></span> <span class='ocrx_word' id='word_1_377' title='bbox 1169 1738 1269 1771; x_wconf 85' lang='lat' dir='ltr'><strong>quam</strong></span> <span class='ocrx_word' id='word_1_378' title='bbox 1302 1726 1458 1760; x_wconf 83' lang='lat' dir='ltr'><strong>Socratis</strong></span> <span class='ocrx_word' id='word_1_379' title='bbox 1487 1738 1529 1760; x_wconf 87' lang='lat' dir='ltr'><strong>ex</strong></span> 
     </span>
     <span class='ocr_line' id='line_1_76' title="bbox 863 1770 1529 1813; baseline 0 -8"><span class='ocrx_word' id='word_1_380' title='bbox 863 1779 978 1807; x_wconf 84' lang='lat' dir='ltr'><strong>mente</strong></span> <span class='ocrx_word' id='word_1_381' title='bbox 1003 1770 1094 1806; x_wconf 71' lang='grc' dir='ltr'><strong>ἀλλὰ</strong></span> <span class='ocrx_word' id='word_1_382' title='bbox 1114 1772 1240 1806; x_wconf 86' lang='lat' dir='ltr'><strong>dictum</strong></span> <span class='ocrx_word' id='word_1_383' title='bbox 1260 1776 1374 1813; x_wconf 79' lang='lat' dir='ltr'><strong>esset3</strong></span> <span class='ocrx_word' id='word_1_384' title='bbox 1391 1772 1425 1805; x_wconf 89' lang='lat' dir='ltr'><strong>in</strong></span> <span class='ocrx_word' id='word_1_385' title='bbox 1447 1784 1529 1805; x_wconf 87' lang='lat' dir='ltr'><strong>con-</strong></span> 
     </span>
     <span class='ocr_line' id='line_1_77' title="bbox 862 1818 1526 1872; baseline 0 -20"><span class='ocrx_word' id='word_1_386' title='bbox 862 1823 959 1852; x_wconf 84' lang='lat' dir='ltr'><strong>textu</strong></span> <span class='ocrx_word' id='word_1_387' title='bbox 998 1823 1111 1853; x_wconf 85' lang='lat' dir='ltr'><strong>tamen</strong></span> <span class='ocrx_word' id='word_1_388' title='bbox 1145 1829 1273 1852; x_wconf 87' lang='lat' dir='ltr'><strong>comma</strong></span> <span class='ocrx_word' id='word_1_389' title='bbox 1308 1830 1374 1851; x_wconf 90' lang='lat' dir='ltr'><strong>non</strong></span> <span class='ocrx_word' id='word_1_390' title='bbox 1404 1818 1526 1872; x_wconf 80' lang='lat' dir='ltr'><strong>posuit</strong></span> 
     </span>
     <span class='ocr_line' id='line_1_78' title="bbox 859 1864 1527 1910; baseline 0 -13"><span class='ocrx_word' id='word_1_391' title='bbox 859 1876 971 1910; x_wconf 89' lang='lat' dir='ltr'><strong>neque</strong></span> <span class='ocrx_word' id='word_1_392' title='bbox 1004 1866 1038 1899; x_wconf 88' lang='lat' dir='ltr'><strong>in</strong></span> <span class='ocrx_word' id='word_1_393' title='bbox 1070 1864 1291 1899; x_wconf 85' lang='lat' dir='ltr'><strong>adnotatione</strong></span> <span class='ocrx_word' id='word_1_394' title='bbox 1324 1864 1440 1898; x_wconf 85' lang='lat' dir='ltr'><strong>moniti</strong></span> <span class='ocrx_word' id='word_1_395' title='bbox 1475 1864 1527 1898; x_wconf 89' lang='lat' dir='ltr'><strong>sui</strong></span> 
     </span>
    </p>
   </div>
   <div class='ocr_carea' id='block_1_18' title="bbox 858 1911 1083 1947">
    <p class='ocr_par' dir='ltr' id='par_1_19' title="bbox 858 1911 1083 1947">
     <span class='ocr_line' id='line_1_79' title="bbox 858 1911 1083 1947; baseline 0.009 -3"><span class='ocrx_word' id='word_1_396' title='bbox 858 1922 984 1945; x_wconf 88' lang='lat' dir='ltr'><strong>memor</strong></span> <span class='ocrx_word' id='word_1_397' title='bbox 1007 1911 1083 1947; x_wconf 84' lang='lat' dir='ltr'><strong>fuit.</strong></span> 
     </span>
    </p>
   </div>
   <div class='ocr_carea' id='block_1_19' title="bbox 855 1975 1524 2060">
    <p class='ocr_par' dir='ltr' id='par_1_20' title="bbox 855 1975 1524 2060">
     <span class='ocr_line' id='line_1_80' title="bbox 855 1975 1524 2059; baseline -0.001 -45"><span class='ocrx_word' id='word_1_398' title='bbox 855 1979 955 2059; x_wconf 83' lang='grc' dir='ltr'><strong>Μτῷ</strong></span> <span class='ocrx_word' id='word_1_399' title='bbox 1000 1975 1103 2025; x_wconf 79' lang='grc' dir='ltr'><em>ὄντι]</em></span> <span class='ocrx_word' id='word_1_400' title='bbox 1153 1976 1290 2014; x_wconf 81' lang='grc' dir='ltr'><em>τωόντι</em></span> <span class='ocrx_word' id='word_1_401' title='bbox 1328 1977 1432 2013; x_wconf 84' lang='lat' dir='ltr'><strong>Vind.</strong></span> <span class='ocrx_word' id='word_1_402' title='bbox 1480 1978 1524 2013; x_wconf 87' lang='grc' dir='ltr'><strong>Ε.</strong></span> 
     </span>
     <span class='ocr_line' id='line_1_81' title="bbox 896 2026 1020 2060; baseline 0.008 -1"><span class='ocrx_word' id='word_1_403' title='bbox 896 2038 950 2060; x_wconf 88' lang='lat' dir='ltr'><strong>on.</strong></span> <span class='ocrx_word' id='word_1_404' title='bbox 979 2026 1020 2060; x_wconf 88' lang='lat' dir='ltr'><strong>C.</strong></span> 
     </span>
    </p>
   </div>
   <div class='ocr_carea' id='block_1_20' title="bbox 853 2091 1521 2175">
    <p class='ocr_par' dir='ltr' id='par_1_21' title="bbox 853 2091 1521 2175">
     <span class='ocr_line' id='line_1_82' title="bbox 853 2091 1521 2174; baseline -0.002 -46"><span class='ocrx_word' id='word_1_405' title='bbox 853 2141 883 2174; x_wconf 82' lang='lat' dir='ltr'>B</span> <span class='ocrx_word' id='word_1_406' title='bbox 902 2091 995 2174; x_wconf 60' lang='lat' dir='ltr'><strong>oso&#39;g</strong></span> <span class='ocrx_word' id='word_1_407' title='bbox 1009 2091 1063 2140; x_wconf 82' lang='grc' dir='ltr'><strong>τ’]</strong></span> <span class='ocrx_word' id='word_1_408' title='bbox 1091 2092 1174 2134; x_wconf 79' lang='grc' dir='ltr'>οἶός</span> <span class='ocrx_word' id='word_1_409' title='bbox 1196 2105 1235 2129; x_wconf 85' lang='grc' dir='ltr'><strong>τε</strong></span> <span class='ocrx_word' id='word_1_410' title='bbox 1258 2093 1364 2127; x_wconf 85' lang='lat' dir='ltr'><strong>Arist.</strong></span> <span class='ocrx_word' id='word_1_411' title='bbox 1391 2092 1521 2127; x_wconf 81' lang='lat' dir='ltr'><strong>Euseb.</strong></span> 
     </span>
     <span class='ocr_line' id='line_1_83' title="bbox 886 2152 924 2175; baseline 0.026 -1"><span class='ocrx_word' id='word_1_412' title='bbox 886 2152 924 2175; x_wconf 89' lang='lat' dir='ltr'><strong>as</strong></span> 
     </span>
    </p>
   </div>
   <div class='ocr_carea' id='block_1_21' title="bbox 854 2203 1522 2299">
    <p class='ocr_par' dir='ltr' id='par_1_22' title="bbox 854 2203 1522 2299">
     <span class='ocr_line' id='line_1_84' title="bbox 900 2203 1522 2263; baseline -0.002 -20"><span class='ocrx_word' id='word_1_413' title='bbox 900 2210 1116 2253; x_wconf 79' lang='grc' dir='ltr'><em>μιμεῖσθαι]</em></span> <span class='ocrx_word' id='word_1_414' title='bbox 1141 2208 1330 2263; x_wconf 79' lang='grc' dir='ltr'><em>μιμῆσθαι</em></span> <span class='ocrx_word' id='word_1_415' title='bbox 1354 2208 1455 2243; x_wconf 83' lang='lat' dir='ltr'><strong>Vind.</strong></span> <span class='ocrx_word' id='word_1_416' title='bbox 1476 2203 1522 2243; x_wconf 89' lang='grc' dir='ltr'>Ε.</span> 
     </span>
     <span class='ocr_line' id='line_1_85' title="bbox 854 2252 1462 2299; baseline -0.003 -9"><span class='ocrx_word' id='word_1_417' title='bbox 854 2262 937 2290; x_wconf 83' lang='lat' dir='ltr'><strong>ante</strong></span> <span class='ocrx_word' id='word_1_418' title='bbox 961 2267 1049 2289; x_wconf 91' lang='lat' dir='ltr'><strong>corr.</strong></span> <span class='ocrx_word' id='word_1_419' title='bbox 1074 2252 1265 2299; x_wconf 71' lang='grc' dir='ltr'><em>γινώσκειν</em></span> <span class='ocrx_word' id='word_1_420' title='bbox 1289 2255 1368 2289; x_wconf 82' lang='lat' dir='ltr'><strong>Par.</strong></span> <span class='ocrx_word' id='word_1_421' title='bbox 1393 2254 1462 2289; x_wconf 88' lang='grc' dir='ltr'><strong>Κ.</strong></span> 
     </span>
    </p>
   </div>
   <div class='ocr_carea' id='block_1_22' title="bbox 852 2321 1520 2506">
    <p class='ocr_par' dir='ltr' id='par_1_23' title="bbox 852 2321 1520 2506">
     <span class='ocr_line' id='line_1_86' title="bbox 855 2321 1518 2404; baseline -0.003 -46"><span class='ocrx_word' id='word_1_422' title='bbox 855 2321 1157 2404; x_wconf 45' lang='lat' dir='ltr'><strong>Mytyvggnswg&#39;l</strong></span> <span class='ocrx_word' id='word_1_423' title='bbox 1177 2323 1401 2403; x_wconf 54' lang='lat' dir='ltr'><strong>ythCYJind.</strong></span> <span class='ocrx_word' id='word_1_424' title='bbox 1410 2323 1518 2403; x_wconf 61' lang='grc' dir='ltr'>ΑΙξΕ.</span> 
     </span>
     <span class='ocr_line' id='line_1_87' title="bbox 853 2369 1520 2460; baseline 0.001 -11"><span class='ocrx_word' id='word_1_425' title='bbox 853 2371 1240 2460; x_wconf 60' lang='lat' dir='ltr'><strong>(nssss‘nznd.)(1‹:u⁰s‘.;b.</strong></span> <span class='ocrx_word' id='word_1_426' title='bbox 1273 2419 1309 2449; x_wconf 75' lang='lat' dir='ltr'><strong>et</strong></span> <span class='ocrx_word' id='word_1_427' title='bbox 1333 2369 1417 2450; x_wconf 50' lang='lat' dir='ltr'><strong>{nisti</strong></span> <span class='ocrx_word' id='word_1_428' title='bbox 1441 2376 1520 2450; x_wconf 46' lang='lat' dir='ltr'><strong>{istie</strong></span> 
     </span>
     <span class='ocr_line' id='line_1_88' title="bbox 852 2461 1383 2506; baseline 0 -10"><span class='ocrx_word' id='word_1_429' title='bbox 852 2463 994 2496; x_wconf 86' lang='lat' dir='ltr'><strong>Astium.</strong></span> <span class='ocrx_word' id='word_1_430' title='bbox 1019 2463 1212 2506; x_wconf 76' lang='grc' dir='ltr'><em>μιμεῖσθαι</em></span> <span class='ocrx_word' id='word_1_431' title='bbox 1234 2462 1314 2495; x_wconf 83' lang='lat' dir='ltr'><strong>Par.</strong></span> <span class='ocrx_word' id='word_1_432' title='bbox 1338 2461 1383 2496; x_wconf 88' lang='lat' dir='ltr'><strong>K.</strong></span> 
     </span>
    </p>
   </div>
   <div class='ocr_carea' id='block_1_23' title="bbox 865 2524 1519 2620">
    <p class='ocr_par' dir='ltr' id='par_1_24' title="bbox 865 2524 1518 2620">
     <span class='ocr_line' id='line_1_89' title="bbox 865 2524 1518 2620; baseline -0.002 -55.94"><span class='ocrx_word' id='word_1_433' title='bbox 865 2527 1000 2620; x_wconf 41' lang='grc' dir='ltr'><strong>ἴεἔρα]</strong></span> <span class='ocrx_word' id='word_1_434' title='bbox 1053 2524 1129 2573; x_wconf 74' lang='grc' dir='ltr'><strong>ἆρα</strong></span> <span class='ocrx_word' id='word_1_435' title='bbox 1165 2530 1271 2563; x_wconf 80' lang='lat' dir='ltr'><strong>Arist.</strong></span> <span class='ocrx_word' id='word_1_436' title='bbox 1309 2530 1383 2564; x_wconf 87' lang='lat' dir='ltr'><strong>cod.</strong></span> <span class='ocrx_word' id='word_1_437' title='bbox 1419 2530 1518 2564; x_wconf 79' lang='lat' dir='ltr'><strong>Bodl.</strong></span> 
     </span>
     <span class='ocr_line' id='line_1_90' title="bbox 948 2576 1519 2613; baseline -0.002 -3"><span class='ocrx_word' id='word_1_438' title='bbox 948 2577 1034 2611; x_wconf 86' lang='lat' dir='ltr'><strong>Lob.</strong></span> <span class='ocrx_word' id='word_1_439' title='bbox 1059 2577 1158 2613; x_wconf 87' lang='lat' dir='ltr'><strong>Vind.</strong></span> <span class='ocrx_word' id='word_1_440' title='bbox 1182 2577 1223 2610; x_wconf 90' lang='lat' dir='ltr'><strong>B.</strong></span> <span class='ocrx_word' id='word_1_441' title='bbox 1251 2576 1346 2610; x_wconf 90' lang='lat' dir='ltr'><strong>Mon.</strong></span> <span class='ocrx_word' id='word_1_442' title='bbox 1370 2576 1411 2610; x_wconf 87' lang='lat' dir='ltr'><strong>C.</strong></span> <span class='ocrx_word' id='word_1_443' title='bbox 1438 2578 1519 2612; x_wconf 84' lang='lat' dir='ltr'><strong>Vat.</strong></span> 
     </span>
    </p>
   </div>
   <div class='ocr_carea' id='block_1_24' title="bbox 849 2618 1517 2805">
    <p class='ocr_par' dir='ltr' id='par_1_25' title="bbox 849 2618 1517 2805">
     <span class='ocr_line' id='line_1_91' title="bbox 851 2618 1517 2665; baseline 0 -9"><span class='ocrx_word' id='word_1_444' title='bbox 851 2623 937 2657; x_wconf 87' lang='lat' dir='ltr'><strong>HM.</strong></span> <span class='ocrx_word' id='word_1_445' title='bbox 961 2623 1068 2656; x_wconf 87' lang='lat' dir='ltr'><strong>Arist.</strong></span> <span class='ocrx_word' id='word_1_446' title='bbox 1102 2623 1178 2656; x_wconf 81' lang='lat' dir='ltr'><strong>edd.</strong></span> <span class='ocrx_word' id='word_1_447' title='bbox 1213 2628 1294 2656; x_wconf 84' lang='lat' dir='ltr'><strong>ante</strong></span> <span class='ocrx_word' id='word_1_448' title='bbox 1322 2622 1423 2657; x_wconf 87' lang='lat' dir='ltr'><strong>Dind.</strong></span> <span class='ocrx_word' id='word_1_449' title='bbox 1449 2618 1517 2665; x_wconf 74' lang='grc' dir='ltr'><strong>ἄρ’</strong></span> 
     </span>
     <span class='ocr_line' id='line_1_92' title="bbox 851 2668 1517 2713; baseline -0.002 -10"><span class='ocrx_word' id='word_1_450' title='bbox 851 2669 952 2704; x_wconf 87' lang='lat' dir='ltr'><strong>Vind.</strong></span> <span class='ocrx_word' id='word_1_451' title='bbox 977 2669 1020 2701; x_wconf 90' lang='lat' dir='ltr'><strong>F.</strong></span> <span class='ocrx_word' id='word_1_452' title='bbox 1054 2670 1142 2713; x_wconf 84' lang='lat' dir='ltr'><strong>Ang.</strong></span> <span class='ocrx_word' id='word_1_453' title='bbox 1168 2669 1208 2702; x_wconf 92' lang='lat' dir='ltr'><strong>B.</strong></span> <span class='ocrx_word' id='word_1_454' title='bbox 1243 2668 1340 2704; x_wconf 85' lang='lat' dir='ltr'><strong>Flor.</strong></span> <span class='ocrx_word' id='word_1_455' title='bbox 1375 2669 1517 2703; x_wconf 87' lang='lat' dir='ltr'><strong>ARTV.</strong></span> 
     </span>
     <span class='ocr_line' id='line_1_93' title="bbox 849 2714 1515 2748; baseline 0.002 -1"><span class='ocrx_word' id='word_1_456' title='bbox 849 2715 954 2748; x_wconf 86' lang='lat' dir='ltr'><strong>Arist.</strong></span> <span class='ocrx_word' id='word_1_457' title='bbox 988 2715 1041 2748; x_wconf 84' lang='lat' dir='ltr'><strong>ed.</strong></span> <span class='ocrx_word' id='word_1_458' title='bbox 1079 2715 1180 2748; x_wconf 88' lang='lat' dir='ltr'><strong>Dind.</strong></span> <span class='ocrx_word' id='word_1_459' title='bbox 1215 2715 1340 2748; x_wconf 83' lang='lat' dir='ltr'><strong>Stallb.</strong></span> <span class='ocrx_word' id='word_1_460' title='bbox 1375 2714 1515 2748; x_wconf 87' lang='lat' dir='ltr'><strong>Ficinus</strong></span> 
     </span>
     <span class='ocr_line' id='line_1_94' title="bbox 852 2756 1515 2805; baseline 0 -11"><span class='ocrx_word' id='word_1_461' title='bbox 852 2758 921 2795; x_wconf 76' lang='grc' dir='ltr'><strong>οὐκ</strong></span> <span class='ocrx_word' id='word_1_462' title='bbox 946 2756 1023 2804; x_wconf 79' lang='grc' dir='ltr'><strong>ἄρα</strong></span> <span class='ocrx_word' id='word_1_463' title='bbox 1055 2757 1104 2794; x_wconf 68' lang='lat'><strong>‹322›</strong></span> <span class='ocrx_word' id='word_1_464' title='bbox 1127 2773 1188 2795; x_wconf 87' lang='lat' dir='ltr'><strong>cur</strong></span> <span class='ocrx_word' id='word_1_465' title='bbox 1216 2773 1284 2794; x_wconf 78' lang='lat' dir='ltr'><strong>non</strong></span> <span class='ocrx_word' id='word_1_466' title='bbox 1307 2761 1515 2805; x_wconf 84' lang='lat' dir='ltr'><strong>interpreta-</strong></span> 
     </span>
    </p>
   </div>
   <div class='ocr_carea' id='block_1_25' title="bbox 850 2811 1325 2905">
    <p class='ocr_par' dir='ltr' id='par_1_26' title="bbox 850 2811 1325 2905">
     <span class='ocr_line' id='line_1_95' title="bbox 850 2811 995 2840; baseline 0 0"><span class='ocrx_word' id='word_1_467' title='bbox 850 2813 907 2840; x_wconf 85' lang='lat' dir='ltr'><strong>tus</strong></span> <span class='ocrx_word' id='word_1_468' title='bbox 931 2811 995 2840; x_wconf 86' lang='lat' dir='ltr'><strong>est.</strong></span> 
     </span>
     <span class='ocr_line' id='line_1_96' title="bbox 1237 2863 1325 2905; baseline 0.011 -1"><span class='ocrx_word' id='word_1_469' title='bbox 1237 2863 1276 2904; x_wconf 92' lang='lat' dir='ltr'>O</span> <span class='ocrx_word' id='word_1_470' title='bbox 1299 2867 1325 2905; x_wconf 81' lang='lat'>2</span> 
     </span>
    </p>
   </div>
  </div>
 </body>
</html>
