1764 3176
582 201 1062 245 EDI'TORIS.
1387 216 1519 244 xxxin

126 324 319 361 huiusmodi
350 318 526 373 ¹⁹2⁶7⁸0⁸0⁰⁰,
555 326 769 356 revertamur
790 321 837 355 ad
858 322 1005 365 priorem
1034 318 1118 362 ἴσην
1135 314 1277 361 ἰσάκις,
1308 315 1442 354 ἑκατὸν
1462 330 1520 353 το-

126 377 305 420 σαυτάκις
323 381 473 423 dictam-3
488 401 490 403 v
503 381 624 423 quibus
646 380 758 414 verbis
778 379 952 413 novenarii
973 377 1179 420 quadratum
1198 377 1383 419 significari
1411 389 1453 411 ex
1467 379 1520 419 iis,

125 450 215 484 quae
250 438 363 472 adhuc
388 437 652 481 disputavimus,
681 441 752 470 tam
779 437 850 470 veri
883 435 992 468 simile
1020 433 1147 467 factum
1181 439 1361 477 putamus,
1384 439 1427 468 ut
1458 446 1522 479 pro

126 507 207 531 vero
224 495 417 529 habendum
438 496 504 536 sit,
536 495 564 528 si
588 494 689 527 >ratio
716 494 836 536 aliqua*
859 492 1072 532 inveniatur,
1104 502 1169 533 qua
1204 493 1311 534 possit
1329 493 1439 525 verbis
1459 493 1524 526 illis

125 554 339 596 significatus
366 552 485 586 videri.
542 550 595 585 Ac
623 551 792 584 succurrit
816 549 952 593 quidem
971 548 1137 581 Barocius
1153 559 1221 581 non
1246 549 1362 591 inepte
1383 551 1525 592 excogi—

126 615 200 644 tata
220 609 354 643 ratione
372 609 475 643 'suum
496 608 700 651 quadratum
729 607 931 640 duodenarii
955 606 1022 639 alio
1044 606 1125 638 item
1141 605 1310 647 quadrato
1324 632 1333 647 ‚
1362 606 1424 639 sed
1443 618 1525 640 cen-—

126 667 270 708 tenarii,
310 669 607 710 repraesentatum
645 675 755 708 eoque
790 665 853 697 sub
884 664 958 697 velo
990 662 1248 695 absconditum·
1271 662 1404 704 ferens,
1434 664 1526 706 quod

121 724 214 757 idem
232 724 330 758 nobis
362 723 409 756 de
431 726 554 756 nostro
580 722 752 765 quadrato
774 721 947 754 affirmare
963 720 1082 752 liceat.
1142 719 1271 753 Verum
1300 728 1403 761 quum
1423 718 1526 754 Plato

126 791 194 815 non
221 781 341 814 solum
358 779 497 813 fallendi
529 790 632 812 causa
652 779 840 819 scriberet,
870 778 931 811 sed
959 788 978 809 a
1010 777 1234 819 prudentibus
1254 776 1332 818 -le'gi
1364 778 1467 810 vellet
1491 782 1526 811 et

127 838 290 880 intelligi,
319 837 459 870 Barocii
487 837 660 870 inventum
678 835 837 869 sufficere
863 845 933 868 non
959 839 1139 876 putamuS‚
1170 833 1231 866 sed
1257 833 1448 867 orationem
1472 834 1526 868 hic

127 904 264 938 quoque
283 895 386 927 talem
408 894 626 937 quaerimus,
654 903 743 936 quae
769 897 803 926 et
832 893 954 934 vulgus
981 890 1100 923 fallere
1124 896 1158 922 et
1183 890 1385 924 satisfacere
1404 891 1527 924 intelli-

128 952 288 994 gentibus
305 955 434 994 posset.
452 961 453 964 ¹
481 950 558 984 His
577 961 657 983 vero
679 960 747 983 non
768 953 857 992 erat,
885 959 946 981 cnr
968 952 1028 980 aut
1046 948 1173 981 diserte
1194 948 1367 980 diceretur
1384 952 1443 981 aut
1464 949 1526 982 de-

129 1007 321 1041 clararetur
341 1009 522 1051 exemplo,
552 1008 626 1050 quis
657 1011 748 1040 esset
763 1016 924 1040 numerus
947 1003 1026 1042 ἴσος
1050 999 1192 1045 ἰσάκις,
1213 1003 1264 1037 vab
1286 1005 1366 1047 ipsis
1394 1005 1527 1039 scilicet

127 1064 229 1098 facile
247 1063 510 1108 intelligendus,
539 1063 725 1098 dummodo
743 1066 884 1097 nossent
910 1064 1021 1103 latus,
1052 1059 1143 1104 quod
1160 1058 1352 1102 πυθμένος
1382 1063 1446 1095 vim
1468 1073 1526 1095 as—

126 1122 238 1155 secuti
267 1122 428 1164 ignorare
461 1132 530 1155 non
558 1125 730 1164 poterant.
788 1120 897 1153 Iidem
924 1120 1065 1152 alterius
1097 1118 1295 1152 harmoniae
1329 1119 1527 1155 definitione

128 1179 248 1212 moniti
277 1180 396 1212 etiam>
417 1177 471 1211 hic
495 1178 710 1211 reconditam
742 1177 913 1220 quandam
946 1181 980 1209 et
1001 1187 1021 1209 a
1042 1176 1174 1218 vulgari
1201 1176 1359 1217 loquendi
1385 1171 1527 1220 compu—

129 1236 293 1278 tandique
318 1234 568 1269 consuetudine
597 1235 765 1268 diversam
794 1235 962 1266 rationem
993 1233 1161 1276 suspicari
1188 1233 1372 1267 debebant.
1426 1234 1527 1267 'Ean—

129 1293 206 1326 dem
221 1292 329 1335 igitur
358 1292 447 1325 viam
471 1292 650 1333 ineuntes,
682 1301 747 1334 qua
774 1293 808 1324 in
837 1292 911 1323 isto*
930 1291 1204 1323 centenariorum
1224 1290 1297 1332 pari
1319 1290 1441 1323 cubum
1464 1301 1529 1324 no-

129 1349 259 1382 venarii
288 1347 620 1393 deprehendissent,
662 1348 814 1381 eiusdem
839 1348 1045 1390 quadratum
1072 1348 1105 1380 in
1148 1347 1259 1380 verbis
1292 1345 1376 1389 ἴσην
1404 1341 1530 1386 ἰσάκις

129 1400 264 1438 ἑκατὸν
279 1399 504 1443 τοσαυτάκις
533 1406 682 1448 agnituri
703 1409 820 1446 erant,
836 1403 879 1438 ‘si
905 1403 987 1446 ἴσην
1008 1399 1132 1441 ἰσάκις
1153 1413 1216 1447 pro
1239 1399 1346 1436 ἐννέα
1365 1400 1531 1442 ἐννεάκις

130 1463 331 1506 acciperent
360 1463 465 1505 eique
490 1472 634 1496 numero
663 1462 756 1505 prius
784 1455 919 1494 ἑκατὸν
950 1462 999 1494 ita
1028 1462 1228 1503 iungerent,
1270 1465 1305 1494 nt
1335 1461 1531 1495 efficeretur

131 1514 531 1562 ἓνκαιογδοηκοντάκις
558 1512 714 1561 ἑκατόν,
759 1518 920 1561 denique
944 1517 1034 1551 hunc
1076 1507 1254 1551 numerum
1289 1529 1350 1561 per
1387 1520 1533 1553 alterum

130 1571 266 1609 ἑκατὸν
290 1577 324 1610 in
353 1572 578 1613 τοσαυτάκις
603 1577 767 1609 latentem
792 1575 853 1609 sed
876 1585 954 1610 eum
974 1576 1008 1609 in
1040 1568 1241 1617 ὁμώνυμον
1262 1569 1399 1617 μόριον
1419 1580 1533 1610 muta·

131 1638 203 1667 tum
223 1633 491 1676 multiplicarent
523 1633 646 1667 eodem
663 1633 792 1678 modo,
820 1643 888 1675 quo
920 1633 954 1666 in
983 1633 1165 1675 posteriori
1197 1631 1375 1665 harmonia
1395 1637 1534 1667 centum

132 1691 240 1723 cubos
260 1691 403 1723 ternarii
436 1701 498 1733 per
521 1694 658 1723 centum
691 1700 852 1723 numeros
886 1699 906 1721 a
941 1689 1116 1722 diametris
1148 1689 1424 1731 multiplicandos
1458 1700 1534 1723 esse

131 1746 287 1780 vidimus.
346 1747 479 1782 Quibus
496 1747 546 1780 ita
566 1747 731 1780 institutis
760 1755 938 1779 numerum
959 1745 1164 1788 quadratum
1186 1747 1359 1778 novenarii
1380 1743 1509 1795 (ssfflffl—J‘

132 1802 222 1836 effici
244 1813 387 1837 necesse
417 1807 480 1837 est.
539 1803 642 1839 Quod
664 1807 778 1835 autem
808 1803 1043 1835 centenarium
1062 1803 1175 1845 potius
1190 1828 1200 1843 ‚
1231 1812 1333 1844 quam
1356 1803 1536 1837 denarium

131 1860 279 1893 aliumve
303 1859 468 1893 minorem
494 1870 671 1893 numerum
702 1860 881 1900 assumsit,
916 1869 958 1892 eo
994 1860 1136 1892 consilio
1164 1859 1296 1893 videtur
1323 1859 1466 1902 secisse,
1496 1865 1536 1894 ut

132 1917 247 1950 omnia
265 1917 410 1959 amplius
436 1921 471 1949 et
485 1916 759 1959 magnificentius
776 1920 952 1959 sonarent,
983 1916 1199 1958 eundemque
1223 1916 1267 1949 ad
1287 1917 1429 1951 alteram
1453 1917 1535 1951 har-

131 1974 285 2007 moniam
306 1972 566 2015 significandam
588 1972 754 2014 adhibuit,
771 1991 772 1994 =
787 1983 854 2015 quo
873 1973 982 2014 magis
1003 1977 1150 2015 utraque
1171 1973 1400 2007 similitudinis
1420 1975 1534 2008 cuius-

132 2031 266 2064 damet
290 2030 388 2072 quasi
409 2031 625 2072 cognationis
647 2030 762 2072 specie
783 2029 939 2070 falleret,
971 2030 1257 2072 quemadmodum
1280 2030 1399 2064 fefellit
1421 2032 1534 2065 Baro-

133 2088 223 2120 cium
245 2090 280 2120 et
303 2087 401 2120 alios.
459 2087 524 2121 His
555 2087 735 2130 explicatis
766 2090 945 2129 superest,
976 2091 1013 2120 ut
1042 2097 1109 2129 qua
1128 2087 1263 2120 ratione
1282 2089 1411 2121 numeri
1435 2090 1476 2122 81
1499 2093 1535 2123 et

131 2143 200 2178 729
219 2142 418 2177 harmoniae
436 2144 505 2177 sint
523 2144 717 2177 doceamus.
776 2143 1003 2177 Harmoniam
1029 2148 1166 2177 constat
1198 2154 1274 2177 esse
1295 2155 1458 2178 sonorum
1480 2146 1535 2179 in-

132 2201 276 2234 tervallo
297 2203 534 2243 separatorum
553 2205 758 2234 concentum
778 2210 840 2233 seu
862 2201 1132 2234 consonantiam.
1164 2201 1382 2235 Intervallum
1406 2207 1534 2244 autem,

133 2267 237 2300 quum
266 2257 335 2290 duo
357 2258 521 2291 terminos
542 2259 707 2300 requirat,
738 2267 806 2290 uno
833 2267 975 2290 numero
1006 2259 1170 2291 contineri
1188 2259 1315 2300 nequit.
1375 2260 1442 2293 Vbi
1466 2260 1534 2302 igi-

133 2317 190 2347 tur
209 2311 300 2347 duae
329 2313 530 2348 harmoniae
557 2315 690 2348 duobus
718 2314 867 2347 numeris
901 2315 1069 2347 contineri
1099 2315 1282 2356 dicuntur,
1313 2316 1359 2348 ibi
1392 2325 1534 2350 necesse

133 2375 187 2404 est
203 2371 342 2404 tertium
364 2363 545 2414 accedere,
575 2372 631 2414 qui
650 2381 726 2404 cum
753 2371 880 2404 utrovis
899 2372 1108 2414 compositus
1137 2373 1298 2404 utramvis
1322 2371 1535 2407 harmoniam

135 2427 274 2461 efficiat.
331 2427 435 2461 Hunc
455 2430 593 2462 tertium
615 2438 795 2462 numerum
821 2427 888 2461 hoc
907 2429 982 2461 loco
1003 2439 1079 2461 esse
1099 2428 1167 2461 216
1187 2439 1290 2472 supra
1317 2429 1535 2464 demonstra-

133 2484 252 2518 vimus.
311 2484 380 2520 Qui
399 2485 427 2518 si
451 2495 527 2519 cum
546 2485 587 2519 81
611 2485 821 2528 compositus
845 2495 969 2527 unam,
1001 2495 1076 2518 cum
1116 2483 1184 2518 729
1218 2486 1361 2520 alteram
1395 2486 1536 2521 harmo-

133 2541 225 2575 niam
242 2541 406 2584 praebet,
440 2546 476 2575 et
495 2543 604 2585 ipsum
635 2547 670 2575 et
699 2542 848 2584 reliquos
877 2542 964 2575 duos
994 2552 1015 2575 a
1048 2542 1194 2575 Platone
1219 2543 1428 2585 significatos
1458 2555 1536 2578 esse

131 2597 310 2641 probabile
333 2602 398 2639 est,
424 2600 625 2642 praesertim
647 2600 675 2633 si
695 2598 892 2632 harmoniae
911 2609 979 2632 non
1001 2609 1044 2632 ex
1066 2609 1208 2633 numero
1228 2601 1416 2642 vulgarium
1441 2602 1532 2642 sint;

133 2664 214 2688 nam
238 2655 384 2687 insolitis
402 2655 514 2689 verbis
536 2666 592 2690 res
610 2665 747 2699 quoque
769 2666 875 2689 novas
893 2655 1035 2689 subesse
1056 2661 1324 2690 consentaneum
1335 2662 1370 2691 et
1386 2656 1535 2693 Platone

133 2711 274 2753 dignum
294 2714 358 2744 est.
411 2710 521 2755 vAtqui
552 2714 638 2746 tales
658 2713 733 2746 illae
760 2716 851 2746 sunt.
908 2713 1094 2746 Intervallo
1118 2714 1206 2747 enim
1225 2724 1444 2748 numerorum
1463 2715 1533 2749 216

134 2771 170 2801 et
186 2768 228 2801 81
246 2768 318 2801 sive
336 2770 504 2803 octonarii
534 2773 569 2803 et
597 2769 740 2803 ternarii
771 2769 969 2803 continetur
996 2768 1175 2803 harmonia
1207 2766 1272 2803 διὰ
1306 2769 1438 2804 πασῶν
1468 2768 1533 2805 καὶ

134 2819 201 2856 διὰ
221 2817 433 2868 τεσσάρων,
464 2836 566 2869 quam
582 2827 690 2860 nostri
707 2826 827 2859 musici
847 2825 1063 2859 undecimam
1084 2831 1220 2863 vocant.
1280 2828 1368 2862 Eam
1396 2827 1533 2873 Pytha-

134 2880 231 2924 gotei
261 2881 677 2925 antiquiores-dissonare
705 2883 864 2918 dixerant
889 2886 1094 2927 propterea,
1125 2883 1217 2928 quod
1247 2885 1337 2920 ratio
1361 2886 1531 2920 octonarii
