1764 3176
550 174 1036 216 EDITORIS.
1364 188 1505 215 Lxxxr

105 308 192 335 rum
216 294 534 348 significatione.
573 307 739 346 quarum
775 295 887 347 prior
913 293 1369 346 quadrato,1poste1·ior
1398 293 1502 332 cubo

108 390 267 433 constet
296 387 554 438 sexagenarii.
634 386 895 426 Harmoniam
920 387 1025 424 enim
1060 398 1154 424 esse
1181 397 1390 424 numerum
1427 385 1502 423 ali-

104 487 207 530 quos
234 482 346 518 certo
372 478 494 517 modo
516 479 620 516 inter
647 491 694 517 se
717 479 977 517 concinentes
996 489 1187 516 numeros
1221 477 1497 515 continentem

104 574 146 615 et
168 570 402 621 quadratum
431 570 679 621 sexagenarii
709 574 895 609 constare
926 573 1085 608 centum
1121 567 1322 619 quadratis
1344 568 1503 614 senarii,

105 661 250 700 cubum
269 674 388 708 vero,
425 661 461 700 si
486 674 562 713 pro
593 661 769 712 oblongo
800 661 1040 712 accipiatur„
1076 660 1156 698 duo
1188 659 1340 698 habere
1365 659 1503 705 latera,

105 766 275 804 quorum
296 753 454 804 longius
479 749 656 807 (18000)
682 757 842 791 centum
863 753 1037 791 numeris
1052 751 1149 799 153,
1180 751 1356 790 oriundis
1379 751 1455 789 illis
1479 764 1500 788 a

106 844 294 895 quadrato
316 845 533 896 septenarii
552 848 592 883 et
606 858 627 883 a
652 843 809 883 duobus
829 844 1089 883 ineffabilium
1109 843 1393 882 diametrorum
1404 855 1500 893 qua-

104 937 266 975 ternarii
288 939 328 975 et
348 936 492 975 senarii
514 936 712 986 quadratis
738 932 840 990 (153
858 949 928 976 Ξ
947 936 1003 974 49
1024 937 1071 984 -Ι-
1089 933 1147 974 32
1171 936 1220 983 -1-
1247 929 1321 987 72>
1343 937 1384 973 et
1408 947 1503 973 cen-

105 1031 191 1067 tum
213 1027 323 1067 cubis
345 1028 506 1066 ternarii
529 1031 701 1076 constet,
722 1028 880 1066 brevius
906 1030 1039 1066 autem
1059 1039 1133 1079 per
1153 1039 1198 1064 sc
1220 1026 1368 1064 clarum
1387 1026 1501 1065 ideo-

107 1132 186 1169 que
215 1133 238 1157 a
256 1118 425 1159 Platone
443 1132 524 1157 non
554 1105 798 1158 nominatum
829 1120 919 1170 ipse
938 1131 1126 1158 numerus
1149 1119 1201 1156 sit
1220 1117 1503 1158 duodenarius.

109 1207 198 1265 (12.
218 1211 361 1250 18000
379 1223 448 1251 z
472 1208 658 1265 216000)
727 1210 771 1248 ln
789 1210 852 1247 his
878 1211 1049 1261 primum
1070 1209 1285 1249 offensioni
1308 1213 1371 1248 est
1395 1209 1504 1260 quod

108 1303 325 1347 dictionem
347 1294 632 1359 ἀνθρωπείῳ
660 1297 709 1343 δὲ
746 1314 827 1342 non
868 1314 891 1340 e
922 1302 1106 1353 proximo
1152 1300 1338 1353 petendis
1371 1301 1503 1340 verbis

108 1372 329 1450 περίοδός
362 1388 465 1435 ἐστι
502 1387 560 1450 ἢν
592 1384 808 1451 α’ριθμός
839 1384 1219 1450 περιλαμβάνει,
1257 1393 1330 1432 sed
1363 1393 1503 1431 nescio

108 1485 215 1530 unde
237 1484 476 1530 advocandis
508 1474 722 1540 α’ριθμός
750 1482 851 1526 ἐστι
884 1485 1075 1536 supplere
1099 1497 1231 1535 eoque
1253 1497 1419 1523 numero
1442 1485 1503 1523 in-

109 1577 244 1629 dolem
265 1577 425 1628 generis
449 1576 631 1624 humani,
670 1575 720 1614 de
752 1589 828 1626 qua
848 1589 1043 1627 nusquam
1072 1589 1205 1616 sermo
1227 1576 1327 1624 fuit,
1365 1576 1504 1614 adum-

108 1670 261 1714 bratam
285 1668 451 1707 credere
471 1668 664 1706 iubemur.
712 1667 832 1717 Quod
852 1673 984 1706 autem
1005 1668 1142 1719 plures
1167 1680 1356 1706 numeros
1385 1669 1504 1706 etiam

109 1760 361 1819 necessarios
383 1760 502 1807 dicit,
539 1759 631 1810 quia
650 1759 738 1797 fieri
762 1762 955 1809 nequeat,
992 1762 1036 1797 ut
1060 1771 1162 1797 unus
1177 1788 1188 1806 .,
1224 1760 1285 1798 vel
1310 1762 1354 1797 ut
1376 1760 1505 1811 ipsius

110 1852 305 1893 vocabulo
327 1855 427 1898 utar,
465 1850 643 1901 singulus·
668 1863 855 1889 numerus
880 1850 1057 1890 melioris
1086 1850 1306 1902 itidemque
1327 1851 1504 1891 deterio-

109 1944 166 1983 ris
186 1942 454 1996 generationis
485 1931 774 1997 (ἀμεινόνων
807 1955 861 1984 τε
891 1936 968 1984 καὶ
990 1932 1223 2000 χειρόνων
1255 1939 1506 1999 γενέσεων)

110 2036 190 2075 vim
220 2035 437 2087 exprimat,
473 2045 554 2072 non
582 2035 781 2084 reputavit
816 2024 984 2091 κύριον
1015 2026 1140 2075 εἶναι
1169 2047 1252 2072 non
1280 2034 1507 2086 significare

111 2126 457 2178 wimzexprimerffi
493 2124 569 2164 sed
590 2125 628 2164 vi
647 2125 710 2164 vel
729 2129 933 2178 potestate
964 2128 1006 2164 et
1025 2126 1261 2164 auctoritate
1282 2126 1507 2176 praeditum

114 2231 222 2267 esse,
257 2230 390 2269 neque
415 2217 626 2268 quicquam
647 2218 822 2266 obstare,
858 2218 1084 2269 quominus,
1121 2217 1231 2268 quod
1252 2216 1507 2256 Pharaonem

115 2309 211 2352 olim
232 2312 440 2361 expertum
462 2310 635 2358 scimus,
670 2309 779 2356 idem
801 2321 988 2350 numerus
1012 2309 1228 2348 fertilitatis
1255 2311 1294 2347 et
1317 2309 1504 2348 sterilita-

114 2402 166 2441 tis
188 2401 401 2454 periodum
419 2400 593 2450 definiat,
629 2401 850 2454 particulas·
864 2405 996 2441 autem
1015 2415 1068 2443 τε
1088 2393 1165 2441 καὶ
1190 2399 1309 2452 plane
1333 2404 1377 2438 ut
1396 2399 1505 2443 Lati-

117 2505 260 2537 norum
280 2493 479 2540 veli—..azel
498 2494 684 2532 utriusvis
705 2494 764 2532 rei
784 2493 1023 2538 efficiendae
1047 2504 1185 2544 parem
1204 2492 1283 2530 vim
1305 2495 1346 2530 et
1366 2496 1505 2552 auctos

115 2584 716 2640 ritatemjllianjznumeram-el
735 2586 885 2644 ¹potius
911 2584 1081 2636 periodo
1117 2595 1166 2622 eo
1188 2583 1509 2635 comprehensae

116 2676 304 2721 tribuere.
356 2676 542 2725 ‚Quaefsi
559 2679 808 2728 reputasset„
832 2676 1012 2721 fortasse
1033 2687 1114 2714 non
1135 2687 1185 2713 eo
1205 2674 1390 2714 licentiae
1409 2687 1506 2727 pro-

118 2768 681 2821 gtessusqessetq„utverba
702 2759 886 2823 ξύμπας
919 2761 1059 2814 οὗτος
1089 2757 1303 2824 ἀριθμός
1329 2778 1508 2820 γεωμε-

119 2849 515 2916 πρΛκός,,οοΠθοῑίνει
548 2860 839 2911 significatione
869 2859 919 2899 de
948 2859 1131 2898 universa
1156 2859 1230 2896 ista
1252 2869 1509 2898 numerorum

189 2926 396 2966 PLA'roxis
438 2927 510 2968 01».
548 2927 611 2966 111.
1194 2925 1228 2963 F
