1764 3176
581 656 1132 712 ADDITAMENTA

847 753 890 783 ad

370 829 644 884 Civitatis
698 829 1028 885 Platonicae
1082 831 1270 886 libros
1318 833 1353 885 X

780 934 888 965 editos
914 945 932 965 a

543 1008 596 1043 C.
624 1009 684 1042 E.
712 1008 824 1042 Chr.
857 1009 1173 1044 Schneidero.

712 1236 924 1268 Volum.
967 1238 994 1269 1.

96 1314 191 1364 Pag.
212 1313 280 1353 LI.
324 1328 358 1355 v.
400 1315 423 1354 2
456 1314 505 1351 ad
532 1313 651 1363 Gorg.
674 1313 768 1354 479.
792 1314 831 1355 C.
854 1316 991 1352 addas:
1024 1316 1191 1365 Euthyd.
1216 1319 1296 1358 277
1320 1314 1369 1355 D.

374 1372 424 1411 21
461 1383 531 1420 pro
558 1366 747 1424 ἐπετεύξῃ
780 1372 903 1420 legas:
934 1368 1130 1426 ἐπιτεύξῃ.

152 1457 155 1476 2
209 1425 296 1464 LII.
399 1427 424 1465 6
449 1439 476 1462 a
508 1427 533 1461 f.
559 1440 628 1475 pro
660 1428 738 1466 195
763 1427 867 1476 legas
901 1428 995 1467 155.

205 1481 330 1521 L1111.
373 1479 425 1521 14
455 1495 538 1531 sqq.
565 1483 613 1518 de
643 1481 681 1528 ἐς
711 1485 995 1532 praepositione
1026 1484 1133 1520 dietis
1172 1485 1293 1521 addas
1330 1486 1498 1535 exempla
1524 1487 1605 1523 eius

451 1538 594 1574 formae
629 1537 743 1586 vulgo
785 1544 823 1576 et
863 1541 944 1576 sine
983 1540 1161 1577 librorum
1201 1542 1384 1578 varietate
1423 1543 1609 1578 exstantia

452 1592 550 1663 [ἐξ.
581 1593 646 1629 ΙΠ-
679 1595 774 1634 688.
795 1594 845 1633 D.
876 1594 915 1641 ἐς
942 1592 1012 1634 τὸι
1032 1595 1165 1635 ἔπειτα
1188 1594 1335 1649 χρόνον
1359 1602 1396 1634 et
1424 1597 1605 1636 111.708.

447 1648 496 1685 D.
527 1648 565 1695 ἐς
594 1645 724 1688 ταύτό.

207 1701 330 1742 LVII.
390 1706 414 1744 9
442 1718 464 1741 a
496 1706 520 1741 f.
547 1719 618 1755 pro
650 1706 730 1745 455
761 1706 865 1755 legas
896 1705 992 1746 454.

205 1760 292 1798 LX.
363 1762 412 1800 11
445 1774 515 1811 pro
541 1760 660 1798 altero
690 1776 748 1800 ειν
779 1763 882 1811 legas
917 1777 958 1801 εν
988 1767 1024 1800 et
1051 1763 1179 1805 Quare
1205 1774 1274 1810 pro
1305 1761 1423 1803 Quae.

93 1817 185 1867 Pag.
223 1820 243 1856 1
280 1816 319 1853 In
352 1815 436 1856 Par.
467 1816 513 1856 A.
547 1816 748 1854 Diibnerus
777 1819 1056 1867 inscriptionem
1088 1828 1173 1853 esse
1203 1820 1363 1852 testatur

1157 1883 1191 1893 -b

285 1907 503 1957 Πλάτωνος
526 1913 733 1968 πολιτεῖαι.
765 1908 792 1963 ἢ
818 1911 907 1964 περὶ
939 1911 1106 1950 δικαίου.
1134 1898 1186 1989 ξ
1226 1925 1263 1949 α.
1302 1911 1324 1949 ἱ.
1356 1923 1388 1947 e.
1421 1907 1534 1963 λόγος
1567 1929 1602 1953 α.

278 1998 338 2039 Cf.
369 1999 487 2036 Bastii
518 1999 662 2037 Comm.
694 1999 768 2049 pal.
798 2013 834 2050 p.
861 1996 955 2038 824.

94 2055 186 2104 Pag.
206 2055 246 2104 2,
278 2067 312 2101 a,
337 2056 387 2095 22
418 2055 562 2093 addas:
595 2054 709 2091 Nulla
746 2055 792 2091 ad
833 2052 1012 2089 tuendum
1046 2052 1224 2101 pluralem
1257 2053 1291 2088 vi
1320 2055 1514 2103 praeditus
1546 2060 1605 2093 est

312 2110 493 2147 Isocratis
524 2111 626 2147 locus
655 2110 821 2158 quamvis
850 2108 948 2143 haud
982 2107 1095 2145 dubie
1125 2108 1319 2145 Platonem
1351 2114 1387 2145 et
1418 2109 1488 2147 hoc
1516 2109 1604 2148 Pla-

312 2167 411 2202 tonis
435 2180 530 2216 opus
555 2165 787 2214 respicientis
809 2162 970 2212 Philipp
991 2176 1027 2212 p,
1050 2163 1153 2213 93§
1179 2166 1228 2204 12
1254 2164 1375 2203 Bekk.
1397 2163 1543 2215 ὁμοίως
1564 2167 1606 2206 οἷ

311 2224 486 2261 τοιοῦτοι
504 2221 583 2259 τῶν
605 2216 734 2268 λόγων
760 2216 904 2271 ἄκυροι
922 2215 1188 2270 τυγχάνουσιν
1209 2217 1321 2266 ὄντες
1348 2225 1431 2268 τοῖς
1459 2220 1603 2273 νόμοις

309 2276 375 2316 καὶ
401 2282 484 2322 ταῖς
509 2276 724 2321 πολιτείαις
747 2279 832 2321 ταῖς
860 2272 942 2313 ’ὑπό
965 2278 1044 2313 τῶν
1068 2287 1273 2324 σοφιστων
1298 2277 1601 2329 γεγραμμέναις.

90 2334 182 2383 Pag
204 2335 245 2379 3,
277 2346 313 2381 a,
344 2335 440 2368 inter
473 2345 507 2367 v,
534 2333 559 2369 7
590 2335 627 2367 et
657 2332 682 2370 8
713 2332 877 2368 inseras:
919 2326 1006 2379 α’τε)
1037 2331 1219 2368 Fortasse
1261 2329 1358 2371 ὥστε
1400 2346 1422 2370 a
1461 2347 1508 2375 m,
1541 2348 1601 2385 pr.

313 2387 397 2425 Par.
431 2387 477 2425 A.
509 2386 585 2424 Dii.

337 2443 434 2479 inter
453 2456 485 2481 V.
500 2444 524 2482 9
543 2447 579 2479 et
598 2442 677 2481 10
669 2454 837 2479 inseras.
864 2439 893 2491 ἦ
908 2438 1046 2490 τῶν)“’
1026 2437 1157 2492 η’ττων
1174 2456 1195 2479 a
1213 2456 1261 2482 m.
1281 2457 1336 2493 pr.
1357 2443 1441 2481 Par.
1462 2446 1507 2482 A.
1520 2445 1596 2485 Dii.

277 2498 315 2545 b,
341 2498 391 2536 16
411 2498 475 2535 af.
499 2499 637 2534 addas:
663 2513 708 2549 γρ
726 2499 771 2537 ἓν
788 2497 1014 2536 λείπεταιὶη
1031 2510 1146 2547 marg.
1168 2511 1248 2535 am.
1265 2504 1339 2539 vet
1361 2499 1446 2537 Par.
1464 2502 1504 2542 Α,
1523 2501 1597 2538 Dii.

338 2551 363 2591 4
393 2566 414 2590 a
446 2553 470 2591 f.
505 2554 643 2590 addas:
673 2553 759 2590 Par.
794 2554 836 2593 Δ,
868 2552 942 2589 Dii.

91 2607 183 2656 Pag.
207 2606 248 2656 4,
275 2621 311 2657 a,
341 2609 438 2646 inter
467 2622 500 2644 v.
524 2609 573 2648 16
593 2614 628 2645 et
655 2611 708 2649 17
736 2612 899 2646 inseras:
931 2605 1105 2658 λαμποῖς)
1126 2608 1354 2647 Aristoteles
1378 2613 1477 2649 Φυσ.
1508 2607 1597 2662 α’κρ.

311 2664 358 2712 5,
399 2663 425 2732 4
460 2678 500 2734 Ρ
532 2667 638 2712 228,
674 2678 718 2713 a,
761 2666 836 2704 28.
875 2680 940 2704 και
982 2666 1068 2703 οἱον
1094 2680 1119 2714 νη
1149 2661 1307 2715 λαμπας
1337 2666 1377 2706 ἐκ
1408 2667 1599 2717 διαδοχῆς

312 2734 422 2770 φορα
454 2719 643 2771 ἐχομένη,
683 2734 850 2771 συνεχης
888 2716 927 2759 δ’
973 2717 1034 2758 οὕ
1074 2732 1184 2769 quem
1215 2722 1262 2757 ad
1291 2722 1411 2759 locum
1444 2723 1598 2772 Simpli-

311 2775 388 2812 cius
425 2790 462 2826 p.
490 2776 593 2824 402,
634 2790 674 2825 a,
715 2776 769 2816 44
805 2775 871 2815 καὶ
903 2791 1020 2828 ταχα,
1060 2777 1202 2825 inquit,
1239 2779 1309 2826 τῆς
1341 2777 1383 2816 ἐν
1422 2780 1602 2830 Πειραιεῖ

119 2833 210 2864 Add.
239 2833 286 2863 ad
314 2831 458 2862 Platon.
1292 2836 1314 2875 1
