1764 3176
614 144 1094 188 EDITORIS.
1420 161 1554 189 xvuu

152 261 373 306 sesquitertia
401 261 521 297 radice
552 266 597 296 et=
620 262 665 296 de
693 262 826 297 duabus
844 261 1032 296 harmoniis
1059 260 1253 295 adiicienda
1274 265 1394 303 erant,
1424 263 1551 307 quippe

150 329 241 363 quae
257 330 326 353 non
353 319 457 354 modo
479 320 522 354 ad
539 319 802 362 significandum
821 323 858 353 et
882 319 1019 353 uberius
1035 318 1278 355 declarandum
1307 329 1485 354 numerum
1506 321 1546 354 il-

149 377 218 410 lum
236 376 318 410 nihil
338 377 497 411 utilitatis
518 375 699 419 habitura,
729 377 789 411 sed
818 376 969 411 tenebris
998 386 1075 410 eum
1094 386 1163 409 non
1184 380 1254 409 tam
1274 387 1336 419 per
1353 376 1547 419 ludibrium,

149 443 251 476 quam
273 434 378 467 stulte
414 438 450 467 et
478 438 609 468 temere
633 434 828 467 involutura
851 436 986 475 essent3
1028 443 1139 475 neque.
1170 443 1251 466 vero
1279 433 1461 467 universus
1492 433 1548 468 hic

148 493 185 524 et
205 483 435 535 geometricus
459 491 494 524 in
515 491 583 524 fine
600 490 669 524 dici
691 490 838 524 debebat
858 500 1032 531 numerus,
1063 499 1166 532 quum
1184 489 1240 532 qui
1263 490 1418 532 proxime
1439 491 1547 533 signi-

147 547 242 580 ficati
261 551 377 581 essent
403 546 656 581 harmoniarum
684 547 829 581 duarum
859 547 995 580 numeri
1021 556 1090 579 non
1112 550 1252 589 possent
1271 557 1338 580 non
1360 558 1422 590 per
1441 549 1546 582 verba

149 598 297 645 ξύμπας
329 596 440 642 οὗτος
464 603 704 647 comprehensi
726 609 857 638 etcum
874 604 984 647 primo
1002 603 1059 636 illo
1082 603 1116 636 in
1139 613 1242 636 unum
1264 603 1459 647 coniuncti,
1490 604 1545 638 id·

149 670 215 703 que
233 670 294 703 per
308 661 645 705 multiplicationem,
674 661 792 695 videri.
851 659 1035 696 Quomodo
1057 663 1171 693 autem
1195 660 1304 702 possit
1326 664 1471 703 uterque
1491 661 1544 694 di-

147 727 266 750 versus
293 727 390 760 esse,
421 718 471 751 sic
508 718 731 761 intelligetur.
803 717 973 751 Periodus
1004 720 1139 760 tempus
1171 716 1346 750 definitum
1374 722 1446 758 est,
1477 728 1544 760 quo

146 774 386 818 praeterlapso
419 774 474 818 id,
508 775 603 808 cuius
633 781 686 808 est
710 774 893 818 periodus,
927 784 1062 808 cursum
1101 773 1213 806 denuo
1244 773 1375 816 incipit.
1436 773 1544 808 Tales

146 831 343 874 plantarum
363 835 398 865 et
415 832 610 865 animalium
632 831 818 866 fertilitatis
850 842 893 864 ac
907 829 1096 864 sterilitatis
1114 830 1249 863 ratione
1270 829 1386 863 habita
1410 831 1543 873 periodi

145 891 248 931 sunt,
277 899 367 931 quae
385 888 466 922 dum
485 890 683 931 volvuntur,
715 888 836 922 eadem
867 887 1100 930 generationis
1123 887 1175 919 vel
1195 886 1363 920 fecundae
1383 888 1435 920 vel
1455 887 1543 921 infe·

146 944 282 978 eundae
300 945 356 979 lex
377 946 533 988 obtinet,
562 946 658 979 finita
678 945 822 989 periodo
842 955 949 978 novus
968 944 1054 978 ordo
1077 943 1263 977 secundnm
1290 954 1412 977 novam
1433 945 1542 987 legem

145 1010 255 1044 usque
281 1002 325 1035 ad
351 1003 454 1036 finem
472 1003 604 1047 periodi
640 1006 859 1037 constaturus
876 1000 1070 1036 inchoatur.
1130 1001 1204 1033 Iam
1224 1001 1251 1033 si
1271 1001 1408 1042 generis
1428 1011 1542 1035 rerum

145 1058 289 1091 alicuius
307 1063 430 1093 natura
451 1071 492 1093 ea
511 1060 568 1101 sit,
594 1063 633 1093 ut
651 1061 766 1103 plures
783 1059 946 1101 deinceps
966 1057 1099 1102 periodi
1125 1057 1290 1091 consimili
1310 1058 1363 1091 vel
1386 1057 1542 1092 fecundi-

145 1117 220 1148 tate
250 1116 303 1149 vel
333 1117 516 1150 sterilitate
543 1117 679 1150 soleant
706 1127 802 1158 esse,
833 1119 869 1149 et
892 1126 981 1158 quae
1013 1115 1163 1158 priorem
1197 1124 1387 1157 quamque,
1421 1114 1542 1148 eadem

143 1170 218 1205 sere
239 1173 464 1218 posteriorem
481 1178 651 1216 temperet
670 1174 745 1214 lex,
777 1177 873 1206 certo
902 1176 1016 1205 autem
1045 1170 1265 1214 periodorum
1297 1181 1439 1204 numero
1459 1182 1541 1205 con-

144 1227 236 1262 fecto
267 1229 418 1263 diversus
445 1224 474 1263 a¹
494 1230 601 1273 priori
630 1234 742 1263 status
764 1230 916 1270 oriatur,
947 1229 1075 1269 bonus,
1103 1228 1131 1260 si
1160 1229 1389 1271 praecesserit
1421 1229 1543 1270 malus,

144 1286 284 1333 malus,
303 1286 332 1319 si
349 1287 476 1320 bonus:
508 1297 623 1320 nonne
649 1297 748 1328 eum,
781 1287 838 1329 qui
867 1295 983 1320 curam
1013 1285 1203 1328 susceperit
1235 1295 1349 1318 rerum
1381 1285 1440 1318 tali
1473 1286 1541 1328 legi

143 1342 393 1385 subiectarum,
419 1344 448 1377 si
477 1343 659 1386 providere
684 1344 784 1384 velit,
824 1353 868 1377 ne
901 1343 982 1385 quid
1010 1342 1205 1375 detrimenti
1235 1342 1393 1384 capiant,
1429 1345 1465 1374 et
1496 1342 1540 1375 ad

142 1399 351 1441 singularum
373 1400 589 1443 periodorum
611 1405 646 1434 et
665 1401 773 1434 multo
791 1400 900 1441 magis
922 1400 966 1433 ad
985 1399 1073 1432 illius
1095 1402 1191 1432 certo
1207 1408 1350 1431 numero
1380 1397 1541 1432 confecto

143 1461 328 1490 secuturae
346 1457 480 1490 initium
501 1458 683 1491 attendere
716 1458 749 1491 in
770 1467 881 1500 eoque
899 1456 1013 1490 omnia
1030 1455 1146 1489 facere
1169 1456 1355 1498 oportebit,
1385 1465 1473 1497 quae
1496 1455 1541 1488 ad

144 1513 366 1547 avertendam
396 1515 652 1558 corruptionem
690 1515 756 1548 vim
792 1513 951 1547 habitura
983 1512 1192 1546 videantur?
1232 1512 1354 1555 ltaque
1394 1511 1539 1545 duorum

142 1568 223 1603 huic
239 1581 458 1604 numerorum
486 1572 683 1614 cognitione
700 1581 785 1614 opus
806 1571 892 1615 erit,
926 1575 961 1604 et
988 1570 1081 1612 eius,
1115 1569 1170 1612 qui
1205 1569 1366 1611 periodos
1387 1568 1541 1610 definiat,

144 1630 180 1660 et
205 1626 314 1672 illius,
345 1627 403 1670 qui
431 1629 653 1671 periodorum
678 1633 713 1662 et
734 1629 825 1671 ipsas
851 1628 947 1671 quasi
978 1627 1139 1670 periodos
1165 1626 1364 1667 contineat,
1396 1636 1540 1668 quorum

143 1684 292 1726 priorem
311 1681 423 1718 inesse
443 1689 478 1718 et
494 1686 621 1719 includi
639 1687 672 1719 in
693 1685 886 1729 posteriore
904 1687 1059 1728 apparet.
1112 1682 1244 1715 Eodem
1262 1683 1366 1715 modo
1384 1680 1540 1716 homines

142 1739 258 1785 animo
282 1744 318 1774 et
336 1751 481 1784 corpore
508 1743 611 1775 certis
636 1742 788 1785 periodis
811 1741 984 1774 subiectos
1011 1750 1087 1773 esse
1108 1739 1204 1772 initio
1227 1739 1394 1772 orationis
1416 1738 1540 1772 Musae

141 1795 354 1839 docuerunt,
382 1808 527 1840 quarum
558 1799 776 1842 periodorum
796 1798 959 1830 ambitum
984 1795 1145 1829 hocloco
1172 1795 1316 1838 primum
1333 1795 1541 1838 significant.

140 1852 181 1886 Id
206 1858 319 1886 autem
344 1854 394 1887 ita
414 1853 563 1896 faciunt,
593 1859 632 1888 ut
661 1864 838 1888 numerum
866 1853 1036 1896 quendam
1058 1850 1270 1893 (annorum,
1301 1856 1339 1885 ut
1354 1856 1541 1885 consenta-

140 1919 243 1943 neum
265 1907 364 1956 est‚)
394 1910 578 1953 definiant,
607 1912 642 1945 in
663 1923 731 1954 quo
754 1911 863 1954 primo
884 1911 1096 1943 incrementa
1115 1908 1284 1952 quaedam
1305 1909 1456 1942 efficiant
1477 1908 1541 1942 ali-

140 1966 239 2009 quid.
295 1967 363 2000 Hic
401 1977 467 2010 ego
499 1968 583 2002 satis
626 1969 742 2001 mirari
768 1978 923 2011 neque0,
964 1967 1055 2010 quod
1083 1967 1250 1999 Barocius
1283 1964 1373 1999 hunc
1402 1975 1554 2008 quoque,

138 2025 369 2066 septenarium
403 2035 480 2058 esse
507 2026 570 2058 sibi
598 2025 779 2068 persuasit.
839 2024 953 2058 Verba
980 2024 1085 2066 ipsius
1116 2033 1253 2066 appono
1280 2023 1324 2056 ad
1356 2022 1459 2056 fidem
1486 2021 1539 2055 fa-

139 2079 311 2115 ciendam.
369 2081 573 2122 „Hactenus
592 2083 708 2125 itaque
735 2082 857 2122 Plato,
887 2081 1018 2123 inquit,
1045 2081 1090 2113 nil
1111 2079 1202 2112 aliud
1225 2079 1345 2121 nobis,
1376 2079 1440 2112 nisi
1473 2089 1538 2112 nu-

138 2147 270 2170 merum
292 2139 522 2180 septenarium
544 2139 799 2182 circunscripsit
817 2138 882 2171 illis
907 2138 1018 2170 verbis
1037 2138 1075 2170 in
1098 2149 1164 2181 quo
1187 2137 1303 2180 primo
1325 2153 1377 2159 —-
1399 2136 1538 2179 Effabi-

139 2194 190 2227 lia
208 2194 353 2229 invicem
364 2196 589 2241 flffecerunt3
618 2197 746 2239 primus
773 2195 863 2229 enim
883 2205 1043 2228 numerus
1059 2194 1094 2227 in
1116 2204 1182 2236 qno
1206 2194 1295 2233 tria,
1334 2196 1370 2226 et
1390 2196 1539 2235 quatuor

140 2250 240 2284 simul
257 2252 399 2294 reperiri
416 2257 560 2295 possunt
593 2258 646 2286 est
673 2253 746 2296 ipse
772 2252 1006 2295 septenarius,
1038 2251 1163 2293 quippe
1192 2250 1313 2292 quiex
1341 2249 1469 2290 tribus,
1503 2253 1538 2282 et

140 2311 289 2350 quatuor
319 2310 512 2343 conficitur.
543 2320 650 2353 quare
673 2311 790 2343 volens
818 2309 921 2342 Plato
943 2307 1173 2351 septenarium
1199 2308 1308 2349 ipsum
1331 2306 1537 2339 circunscri-

121 2364 243 2406 ‚bere‚
273 2369 314 2398 ut
335 2376 378 2398 ex
407 2377 448 2399 eo
477 2377 654 2400 numerum
685 2366 943 2400 Geometricum
966 2365 1157 2408 producat,
1186 2374 1256 2396 non
1288 2363 1458 2396 immerito
1494 2373 1536 2395 ex

138 2421 242 2454 trium
259 2421 512 2465 distantiarum,
547 2428 763 2467 quatuorque
784 2424 1009 2456 terminorum
1028 2421 1179 2455 numeris
1203 2424 1366 2462 tanquam
1386 2430 1428 2452 ex
1448 2418 1537 2452 veris

139 2477 245 2520 ipsius
264 2480 448 2522 septenarii
466 2482 620 2524 partibus
637 2481 810 2520 ternario,
842 2484 878 2513 et
899 2478 1122 2521 quaternario
1136 2501 1145 2518 ‚
1177 2477 1287 2519 primo
1310 2477 1442 2509 scilicet
1466 2476 1537 2509 Im-

138 2534 234 2577 pari,
262 2536 440 2579 primoque
459 2537 541 2571 Pari
562 2548 639 2571 eum
658 2537 825 2571 formavit.
885 2536 1012 2569 Verum
1044 2535 1133 2568 euim
1165 2534 1246 2566 vero
1273 2533 1349 2567 cum
1376 2537 1536 2575 septena-

138 2591 226 2624 rium
256 2592 367 2635 ipsum
404 2593 471 2627 hoc
508 2595 610 2628 modo
650 2594 852 2634 formasset,
895 2593 1048 2635 sequitur
1076 2591 1256 2625 declarans
1291 2590 1463 2633 quomodo
1495 2599 1536 2622 ex

139 2647 262 2681 eodem
289 2651 486 2692 septennario
516 2652 754 2685 Geometricus
784 2652 857 2694 ipse
881 2660 1041 2682 numerus
1073 2647 1307 2692 producatur3
1338 2646 1536 2679 illis-verbis

138 2707 345 2748 „quorum“
374 2707 504 2741 scilicet
527 2713 673 2751 quatuor
696 2708 917 2741 terminorum
931 2732 942 2747 ,
973 2710 1008 2739 et
1031 2705 1132 2739 trium
1156 2704 1394 2738 distantiarum
1429 2713 1536 2744 „ses-

139 2761 305 2806 quitertia
320 2764 458 2797 radiae“
487 2764 522 2798 id
545 2769 598 2799 est
614 2765 829 2808 septenarius
846 2774 888 2796 ex
908 2763 1072 2807 ternario,
1103 2766 1138 2795 et
1154 2761 1377 2804 quaternario
1400 2760 1534 2792 distan-

138 2818 287 2868 tini-um,
317 2821 607 2865 terminorumqne
628 2822 778 2856 numeris
800 2824 937 2854 creatus
960 2824 1027 2853 etc.
1087 2819 1186 2852 Haec
1215 2818 1336 2851 mirum
1369 2820 1534 2858 quantum

1169 2879 1255 2921 132
