<?xml version="1.0" encoding="UTF-8"?>
<!DOCTYPE html PUBLIC "-//W3C//DTD XHTML 1.0 Transitional//EN"
    "http://www.w3.org/TR/xhtml1/DTD/xhtml1-transitional.dtd">
<html xmlns="http://www.w3.org/1999/xhtml" xml:lang="en" lang="en">
 <head>
  <title>
</title>
<meta http-equiv="Content-Type" content="text/html;charset=utf-8" />
  <meta name='ocr-system' content='tesseract 3.04.00' />
  <meta name='ocr-capabilities' content='ocr_page ocr_carea ocr_par ocr_line ocrx_word'/>
</head>
<body>
  <div class='ocr_page' id='page_1' title='image "./operagraecerecen01platuoft_0453.png"; bbox 0 0 1764 3176; ppageno 0'>
   <div class='ocr_carea' id='block_1_1' title="bbox 469 146 1160 190">
    <p class='ocr_par' dir='ltr' id='par_1_1' title="bbox 469 146 1160 190">
     <span class='ocr_line' id='line_1_1' title="bbox 469 146 1160 190; baseline -0.007 -1"><span class='ocrx_word' id='word_1_1' title='bbox 469 146 801 190; x_wconf 88' lang='lat' dir='ltr'><strong>CIVITAS</strong></span> <span class='ocrx_word' id='word_1_2' title='bbox 849 146 973 188; x_wconf 86' lang='lat' dir='ltr'><strong>LIB.</strong></span> <span class='ocrx_word' id='word_1_3' title='bbox 1004 146 1063 187; x_wconf 87' lang='lat' dir='ltr'><em>X.</em></span> <span class='ocrx_word' id='word_1_4' title='bbox 1093 149 1160 185; x_wconf 85' lang='grc'><em>619</em></span> 
     </span>
    </p>
   </div>
   <div class='ocr_carea' id='block_1_2' title="bbox 1420 147 1506 187">
    <p class='ocr_par' dir='ltr' id='par_1_2' title="bbox 1420 147 1506 187">
     <span class='ocr_line' id='line_1_2' title="bbox 1420 147 1506 187; baseline 0.012 -1"><span class='ocrx_word' id='word_1_5' title='bbox 1420 147 1506 187; x_wconf 82' lang='lat'><em>295</em></span> 
     </span>
    </p>
   </div>
   <div class='ocr_carea' id='block_1_3' title="bbox 121 252 1504 383">
    <p class='ocr_par' dir='ltr' id='par_1_3' title="bbox 121 252 1504 383">
     <span class='ocr_line' id='line_1_3' title="bbox 122 252 1501 315; baseline -0.003 -13"><span class='ocrx_word' id='word_1_6' title='bbox 122 256 205 303; x_wconf 79' lang='grc' dir='ltr'><em>οὐκ</em></span> <span class='ocrx_word' id='word_1_7' title='bbox 244 258 485 315; x_wconf 76' lang='grc' dir='ltr'><strong><em>ἐμμένοντα</em></strong></span> <span class='ocrx_word' id='word_1_8' title='bbox 520 263 613 310; x_wconf 87' lang='grc' dir='ltr'><em>τοῖς</em></span> <span class='ocrx_word' id='word_1_9' title='bbox 650 258 975 314; x_wconf 70' lang='grc' dir='ltr'><em>προρρηθεῖσιν</em></span> <span class='ocrx_word' id='word_1_10' title='bbox 1013 254 1102 299; x_wconf 81' lang='grc' dir='ltr'><em>ὑπὸ</em></span> <span class='ocrx_word' id='word_1_11' title='bbox 1137 257 1219 299; x_wconf 83' lang='grc' dir='ltr'><em>τοῦ</em></span> <span class='ocrx_word' id='word_1_12' title='bbox 1247 252 1501 310; x_wconf 80' lang='grc' dir='ltr'><em>προφήτου·</em></span> 
     </span>
     <span class='ocr_line' id='line_1_4' title="bbox 121 321 1504 383; baseline -0.003 -13"><span class='ocrx_word' id='word_1_13' title='bbox 121 324 176 370; x_wconf 86' lang='grc' dir='ltr'><em>ού</em></span> <span class='ocrx_word' id='word_1_14' title='bbox 205 326 290 383; x_wconf 72' lang='grc' dir='ltr'><em>γάρ</em></span> <span class='ocrx_word' id='word_1_15' title='bbox 333 325 493 370; x_wconf 76' lang='grc' dir='ltr'><em>ἑαυτὸν</em></span> <span class='ocrx_word' id='word_1_16' title='bbox 531 328 756 370; x_wconf 78' lang='grc' dir='ltr'><em>αἰτιᾶσθαι</em></span> <span class='ocrx_word' id='word_1_17' title='bbox 794 330 885 369; x_wconf 74' lang='grc' dir='ltr'><em>τῶν</em></span> <span class='ocrx_word' id='word_1_18' title='bbox 924 328 1096 375; x_wconf 78' lang='grc' dir='ltr'><em>κακῶν,</em></span> <span class='ocrx_word' id='word_1_19' title='bbox 1149 321 1258 366; x_wconf 75' lang='grc' dir='ltr'><em>ἄλλα</em></span> <span class='ocrx_word' id='word_1_20' title='bbox 1295 322 1432 378; x_wconf 84' lang='grc' dir='ltr'><em>τύχην</em></span> <span class='ocrx_word' id='word_1_21' title='bbox 1460 339 1504 366; x_wconf 89' lang='grc' dir='ltr'><em>τε</em></span> 
     </span>
    </p>
   </div>
   <div class='ocr_carea' id='block_1_4' title="bbox 0 390 1259 453">
    <p class='ocr_par' dir='ltr' id='par_1_4' title="bbox 0 390 1259 453">
     <span class='ocr_line' id='line_1_5' title="bbox 0 390 1259 453; baseline -0.003 -16"><span class='ocrx_word' id='word_1_22' title='bbox 0 447 1 453; x_wconf 17' lang='lat'>¹</span> <span class='ocrx_word' id='word_1_23' title='bbox 53 403 119 438; x_wconf 75' lang='lat'><em>521</em></span> <span class='ocrx_word' id='word_1_24' title='bbox 131 395 202 439; x_wconf 80' lang='grc' dir='ltr'><em>καὶ</em></span> <span class='ocrx_word' id='word_1_25' title='bbox 235 396 448 451; x_wconf 84' lang='grc' dir='ltr'><em>δαίμονας</em></span> <span class='ocrx_word' id='word_1_26' title='bbox 477 396 550 439; x_wconf 83' lang='grc' dir='ltr'><em>καὶ</em></span> <span class='ocrx_word' id='word_1_27' title='bbox 578 393 723 438; x_wconf 84' lang='grc' dir='ltr'><em>πάντα</em></span> <span class='ocrx_word' id='word_1_28' title='bbox 753 398 919 451; x_wconf 81' lang='grc' dir='ltr'><em>μᾶλλον</em></span> <span class='ocrx_word' id='word_1_29' title='bbox 955 390 1050 435; x_wconf 74' lang='grc' dir='ltr'><em>ἀνθ’</em></span> <span class='ocrx_word' id='word_1_30' title='bbox 1082 391 1259 435; x_wconf 75' lang='grc' dir='ltr'><em>ἑαυτοῦ.</em></span> 
     </span>
    </p>
   </div>
   <div class='ocr_carea' id='block_1_5' title="bbox 1315 389 1504 435">
    <p class='ocr_par' dir='ltr' id='par_1_5' title="bbox 1315 389 1504 435">
     <span class='ocr_line' id='line_1_6' title="bbox 1315 389 1504 435; baseline 0 -1"><span class='ocrx_word' id='word_1_31' title='bbox 1315 389 1428 435; x_wconf 79' lang='grc' dir='ltr'><em>εἶναι</em></span> <span class='ocrx_word' id='word_1_32' title='bbox 1456 390 1504 434; x_wconf 81' lang='grc' dir='ltr'><em>δὲ</em></span> 
     </span>
    </p>
   </div>
   <div class='ocr_carea' id='block_1_6' title="bbox 113 459 1569 860">
    <p class='ocr_par' dir='ltr' id='par_1_6' title="bbox 113 459 1569 860">
     <span class='ocr_line' id='line_1_7' title="bbox 119 459 1504 518; baseline -0.004 -11"><span class='ocrx_word' id='word_1_33' title='bbox 119 462 258 508; x_wconf 81' lang='grc' dir='ltr'><em>αὐτὸν</em></span> <span class='ocrx_word' id='word_1_34' title='bbox 286 467 376 506; x_wconf 71' lang='grc' dir='ltr'><em>τῶν</em></span> <span class='ocrx_word' id='word_1_35' title='bbox 405 463 452 507; x_wconf 81' lang='grc' dir='ltr'><em>ἐκ</em></span> <span class='ocrx_word' id='word_1_36' title='bbox 483 467 564 506; x_wconf 84' lang='grc' dir='ltr'><em>τοῦ</em></span> <span class='ocrx_word' id='word_1_37' title='bbox 603 462 800 517; x_wconf 86' lang='grc' dir='ltr'><em>ούρανοῦ</em></span> <span class='ocrx_word' id='word_1_38' title='bbox 829 460 1050 518; x_wconf 80' lang='grc' dir='ltr'><em>ἡκόντων,</em></span> <span class='ocrx_word' id='word_1_39' title='bbox 1081 460 1127 503; x_wconf 78' lang='grc' dir='ltr'><em>ἐν</em></span> <span class='ocrx_word' id='word_1_40' title='bbox 1156 459 1393 517; x_wconf 77' lang='grc' dir='ltr'><em>τεταγμένῃ</em></span> <span class='ocrx_word' id='word_1_41' title='bbox 1424 475 1504 503; x_wconf 72' lang='grc' dir='ltr'><em>πο·</em></span> 
     </span>
     <span class='ocr_line' id='line_1_8' title="bbox 116 526 1501 588; baseline -0.003 -13"><span class='ocrx_word' id='word_1_42' title='bbox 116 528 252 588; x_wconf 80' lang='grc' dir='ltr'><em>λιτείᾳ</em></span> <span class='ocrx_word' id='word_1_43' title='bbox 283 531 330 575; x_wconf 83' lang='grc' dir='ltr'><em>ἐν</em></span> <span class='ocrx_word' id='word_1_44' title='bbox 369 534 429 586; x_wconf 80' lang='grc' dir='ltr'><em>τῷ</em></span> <span class='ocrx_word' id='word_1_45' title='bbox 466 531 663 588; x_wconf 76' lang='grc' dir='ltr'><em>προτέρῳ</em></span> <span class='ocrx_word' id='word_1_46' title='bbox 704 532 786 588; x_wconf 86' lang='grc' dir='ltr'><em>βίῳ</em></span> <span class='ocrx_word' id='word_1_47' title='bbox 817 527 1079 587; x_wconf 83' lang='grc' dir='ltr'><em>βεβιωκότα,</em></span> <span class='ocrx_word' id='word_1_48' title='bbox 1118 528 1208 571; x_wconf 75' lang='grc' dir='ltr'><em>ἔθει</em></span> <span class='ocrx_word' id='word_1_49' title='bbox 1239 526 1344 571; x_wconf 79' lang='grc' dir='ltr'><em>ἄνευ</em></span> <span class='ocrx_word' id='word_1_50' title='bbox 1376 531 1501 583; x_wconf 83' lang='grc' dir='ltr'><em>φιλο-</em></span> 
     </span>
     <span class='ocr_line' id='line_1_9' title="bbox 116 595 1569 655; baseline -0.001 -12"><span class='ocrx_word' id='word_1_51' title='bbox 116 600 280 655; x_wconf 80' lang='grc' dir='ltr'><em>σοφίας</em></span> <span class='ocrx_word' id='word_1_52' title='bbox 309 598 460 655; x_wconf 79' lang='grc' dir='ltr'><em>ἆρετῆς</em></span> <span class='ocrx_word' id='word_1_53' title='bbox 489 597 788 654; x_wconf 79' lang='grc' dir='ltr'><em>μετειληφότα.</em></span> <span class='ocrx_word' id='word_1_54' title='bbox 826 595 887 648; x_wconf 75' lang='grc' dir='ltr'><em>ὦς</em></span> <span class='ocrx_word' id='word_1_55' title='bbox 918 596 964 640; x_wconf 78' lang='grc' dir='ltr'><em>δὲ</em></span> <span class='ocrx_word' id='word_1_56' title='bbox 993 596 1066 640; x_wconf 81' lang='grc' dir='ltr'><em>καὶ</em></span> <span class='ocrx_word' id='word_1_57' title='bbox 1098 597 1247 648; x_wconf 83' lang='grc' dir='ltr'><em>εἰπεῖν,</em></span> <span class='ocrx_word' id='word_1_58' title='bbox 1269 596 1351 639; x_wconf 86' lang='grc' dir='ltr'><em>ούκ</em></span> <span class='ocrx_word' id='word_1_59' title='bbox 1382 597 1499 640; x_wconf 81' lang='grc' dir='ltr'><em>ἐλάτ-</em></span> <span class='ocrx_word' id='word_1_60' title='bbox 1530 601 1569 642; x_wconf 93' lang='lat' dir='ltr'>D</span> 
     </span>
     <span class='ocr_line' id='line_1_10' title="bbox 115 661 1501 720; baseline -0.001 -9"><span class='ocrx_word' id='word_1_61' title='bbox 115 684 221 719; x_wconf 86' lang='grc' dir='ltr'><em>τους</em></span> <span class='ocrx_word' id='word_1_62' title='bbox 250 665 363 711; x_wconf 75' lang='grc' dir='ltr'><em>εἶναι</em></span> <span class='ocrx_word' id='word_1_63' title='bbox 391 668 439 711; x_wconf 83' lang='grc' dir='ltr'><em>ἐν</em></span> <span class='ocrx_word' id='word_1_64' title='bbox 469 661 561 719; x_wconf 85' lang='grc' dir='ltr'><em>τοῖς</em></span> <span class='ocrx_word' id='word_1_65' title='bbox 588 665 810 718; x_wconf 83' lang='grc' dir='ltr'><em>τοιούτοις</em></span> <span class='ocrx_word' id='word_1_66' title='bbox 847 664 1166 720; x_wconf 80' lang='grc' dir='ltr'><em>ἁλισκομένους</em></span> <span class='ocrx_word' id='word_1_67' title='bbox 1204 666 1311 716; x_wconf 82' lang='grc' dir='ltr'><em>τούς</em></span> <span class='ocrx_word' id='word_1_68' title='bbox 1343 665 1390 708; x_wconf 83' lang='grc' dir='ltr'><em>ἐκ</em></span> <span class='ocrx_word' id='word_1_69' title='bbox 1420 669 1501 709; x_wconf 88' lang='grc' dir='ltr'><em>τοῦ</em></span> 
     </span>
     <span class='ocr_line' id='line_1_11' title="bbox 115 732 1502 796; baseline -0.003 -17"><span class='ocrx_word' id='word_1_70' title='bbox 115 733 319 791; x_wconf 83' lang='grc' dir='ltr'><em>ούρανοῦ</em></span> <span class='ocrx_word' id='word_1_71' title='bbox 347 735 560 792; x_wconf 80' lang='grc' dir='ltr'><em>ἥκοντας,</em></span> <span class='ocrx_word' id='word_1_72' title='bbox 600 735 672 779; x_wconf 79' lang='grc' dir='ltr'><em>ἅτε</em></span> <span class='ocrx_word' id='word_1_73' title='bbox 695 734 854 796; x_wconf 57' lang='grc' dir='ltr'><em>ιπόνων</em></span> <span class='ocrx_word' id='word_1_74' title='bbox 895 732 1227 789; x_wconf 74' lang='grc' dir='ltr'><em>ἀγυμνάστους·</em></span> <span class='ocrx_word' id='word_1_75' title='bbox 1258 736 1347 775; x_wconf 77' lang='grc' dir='ltr'><em>τῶν</em></span> <span class='ocrx_word' id='word_1_76' title='bbox 1381 732 1423 776; x_wconf 88' lang='grc' dir='ltr'><em>δ’</em></span> <span class='ocrx_word' id='word_1_77' title='bbox 1453 732 1502 776; x_wconf 73' lang='grc' dir='ltr'><em>ἐκ</em></span> 
     </span>
     <span class='ocr_line' id='line_1_12' title="bbox 113 799 1502 860; baseline -0.001 -13"><span class='ocrx_word' id='word_1_78' title='bbox 113 807 190 860; x_wconf 82' lang='grc' dir='ltr'><em>τῆς</em></span> <span class='ocrx_word' id='word_1_79' title='bbox 218 807 297 859; x_wconf 80' lang='grc' dir='ltr'><em>γῆς</em></span> <span class='ocrx_word' id='word_1_80' title='bbox 322 803 427 856; x_wconf 84' lang='grc' dir='ltr'><em>τούς</em></span> <span class='ocrx_word' id='word_1_81' title='bbox 457 802 671 855; x_wconf 75' lang='grc' dir='ltr'><em>πολλοὺς,</em></span> <span class='ocrx_word' id='word_1_82' title='bbox 710 803 783 846; x_wconf 81' lang='grc' dir='ltr'><em>ἅτε</em></span> <span class='ocrx_word' id='word_1_83' title='bbox 822 800 984 853; x_wconf 81' lang='grc' dir='ltr'><em>αὐτούς</em></span> <span class='ocrx_word' id='word_1_84' title='bbox 1020 817 1065 844; x_wconf 86' lang='grc' dir='ltr'><em>τε</em></span> <span class='ocrx_word' id='word_1_85' title='bbox 1095 799 1399 856; x_wconf 83' lang='grc' dir='ltr'><em>πεπονηκότας</em></span> <span class='ocrx_word' id='word_1_86' title='bbox 1430 799 1502 845; x_wconf 74' lang='grc' dir='ltr'><em>ἄλ-</em></span> 
     </span>
    </p>
   </div>
   <div class='ocr_carea' id='block_1_7' title="bbox 80 891 778 2872">
    <p class='ocr_par' dir='ltr' id='par_1_7' title="bbox 109 891 778 1263">
     <span class='ocr_line' id='line_1_13' title="bbox 115 891 776 951; baseline -0.002 -23"><span class='ocrx_word' id='word_1_87' title='bbox 115 894 210 938; x_wconf 82' lang='grc' dir='ltr'><em>ζωῆς</em></span> <span class='ocrx_word' id='word_1_88' title='bbox 250 891 404 939; x_wconf 78' lang='grc' dir='ltr'><em>ἐραστὴς</em></span> <span class='ocrx_word' id='word_1_89' title='bbox 450 892 603 934; x_wconf 79' lang='grc' dir='ltr'><em>άτόπως</em></span> <span class='ocrx_word' id='word_1_90' title='bbox 642 892 776 951; x_wconf 75' lang='grc' dir='ltr'><em>ᾐτιᾶτο</em></span> 
     </span>
     <span class='ocr_line' id='line_1_14' title="bbox 115 938 778 997; baseline 0 -23"><span class='ocrx_word' id='word_1_91' title='bbox 115 941 278 997; x_wconf 84' lang='grc' dir='ltr'><em>δαίμονα</em></span> <span class='ocrx_word' id='word_1_92' title='bbox 305 940 369 974; x_wconf 82' lang='grc' dir='ltr'><em>καὶ</em></span> <span class='ocrx_word' id='word_1_93' title='bbox 381 938 522 996; x_wconf 67' lang='grc' dir='ltr'><em>τύχην</em></span> <span class='ocrx_word' id='word_1_94' title='bbox 540 941 614 974; x_wconf 83' lang='grc' dir='ltr'><em>τῶν</em></span> <span class='ocrx_word' id='word_1_95' title='bbox 646 939 778 984; x_wconf 76' lang='grc' dir='ltr'><em>ἑπομέ-</em></span> 
     </span>
     <span class='ocr_line' id='line_1_15' title="bbox 112 983 778 1031; baseline 0 -11"><span class='ocrx_word' id='word_1_96' title='bbox 112 998 188 1020; x_wconf 87' lang='grc' dir='ltr'><em>νων</em></span> <span class='ocrx_word' id='word_1_97' title='bbox 207 984 343 1021; x_wconf 76' lang='grc' dir='ltr'><em>ἓαυτὸν</em></span> <span class='ocrx_word' id='word_1_98' title='bbox 365 984 496 1030; x_wconf 83' lang='grc' dir='ltr'><em>άφεὶς,</em></span> <span class='ocrx_word' id='word_1_99' title='bbox 522 983 620 1021; x_wconf 80' lang='grc' dir='ltr'><em>οὕτω</em></span> <span class='ocrx_word' id='word_1_100' title='bbox 640 985 685 1031; x_wconf 86' lang='grc' dir='ltr'><em>δὴ</em></span> <span class='ocrx_word' id='word_1_101' title='bbox 714 986 778 1020; x_wconf 82' lang='grc' dir='ltr'><em>καὶ</em></span> 
     </span>
     <span class='ocr_line' id='line_1_16' title="bbox 112 1030 777 1089; baseline -0.002 -22.995"><span class='ocrx_word' id='word_1_102' title='bbox 112 1030 336 1088; x_wconf 81' lang='grc' dir='ltr'><em>Ἀλκιβιάδης</em></span> <span class='ocrx_word' id='word_1_103' title='bbox 363 1031 507 1089; x_wconf 85' lang='grc' dir='ltr'><em>μάτην</em></span> <span class='ocrx_word' id='word_1_104' title='bbox 515 1033 682 1067; x_wconf 76' lang='grc' dir='ltr'><em>αἰτιᾶται</em></span> <span class='ocrx_word' id='word_1_105' title='bbox 708 1031 777 1066; x_wconf 88' lang='grc' dir='ltr'><em>τὸν</em></span> 
     </span>
     <span class='ocr_line' id='line_1_17' title="bbox 115 1076 775 1123; baseline 0 -11"><span class='ocrx_word' id='word_1_106' title='bbox 115 1077 342 1123; x_wconf 77' lang='grc' dir='ltr'><em>Σωκράτην,</em></span> <span class='ocrx_word' id='word_1_107' title='bbox 376 1077 463 1113; x_wconf 83' lang='grc' dir='ltr'><em>δέον</em></span> <span class='ocrx_word' id='word_1_108' title='bbox 494 1076 627 1113; x_wconf 71' lang='grc' dir='ltr'><em>ἑαυτὸν</em></span> <span class='ocrx_word' id='word_1_109' title='bbox 656 1079 775 1112; x_wconf 80' lang='grc' dir='ltr'><em>αἰτιᾶ-</em></span> 
     </span>
     <span class='ocr_line' id='line_1_18' title="bbox 113 1122 775 1169; baseline 0 -11"><span class='ocrx_word' id='word_1_110' title='bbox 113 1126 207 1158; x_wconf 80' lang='grc' dir='ltr'><em>σθαι</em></span> <span class='ocrx_word' id='word_1_111' title='bbox 226 1136 302 1158; x_wconf 89' lang='grc' dir='ltr'><em>των</em></span> <span class='ocrx_word' id='word_1_112' title='bbox 328 1123 665 1169; x_wconf 74' lang='grc' dir='ltr'><em>συμπερασμάτων,</em></span> <span class='ocrx_word' id='word_1_113' title='bbox 693 1122 775 1158; x_wconf 72' lang='grc' dir='ltr'><em>ἀλλ’</em></span> 
     </span>
     <span class='ocr_line' id='line_1_19' title="bbox 113 1169 775 1214; baseline 0 -10"><span class='ocrx_word' id='word_1_114' title='bbox 113 1169 184 1205; x_wconf 67' lang='grc' dir='ltr'><em>οὐκ</em></span> <span class='ocrx_word' id='word_1_115' title='bbox 223 1169 375 1205; x_wconf 78' lang='grc' dir='ltr'><em>ἐκεῖνον.</em></span> <span class='ocrx_word' id='word_1_116' title='bbox 431 1171 576 1206; x_wconf 82' lang='lat' dir='ltr'><strong>Videtur</strong></span> <span class='ocrx_word' id='word_1_117' title='bbox 612 1171 775 1214; x_wconf 82' lang='grc' dir='ltr'><em>δαίμονα</em></span> 
     </span>
     <span class='ocr_line' id='line_1_20' title="bbox 109 1217 774 1273; baseline 0 -23"><span class='ocrx_word' id='word_1_118' title='bbox 109 1217 256 1261; x_wconf 82' lang='lat' dir='ltr'><strong>legisse,</strong></span> <span class='ocrx_word' id='word_1_119' title='bbox 291 1217 380 1273; x_wconf 49' lang='lat' dir='ltr'><strong>qited</strong></span> <span class='ocrx_word' id='word_1_120' title='bbox 413 1217 523 1250; x_wconf 86' lang='lat' dir='ltr'><strong>minus</strong></span> <span class='ocrx_word' id='word_1_121' title='bbox 562 1223 676 1263; x_wconf 80' lang='lat' dir='ltr'><strong>aptum</strong></span> <span class='ocrx_word' id='word_1_122' title='bbox 711 1220 774 1251; x_wconf 72' lang='lat' dir='ltr'><strong>est.</strong></span> 
     </span>
    </p>

    <p class='ocr_par' dir='ltr' id='par_1_8' title="bbox 107 1262 774 1436">
     <span class='ocr_line' id='line_1_21' title="bbox 156 1262 774 1307; baseline -0.003 -10"><span class='ocrx_word' id='word_1_123' title='bbox 156 1263 256 1307; x_wconf 79' lang='grc' dir='ltr'><em>τῶν]</em></span> <span class='ocrx_word' id='word_1_124' title='bbox 288 1262 356 1297; x_wconf 90' lang='grc' dir='ltr'><em>τὸν</em></span> <span class='ocrx_word' id='word_1_125' title='bbox 389 1264 468 1296; x_wconf 81' lang='lat' dir='ltr'><strong>Par.</strong></span> <span class='ocrx_word' id='word_1_126' title='bbox 493 1263 537 1297; x_wconf 92' lang='lat' dir='ltr'><em>K.</em></span> <span class='ocrx_word' id='word_1_127' title='bbox 571 1275 643 1298; x_wconf 81' lang='lat' dir='ltr'><strong>sec.-</strong></span> <span class='ocrx_word' id='word_1_128' title='bbox 667 1263 774 1297; x_wconf 83' lang='lat' dir='ltr'><strong>Bekk.</strong></span> 
     </span>
     <span class='ocr_line' id='line_1_22' title="bbox 110 1308 774 1354; baseline -0.002 -11"><span class='ocrx_word' id='word_1_129' title='bbox 110 1312 166 1351; x_wconf 82' lang='lat' dir='ltr'><em>et,</em></span> <span class='ocrx_word' id='word_1_130' title='bbox 198 1309 338 1354; x_wconf 77' lang='lat' dir='ltr'><strong>vulgato</strong></span> <span class='ocrx_word' id='word_1_131' title='bbox 369 1309 403 1343; x_wconf 89' lang='lat' dir='ltr'><em>in</em></span> <span class='ocrx_word' id='word_1_132' title='bbox 433 1320 477 1343; x_wconf 91' lang='lat' dir='ltr'><em>m.</em></span> <span class='ocrx_word' id='word_1_133' title='bbox 511 1309 645 1353; x_wconf 87' lang='lat' dir='ltr'><strong>posito,</strong></span> <span class='ocrx_word' id='word_1_134' title='bbox 670 1308 711 1343; x_wconf 91' lang='lat' dir='ltr'><em>D.</em></span> <span class='ocrx_word' id='word_1_135' title='bbox 739 1312 774 1342; x_wconf 87' lang='lat' dir='ltr'><em>et</em></span> 
     </span>
     <span class='ocr_line' id='line_1_23' title="bbox 109 1355 772 1401; baseline -0.002 -12"><span class='ocrx_word' id='word_1_136' title='bbox 109 1360 190 1389; x_wconf 82' lang='lat' dir='ltr'><strong>ante</strong></span> <span class='ocrx_word' id='word_1_137' title='bbox 214 1355 458 1390; x_wconf 76' lang='lat' dir='ltr'><strong>correctionem</strong></span> <span class='ocrx_word' id='word_1_138' title='bbox 490 1366 511 1388; x_wconf 84' lang='lat' dir='ltr'>a</span> <span class='ocrx_word' id='word_1_139' title='bbox 544 1366 587 1388; x_wconf 88' lang='lat' dir='ltr'><em>m.</em></span> <span class='ocrx_word' id='word_1_140' title='bbox 615 1366 669 1400; x_wconf 86' lang='lat' dir='ltr'><em>pr.</em></span> <span class='ocrx_word' id='word_1_141' title='bbox 693 1366 772 1401; x_wconf 78' lang='lat' dir='ltr'><em>pro-</em></span> 
     </span>
     <span class='ocr_line' id='line_1_24' title="bbox 107 1401 424 1436; baseline -0.007 0"><span class='ocrx_word' id='word_1_142' title='bbox 107 1403 233 1436; x_wconf 75' lang='lat' dir='ltr'><strong>fectam</strong></span> <span class='ocrx_word' id='word_1_143' title='bbox 259 1401 356 1436; x_wconf 86' lang='lat' dir='ltr'><strong>Vind.</strong></span> <span class='ocrx_word' id='word_1_144' title='bbox 380 1401 424 1434; x_wconf 92' lang='lat' dir='ltr'><em>F.</em></span> 
     </span>
    </p>

    <p class='ocr_par' dir='ltr' id='par_1_9' title="bbox 154 1443 679 1504">
     <span class='ocr_line' id='line_1_25' title="bbox 154 1443 679 1504; baseline -0.002 -24"><span class='ocrx_word' id='word_1_145' title='bbox 154 1444 335 1504; x_wconf 80' lang='grc' dir='ltr'><em>ἡκόντων]</em></span> <span class='ocrx_word' id='word_1_146' title='bbox 356 1443 504 1504; x_wconf 80' lang='grc' dir='ltr'><em>ἥκοντα</em></span> <span class='ocrx_word' id='word_1_147' title='bbox 527 1447 610 1480; x_wconf 74' lang='lat' dir='ltr'><strong>Par.</strong></span> <span class='ocrx_word' id='word_1_148' title='bbox 635 1447 679 1480; x_wconf 89' lang='lat' dir='ltr'><em>K.</em></span> 
     </span>
    </p>

    <p class='ocr_par' dir='ltr' id='par_1_10' title="bbox 107 1490 774 1573">
     <span class='ocr_line' id='line_1_26' title="bbox 154 1490 774 1538; baseline 0 -12"><span class='ocrx_word' id='word_1_149' title='bbox 154 1490 194 1527; x_wconf 76' lang='grc' dir='ltr'><em>ἐν</em></span> <span class='ocrx_word' id='word_1_150' title='bbox 210 1491 422 1538; x_wconf 80' lang='grc' dir='ltr'><em>τεταγμένῃ]</em></span> <span class='ocrx_word' id='word_1_151' title='bbox 445 1490 686 1538; x_wconf 51' lang='grc' dir='ltr'><em>ἐντεταῃμένῃ</em></span> <span class='ocrx_word' id='word_1_152' title='bbox 698 1492 774 1526; x_wconf 82' lang='lat' dir='ltr'><strong>Aid.</strong></span> 
     </span>
     <span class='ocr_line' id='line_1_27' title="bbox 107 1539 264 1573; baseline 0 0"><span class='ocrx_word' id='word_1_153' title='bbox 107 1539 190 1573; x_wconf 81' lang='lat' dir='ltr'><strong>Bas.</strong></span> <span class='ocrx_word' id='word_1_154' title='bbox 209 1540 264 1573; x_wconf 89' lang='lat' dir='ltr'><em>ab.</em></span> 
     </span>
    </p>

    <p class='ocr_par' dir='ltr' id='par_1_11' title="bbox 110 1581 774 1665">
     <span class='ocr_line' id='line_1_28' title="bbox 155 1581 774 1629; baseline -0.002 -11"><span class='ocrx_word' id='word_1_155' title='bbox 155 1583 338 1629; x_wconf 82' lang='grc' dir='ltr'><em>προτέρῳ]</em></span> <span class='ocrx_word' id='word_1_156' title='bbox 364 1581 523 1628; x_wconf 80' lang='grc' dir='ltr'><em>δευτέρω</em></span> <span class='ocrx_word' id='word_1_157' title='bbox 550 1584 649 1618; x_wconf 79' lang='lat' dir='ltr'><strong>Vind.</strong></span> <span class='ocrx_word' id='word_1_158' title='bbox 675 1584 714 1617; x_wconf 89' lang='lat' dir='ltr'><em>F.</em></span> <span class='ocrx_word' id='word_1_159' title='bbox 738 1588 774 1618; x_wconf 83' lang='lat' dir='ltr'><em>et</em></span> 
     </span>
     <span class='ocr_line' id='line_1_29' title="bbox 80 1631 436 1673; baseline -0.003 -8.905"><span class='ocrx_word' id='word_1_160' title='bbox 80 1642 131 1673; x_wconf 85' lang='lat' dir='ltr'><strong>a</strong></span> <span class='ocrx_word' id='word_1_161' title='bbox 154 1643 199 1665; x_wconf 83' lang='lat' dir='ltr'><em>m.</em></span> <span class='ocrx_word' id='word_1_162' title='bbox 224 1642 251 1664; x_wconf 92' lang='grc'><em>5.</em></span> <span class='ocrx_word' id='word_1_163' title='bbox 276 1631 371 1663; x_wconf 87' lang='lat' dir='ltr'><strong>Flor.</strong></span> <span class='ocrx_word' id='word_1_164' title='bbox 396 1631 436 1664; x_wconf 91' lang='lat' dir='ltr'><strong>A.</strong></span> 
     </span>
    </p>

    <p class='ocr_par' dir='ltr' id='par_1_12' title="bbox 109 1673 773 1756">
     <span class='ocr_line' id='line_1_30' title="bbox 154 1673 773 1721; baseline -0.002 -11"><span class='ocrx_word' id='word_1_165' title='bbox 154 1673 257 1721; x_wconf 80' lang='grc' dir='ltr'><em>ε’θει]</em></span> <span class='ocrx_word' id='word_1_166' title='bbox 294 1677 333 1709; x_wconf 89' lang='lat' dir='ltr'><em>In</em></span> <span class='ocrx_word' id='word_1_167' title='bbox 366 1676 447 1710; x_wconf 82' lang='lat' dir='ltr'><strong>Par.</strong></span> <span class='ocrx_word' id='word_1_168' title='bbox 472 1675 517 1710; x_wconf 87' lang='lat' dir='ltr'><em>K.</em></span> <span class='ocrx_word' id='word_1_169' title='bbox 555 1688 578 1720; x_wconf 91' lang='grc' dir='ltr'><em>η</em></span> <span class='ocrx_word' id='word_1_170' title='bbox 612 1687 717 1721; x_wconf 82' lang='lat' dir='ltr'><strong>super</strong></span> <span class='ocrx_word' id='word_1_171' title='bbox 742 1687 773 1709; x_wconf 80' lang='grc' dir='ltr'><em>ει</em></span> 
     </span>
     <span class='ocr_line' id='line_1_31' title="bbox 109 1723 284 1757; baseline -0.006 -1"><span class='ocrx_word' id='word_1_172' title='bbox 109 1723 175 1756; x_wconf 88' lang='lat' dir='ltr'><strong>scri</strong></span> <span class='ocrx_word' id='word_1_173' title='bbox 204 1726 284 1757; x_wconf 83' lang='lat' dir='ltr'><strong>tum.</strong></span> 
     </span>
    </p>

    <p class='ocr_par' dir='ltr' id='par_1_13' title="bbox 83 1764 773 2630">
     <span class='ocr_line' id='line_1_32' title="bbox 157 1764 773 1812; baseline -0.003 -10"><span class='ocrx_word' id='word_1_174' title='bbox 157 1781 208 1808; x_wconf 83' lang='grc' dir='ltr'><em>ως</em></span> <span class='ocrx_word' id='word_1_175' title='bbox 233 1766 273 1802; x_wconf 87' lang='grc' dir='ltr'><em>δε</em></span> <span class='ocrx_word' id='word_1_176' title='bbox 295 1765 359 1802; x_wconf 82' lang='grc' dir='ltr'><em>καὶ</em></span> <span class='ocrx_word' id='word_1_177' title='bbox 385 1767 524 1811; x_wconf 81' lang='grc' dir='ltr'><em>εἰπεῖν,</em></span> <span class='ocrx_word' id='word_1_178' title='bbox 549 1764 638 1811; x_wconf 84' lang='grc' dir='ltr'><em>ου’κ]</em></span> <span class='ocrx_word' id='word_1_179' title='bbox 663 1778 773 1812; x_wconf 71' lang='lat' dir='ltr'><strong><em>neque</em></strong></span> 
     </span>
     <span class='ocr_line' id='line_1_33' title="bbox 108 1814 770 1856; baseline -0.003 -8"><span class='ocrx_word' id='word_1_180' title='bbox 108 1814 183 1850; x_wconf 88' lang='lat' dir='ltr'><strong>Fic.</strong></span> <span class='ocrx_word' id='word_1_181' title='bbox 214 1814 338 1848; x_wconf 78' lang='lat' dir='ltr'><strong>omissa</strong></span> <span class='ocrx_word' id='word_1_182' title='bbox 372 1816 536 1856; x_wconf 80' lang='lat' dir='ltr'><strong>formula,</strong></span> <span class='ocrx_word' id='word_1_183' title='bbox 577 1814 672 1847; x_wconf 83' lang='lat' dir='ltr'><strong>cuius</strong></span> <span class='ocrx_word' id='word_1_184' title='bbox 707 1814 770 1846; x_wconf 85' lang='lat' dir='ltr'><em>vim</em></span> 
     </span>
     <span class='ocr_line' id='line_1_34' title="bbox 105 1859 771 1905; baseline -0.003 -11"><span class='ocrx_word' id='word_1_185' title='bbox 105 1862 254 1894; x_wconf 79' lang='lat' dir='ltr'><strong>fortasse</strong></span> <span class='ocrx_word' id='word_1_186' title='bbox 277 1871 342 1894; x_wconf 86' lang='lat' dir='ltr'><em>non</em></span> <span class='ocrx_word' id='word_1_187' title='bbox 373 1865 608 1905; x_wconf 77' lang='lat' dir='ltr'><strong>perspexerat.</strong></span> <span class='ocrx_word' id='word_1_188' title='bbox 657 1859 771 1892; x_wconf 85' lang='lat' dir='ltr'>Fesel-</span> 
     </span>
     <span class='ocr_line' id='line_1_35' title="bbox 105 1904 770 1950; baseline -0.003 -10"><span class='ocrx_word' id='word_1_189' title='bbox 105 1906 146 1940; x_wconf 84' lang='lat' dir='ltr'><em>lit</em></span> <span class='ocrx_word' id='word_1_190' title='bbox 173 1907 290 1940; x_wconf 80' lang='lat' dir='ltr'>eadem</span> <span class='ocrx_word' id='word_1_191' title='bbox 314 1906 607 1940; x_wconf 80' lang='lat' dir='ltr'><strong>Schleiermacher</strong></span> <span class='ocrx_word' id='word_1_192' title='bbox 594 1917 685 1947; x_wconf 81' lang='lat' dir='ltr'>rum,</span> <span class='ocrx_word' id='word_1_193' title='bbox 712 1904 770 1950; x_wconf 88' lang='lat' dir='ltr'><em>qui</em></span> 
     </span>
     <span class='ocr_line' id='line_1_36' title="bbox 103 1952 769 1997; baseline -0.002 -11"><span class='ocrx_word' id='word_1_194' title='bbox 103 1953 350 1997; x_wconf 74' lang='lat' dir='ltr'><strong>interpretatus</strong></span> <span class='ocrx_word' id='word_1_195' title='bbox 374 1959 427 1986; x_wconf 89' lang='lat' dir='ltr'><em>est</em></span> <span class='ocrx_word' id='word_1_196' title='bbox 454 1954 499 1986; x_wconf 85' lang='lat' dir='ltr'><em>So</em></span> <span class='ocrx_word' id='word_1_197' title='bbox 519 1954 600 1986; x_wconf 82' lang='lat' dir='ltr'><em>dass</em></span> <span class='ocrx_word' id='word_1_198' title='bbox 624 1964 661 1985; x_wconf 85' lang='lat' dir='ltr'><em>er</em></span> <span class='ocrx_word' id='word_1_199' title='bbox 679 1952 769 1985; x_wconf 75' lang='lat' dir='ltr'><strong><em>auch</em></strong></span> 
     </span>
     <span class='ocr_line' id='line_1_37' title="bbox 103 1998 767 2052; baseline -0.002 -20"><span class='ocrx_word' id='word_1_200' title='bbox 103 2005 218 2043; x_wconf 66' lang='lat' dir='ltr'><strong>sagro.</strong></span> <span class='ocrx_word' id='word_1_201' title='bbox 250 1999 359 2032; x_wconf 84' lang='lat' dir='ltr'><strong>Recte</strong></span> <span class='ocrx_word' id='word_1_202' title='bbox 378 1999 577 2032; x_wconf 84' lang='lat' dir='ltr'><strong>scholiastes</strong></span> <span class='ocrx_word' id='word_1_203' title='bbox 593 1998 635 2037; x_wconf 84' lang='lat' dir='ltr'><em>ad</em></span> <span class='ocrx_word' id='word_1_204' title='bbox 650 1998 767 2052; x_wconf 79' lang='lat' dir='ltr'><strong>Symp.</strong></span> 
     </span>
     <span class='ocr_line' id='line_1_38' title="bbox 83 2042 767 2090; baseline -0.003 -11"><span class='ocrx_word' id='word_1_205' title='bbox 83 2049 137 2090; x_wconf 73' lang='grc' dir='ltr'><strong>Ῥ.</strong></span> <span class='ocrx_word' id='word_1_206' title='bbox 154 2045 234 2079; x_wconf 83' lang='grc'><strong>375.</strong></span> <span class='ocrx_word' id='word_1_207' title='bbox 254 2044 364 2078; x_wconf 87' lang='lat' dir='ltr'><strong>Bekk.</strong></span> <span class='ocrx_word' id='word_1_208' title='bbox 389 2056 440 2084; x_wconf 79' lang='grc' dir='ltr'><em>ως</em></span> <span class='ocrx_word' id='word_1_209' title='bbox 462 2042 584 2088; x_wconf 84' lang='grc' dir='ltr'><em>φάναι</em></span> <span class='ocrx_word' id='word_1_210' title='bbox 600 2049 635 2078; x_wconf 87' lang='lat' dir='ltr'><em>et</em></span> <span class='ocrx_word' id='word_1_211' title='bbox 648 2056 699 2084; x_wconf 87' lang='grc' dir='ltr'><em>ως</em></span> <span class='ocrx_word' id='word_1_212' title='bbox 719 2043 767 2077; x_wconf 82' lang='grc' dir='ltr'><em>εἰ·</em></span> 
     </span>
     <span class='ocr_line' id='line_1_39' title="bbox 102 2090 767 2135; baseline -0.002 -11"><span class='ocrx_word' id='word_1_213' title='bbox 102 2093 187 2125; x_wconf 86' lang='grc' dir='ltr'><em>πεῖν</em></span> <span class='ocrx_word' id='word_1_214' title='bbox 209 2090 299 2123; x_wconf 85' lang='lat' dir='ltr'><strong>idem</strong></span> <span class='ocrx_word' id='word_1_215' title='bbox 323 2090 518 2134; x_wconf 77' lang='lat' dir='ltr'><strong>signiflcffle</strong></span> <span class='ocrx_word' id='word_1_216' title='bbox 542 2092 652 2132; x_wconf 83' lang='lat' dir='ltr'><strong>docet,</strong></span> <span class='ocrx_word' id='word_1_217' title='bbox 675 2091 767 2135; x_wconf 80' lang='lat' dir='ltr'><strong>quod</strong></span> 
     </span>
     <span class='ocr_line' id='line_1_40' title="bbox 104 2134 766 2176; baseline 0 -7"><span class='ocrx_word' id='word_1_218' title='bbox 104 2149 156 2176; x_wconf 89' lang='grc' dir='ltr'><em>ως</em></span> <span class='ocrx_word' id='word_1_219' title='bbox 177 2134 265 2175; x_wconf 74' lang='grc' dir='ltr'><em>ἔπος</em></span> <span class='ocrx_word' id='word_1_220' title='bbox 290 2136 416 2170; x_wconf 79' lang='grc' dir='ltr'><em>εἰπεῖν.</em></span> <span class='ocrx_word' id='word_1_221' title='bbox 477 2138 531 2170; x_wconf 90' lang='lat' dir='ltr'><em>Cf.</em></span> <span class='ocrx_word' id='word_1_222' title='bbox 561 2137 766 2171; x_wconf 77' lang='lat' dir='ltr'><strong>Aristoteles</strong></span> 
     </span>
     <span class='ocr_line' id='line_1_41' title="bbox 102 2182 764 2227; baseline 0.003 -12"><span class='ocrx_word' id='word_1_223' title='bbox 102 2182 177 2216; x_wconf 91' lang='lat' dir='ltr'><strong>Pol.</strong></span> <span class='ocrx_word' id='word_1_224' title='bbox 202 2182 243 2216; x_wconf 88' lang='lat' dir='ltr'><em>L.</em></span> <span class='ocrx_word' id='word_1_225' title='bbox 271 2182 344 2216; x_wconf 94' lang='lat' dir='ltr'><strong>VII.</strong></span> <span class='ocrx_word' id='word_1_226' title='bbox 370 2185 447 2217; x_wconf 89' lang='lat' dir='ltr'><em>c1.</em></span> <span class='ocrx_word' id='word_1_227' title='bbox 472 2195 506 2227; x_wconf 88' lang='lat' dir='ltr'><em>p.</em></span> <span class='ocrx_word' id='word_1_228' title='bbox 531 2185 630 2219; x_wconf 73' lang='lat'><strong>1323.</strong></span> <span class='ocrx_word' id='word_1_229' title='bbox 650 2185 764 2224; x_wconf 73' lang='lat' dir='ltr'><strong>a‚20.</strong></span> 
     </span>
     <span class='ocr_line' id='line_1_42' title="bbox 102 2226 765 2270; baseline 0.002 -9"><span class='ocrx_word' id='word_1_230' title='bbox 102 2228 158 2267; x_wconf 87' lang='grc' dir='ltr'><em>τίς</em></span> <span class='ocrx_word' id='word_1_231' title='bbox 177 2241 196 2262; x_wconf 97' lang='grc' dir='ltr'><em>ο</em></span> <span class='ocrx_word' id='word_1_232' title='bbox 215 2227 330 2261; x_wconf 78' lang='grc' dir='ltr'><em>πᾶσιν</em></span> <span class='ocrx_word' id='word_1_233' title='bbox 354 2240 406 2267; x_wconf 92' lang='grc' dir='ltr'><em>ως</em></span> <span class='ocrx_word' id='word_1_234' title='bbox 425 2229 543 2262; x_wconf 79' lang='grc' dir='ltr'><em>εἰπεῖν</em></span> <span class='ocrx_word' id='word_1_235' title='bbox 564 2226 765 2270; x_wconf 77' lang='grc' dir='ltr'><em>αἱρετώτα-</em></span> 
     </span>
     <span class='ocr_line' id='line_1_43' title="bbox 101 2273 765 2318; baseline 0.003 -12"><span class='ocrx_word' id='word_1_236' title='bbox 101 2285 165 2312; x_wconf 89' lang='grc' dir='ltr'><em>τος</em></span> <span class='ocrx_word' id='word_1_237' title='bbox 190 2273 279 2318; x_wconf 82' lang='grc' dir='ltr'><em>βίος</em></span> <span class='ocrx_word' id='word_1_238' title='bbox 307 2286 336 2307; x_wconf 92' lang='lat' dir='ltr'><em>c.</em></span> <span class='ocrx_word' id='word_1_239' title='bbox 356 2276 388 2308; x_wconf 76' lang='lat'><em>2.</em></span> <span class='ocrx_word' id='word_1_240' title='bbox 416 2287 447 2318; x_wconf 89' lang='lat' dir='ltr'><em>p.</em></span> <span class='ocrx_word' id='word_1_241' title='bbox 471 2275 568 2309; x_wconf 71' lang='lat'><strong>1324.</strong></span> <span class='ocrx_word' id='word_1_242' title='bbox 582 2277 616 2316; x_wconf 84' lang='lat' dir='ltr'><em>b,</em></span> <span class='ocrx_word' id='word_1_243' title='bbox 625 2278 666 2310; x_wconf 90' lang='lat'><em>6:</em></span> <span class='ocrx_word' id='word_1_244' title='bbox 688 2276 765 2308; x_wconf 78' lang='grc' dir='ltr'><em>τῶν</em></span> 
     </span>
     <span class='ocr_line' id='line_1_44' title="bbox 101 2318 765 2364; baseline 0.002 -11"><span class='ocrx_word' id='word_1_245' title='bbox 101 2319 278 2353; x_wconf 81' lang='grc' dir='ltr'><em>πλείστων</em></span> <span class='ocrx_word' id='word_1_246' title='bbox 301 2320 466 2362; x_wconf 86' lang='grc' dir='ltr'><em>νομίμων</em></span> <span class='ocrx_word' id='word_1_247' title='bbox 499 2319 616 2364; x_wconf 82' lang='grc' dir='ltr'><em>χύδην</em></span> <span class='ocrx_word' id='word_1_248' title='bbox 641 2318 692 2360; x_wconf 79' lang='grc' dir='ltr'><em>ιὸς</em></span> <span class='ocrx_word' id='word_1_249' title='bbox 717 2321 765 2354; x_wconf 84' lang='grc' dir='ltr'><em>εἰ-</em></span> 
     </span>
     <span class='ocr_line' id='line_1_45' title="bbox 100 2364 766 2410; baseline 0.002 -11"><span class='ocrx_word' id='word_1_250' title='bbox 100 2369 183 2399; x_wconf 83' lang='grc' dir='ltr'><em>πεῖν</em></span> <span class='ocrx_word' id='word_1_251' title='bbox 217 2364 392 2408; x_wconf 85' lang='grc' dir='ltr'><em>κειμένων</em></span> <span class='ocrx_word' id='word_1_252' title='bbox 423 2365 526 2410; x_wconf 80' lang='grc' dir='ltr'><em>παρὰ</em></span> <span class='ocrx_word' id='word_1_253' title='bbox 559 2369 639 2406; x_wconf 83' lang='grc' dir='ltr'><em>τοῖς</em></span> <span class='ocrx_word' id='word_1_254' title='bbox 667 2366 766 2400; x_wconf 82' lang='grc' dir='ltr'><em>πλεί-</em></span> 
     </span>
     <span class='ocr_line' id='line_1_46' title="bbox 101 2412 763 2456; baseline 0.002 -11"><span class='ocrx_word' id='word_1_255' title='bbox 101 2422 212 2451; x_wconf 86' lang='grc' dir='ltr'><em>στοις.</em></span> <span class='ocrx_word' id='word_1_256' title='bbox 260 2412 382 2456; x_wconf 82' lang='lat' dir='ltr'>Itaque</span> <span class='ocrx_word' id='word_1_257' title='bbox 416 2413 621 2446; x_wconf 81' lang='lat' dir='ltr'>Germanice</span> <span class='ocrx_word' id='word_1_258' title='bbox 649 2413 763 2447; x_wconf 83' lang='lat' dir='ltr'><strong>dicas·</strong></span> 
     </span>
     <span class='ocr_line' id='line_1_47' title="bbox 99 2459 766 2500; baseline 0.003 -10"><span class='ocrx_word' id='word_1_259' title='bbox 99 2459 150 2491; x_wconf 75' lang='lat' dir='ltr'><em>Es</em></span> <span class='ocrx_word' id='word_1_260' title='bbox 179 2470 280 2500; x_wconf 82' lang='lat' dir='ltr'><strong>seyen</strong></span> <span class='ocrx_word' id='word_1_261' title='bbox 317 2460 418 2498; x_wconf 82' lang='lat' dir='ltr'><strong><em>aber,</em></strong></span> <span class='ocrx_word' id='word_1_262' title='bbox 448 2460 557 2492; x_wconf 73' lang='lat' dir='ltr'><strong>ko&#39;rme</strong></span> <span class='ocrx_word' id='word_1_263' title='bbox 590 2470 673 2492; x_wconf 78' lang='lat' dir='ltr'><em>man</em></span> <span class='ocrx_word' id='word_1_264' title='bbox 706 2471 766 2492; x_wconf 89' lang='lat' dir='ltr'><em>sa-</em></span> 
     </span>
     <span class='ocr_line' id='line_1_48' title="bbox 98 2505 763 2547; baseline 0.003 -10"><span class='ocrx_word' id='word_1_265' title='bbox 98 2516 181 2547; x_wconf 68' lang='lat' dir='ltr'><em>gon,</em></span> <span class='ocrx_word' id='word_1_266' title='bbox 202 2506 283 2537; x_wconf 80' lang='lat' dir='ltr'><em>eben</em></span> <span class='ocrx_word' id='word_1_267' title='bbox 308 2516 344 2537; x_wconf 83' lang='lat' dir='ltr'><em>so</em></span> <span class='ocrx_word' id='word_1_268' title='bbox 366 2505 452 2538; x_wconf 77' lang='lat' dir='ltr'><em>viele</em></span> <span class='ocrx_word' id='word_1_269' title='bbox 470 2525 515 2529; x_wconf 88' lang='lat'><em>-—</em></span> <span class='ocrx_word' id='word_1_270' title='bbox 539 2505 664 2538; x_wconf 79' lang='lat' dir='ltr'>Latine</span> <span class='ocrx_word' id='word_1_271' title='bbox 689 2517 763 2539; x_wconf 89' lang='lat' dir='ltr'><em>cum</em></span> 
     </span>
     <span class='ocr_line' id='line_1_49' title="bbox 100 2551 762 2596; baseline 0.003 -13"><span class='ocrx_word' id='word_1_272' title='bbox 100 2551 216 2584; x_wconf 73' lang='lat' dir='ltr'><strong>AstIo:</strong></span> <span class='ocrx_word' id='word_1_273' title='bbox 245 2551 386 2584; x_wconf 72' lang='lat' dir='ltr'><strong>Omnino</strong></span> <span class='ocrx_word' id='word_1_274' title='bbox 410 2552 516 2585; x_wconf 79' lang='lat' dir='ltr'><strong>etium</strong></span> <span class='ocrx_word' id='word_1_275' title='bbox 534 2562 603 2585; x_wconf 79' lang='lat' dir='ltr'><em>non</em></span> <span class='ocrx_word' id='word_1_276' title='bbox 618 2553 762 2596; x_wconf 79' lang='lat' dir='ltr'><em>paucio-</em></span> 
     </span>
     <span class='ocr_line' id='line_1_50' title="bbox 100 2609 313 2630; baseline 0 0"><span class='ocrx_word' id='word_1_277' title='bbox 100 2609 155 2630; x_wconf 85' lang='lat' dir='ltr'><em>res</em></span> <span class='ocrx_word' id='word_1_278' title='bbox 178 2609 248 2630; x_wconf 81' lang='lat' dir='ltr'><em>esse</em></span> <span class='ocrx_word' id='word_1_279' title='bbox 269 2617 313 2621; x_wconf 97' lang='lat'><strong>—</strong></span> 
     </span>
    </p>

    <p class='ocr_par' dir='ltr' id='par_1_14' title="bbox 98 2638 762 2769">
     <span class='ocr_line' id='line_1_51' title="bbox 146 2638 609 2699; baseline 0 -23"><span class='ocrx_word' id='word_1_280' title='bbox 146 2638 200 2699; x_wconf 78' lang='grc' dir='ltr'><em>ἐν]</em></span> <span class='ocrx_word' id='word_1_281' title='bbox 225 2655 290 2677; x_wconf 88' lang='lat' dir='ltr'><em>om.</em></span> <span class='ocrx_word' id='word_1_282' title='bbox 315 2642 401 2676; x_wconf 92' lang='lat' dir='ltr'><strong>Lob.</strong></span> <span class='ocrx_word' id='word_1_283' title='bbox 427 2642 505 2678; x_wconf 79' lang='lat' dir='ltr'><strong>vat.</strong></span> <span class='ocrx_word' id='word_1_284' title='bbox 528 2641 609 2677; x_wconf 82' lang='grc' dir='ltr'><strong>ΒΜ.</strong></span> 
     </span>
     <span class='ocr_line' id='line_1_52' title="bbox 145 2685 762 2733; baseline 0 -11"><span class='ocrx_word' id='word_1_285' title='bbox 145 2685 431 2733; x_wconf 76' lang='grc' dir='ltr'><em>ἁλισκομένους]</em></span> <span class='ocrx_word' id='word_1_286' title='bbox 520 2686 762 2733; x_wconf 78' lang='grc' dir='ltr'><em>ἁλισκόμενον</em></span> 
     </span>
     <span class='ocr_line' id='line_1_53' title="bbox 98 2735 360 2770; baseline -0.004 -1"><span class='ocrx_word' id='word_1_287' title='bbox 98 2735 183 2769; x_wconf 88' lang='lat' dir='ltr'><strong>Lob.</strong></span> <span class='ocrx_word' id='word_1_288' title='bbox 209 2735 288 2770; x_wconf 84' lang='lat' dir='ltr'><strong>vat.</strong></span> <span class='ocrx_word' id='word_1_289' title='bbox 312 2735 360 2769; x_wconf 84' lang='lat' dir='ltr'><em>M.</em></span> 
     </span>
    </p>

    <p class='ocr_par' dir='ltr' id='par_1_15' title="bbox 99 2778 762 2872">
     <span class='ocr_line' id='line_1_54' title="bbox 144 2778 760 2826; baseline -0.003 -11"><span class='ocrx_word' id='word_1_290' title='bbox 144 2779 289 2826; x_wconf 73' lang='grc' dir='ltr'><em>α’γυμνα</em></span> <span class='ocrx_word' id='word_1_291' title='bbox 282 2779 417 2825; x_wconf 83' lang='grc' dir='ltr'><em>’στονς]</em></span> <span class='ocrx_word' id='word_1_292' title='bbox 429 2778 646 2824; x_wconf 78' lang='grc' dir='ltr'><em>άγυμνάστα</em></span> <span class='ocrx_word' id='word_1_293' title='bbox 657 2781 760 2815; x_wconf 81' lang='lat' dir='ltr'><strong>vind.</strong></span> 
     </span>
     <span class='ocr_line' id='line_1_55' title="bbox 99 2827 762 2872; baseline 0 -11"><span class='ocrx_word' id='word_1_294' title='bbox 99 2827 141 2863; x_wconf 81' lang='grc' dir='ltr'><strong>Ε.</strong></span> <span class='ocrx_word' id='word_1_295' title='bbox 189 2828 254 2862; x_wconf 84' lang='lat' dir='ltr'><em>His</em></span> <span class='ocrx_word' id='word_1_296' title='bbox 283 2838 347 2861; x_wconf 88' lang='lat' dir='ltr'><em>non</em></span> <span class='ocrx_word' id='word_1_297' title='bbox 373 2827 593 2872; x_wconf 78' lang='lat' dir='ltr'><strong>acquiescens</strong></span> <span class='ocrx_word' id='word_1_298' title='bbox 617 2827 762 2861; x_wconf 77' lang='lat' dir='ltr'><strong>Procius</strong></span> 
     </span>
    </p>
   </div>
   <div class='ocr_carea' id='block_1_8' title="bbox 820 886 1502 2596">
    <p class='ocr_par' dir='ltr' id='par_1_16' title="bbox 837 886 1500 938">
     <span class='ocr_line' id='line_1_56' title="bbox 837 886 1500 938; baseline -0.005 -11"><span class='ocrx_word' id='word_1_299' title='bbox 837 893 872 927; x_wconf 86' lang='lat' dir='ltr'><em>in</em></span> <span class='ocrx_word' id='word_1_300' title='bbox 898 886 1007 927; x_wconf 82' lang='lat' dir='ltr'><strong>Alcib.</strong></span> <span class='ocrx_word' id='word_1_301' title='bbox 1038 894 1083 927; x_wconf 91' lang='lat' dir='ltr'><em>T.</em></span> <span class='ocrx_word' id='word_1_302' title='bbox 1113 893 1161 926; x_wconf 93' lang='lat' dir='ltr'><em>II.</em></span> <span class='ocrx_word' id='word_1_303' title='bbox 1193 904 1226 938; x_wconf 91' lang='lat' dir='ltr'><em>p.</em></span> <span class='ocrx_word' id='word_1_304' title='bbox 1247 891 1326 929; x_wconf 73' lang='lat'><strong>294.</strong></span> <span class='ocrx_word' id='word_1_305' title='bbox 1361 889 1435 925; x_wconf 81' lang='grc' dir='ltr'><em>ε’στι</em></span> <span class='ocrx_word' id='word_1_306' title='bbox 1462 890 1500 925; x_wconf 77' lang='grc' dir='ltr'><em>δὲ</em></span> 
     </span>
    </p>

    <p class='ocr_par' dir='ltr' id='par_1_17' title="bbox 835 935 1502 982">
     <span class='ocr_line' id='line_1_57' title="bbox 835 935 1502 982; baseline -0.003 -9"><span class='ocrx_word' id='word_1_307' title='bbox 835 936 1276 994; x_wconf 64' lang='lat' dir='ltr'><em>0113,i11quit‚n0}nszvov</em></span> <span class='ocrx_word' id='word_1_308' title='bbox 1292 937 1420 981; x_wconf 77' lang='grc' dir='ltr'><em>λέγειν,</em></span> <span class='ocrx_word' id='word_1_309' title='bbox 1447 935 1502 971; x_wconf 82' lang='grc' dir='ltr'><em>οἷ-</em></span> 
     </span>
    </p>

    <p class='ocr_par' dir='ltr' id='par_1_18' title="bbox 829 980 1502 1395">
     <span class='ocr_line' id='line_1_58' title="bbox 834 980 1500 1041; baseline -0.003 -22"><span class='ocrx_word' id='word_1_310' title='bbox 834 997 913 1029; x_wconf 88' lang='grc' dir='ltr'><em>μαι,</em></span> <span class='ocrx_word' id='word_1_311' title='bbox 943 985 1012 1020; x_wconf 91' lang='grc' dir='ltr'><em>τὸν</em></span> <span class='ocrx_word' id='word_1_312' title='bbox 1036 983 1161 1029; x_wconf 79' lang='grc' dir='ltr'><em>λόγον,</em></span> <span class='ocrx_word' id='word_1_313' title='bbox 1188 980 1232 1019; x_wconf 78' lang='grc' dir='ltr'><em>ὃν</em></span> <span class='ocrx_word' id='word_1_314' title='bbox 1260 982 1298 1018; x_wconf 75' lang='grc' dir='ltr'><em>ἐν</em></span> <span class='ocrx_word' id='word_1_315' title='bbox 1324 984 1500 1041; x_wconf 77' lang='grc' dir='ltr'><em>Πολιτείᾳ</em></span> 
     </span>
     <span class='ocr_line' id='line_1_59' title="bbox 836 1021 1501 1084; baseline -0.003 -19"><span class='ocrx_word' id='word_1_316' title='bbox 836 1030 1040 1084; x_wconf 69' lang='grc' dir='ltr'><em>Σωκράτης</em></span> <span class='ocrx_word' id='word_1_317' title='bbox 1064 1032 1299 1074; x_wconf 85' lang='grc' dir='ltr'><em>παραδίδωσι</em></span> <span class='ocrx_word' id='word_1_318' title='bbox 1321 1029 1406 1073; x_wconf 83' lang='grc' dir='ltr'><em>περὶ</em></span> <span class='ocrx_word' id='word_1_319' title='bbox 1425 1021 1501 1063; x_wconf 79' lang='grc' dir='ltr'><em>τῶν</em></span> 
     </span>
     <span class='ocr_line' id='line_1_60' title="bbox 835 1075 1499 1134; baseline -0.005 -22"><span class='ocrx_word' id='word_1_320' title='bbox 835 1076 872 1133; x_wconf 78' lang='grc' dir='ltr'><em>ἐξ</em></span> <span class='ocrx_word' id='word_1_321' title='bbox 908 1075 1073 1134; x_wconf 87' lang='grc' dir='ltr'><em>ουρανοῦ</em></span> <span class='ocrx_word' id='word_1_322' title='bbox 1110 1077 1318 1111; x_wconf 77' lang='grc' dir='ltr'><em>κατιουσῶν</em></span> <span class='ocrx_word' id='word_1_323' title='bbox 1353 1076 1499 1120; x_wconf 79' lang='grc' dir='ltr'><em>ψυχῶν,</em></span> 
     </span>
     <span class='ocr_line' id='line_1_61' title="bbox 836 1120 1501 1167; baseline -0.005 -9"><span class='ocrx_word' id='word_1_324' title='bbox 836 1120 895 1158; x_wconf 86' lang='grc' dir='ltr'><em>ότι</em></span> <span class='ocrx_word' id='word_1_325' title='bbox 920 1121 995 1167; x_wconf 89' lang='grc' dir='ltr'><em>α’ρα</em></span> <span class='ocrx_word' id='word_1_326' title='bbox 1019 1124 1137 1157; x_wconf 78' lang='grc' dir='ltr'><em>πᾶσαι</em></span> <span class='ocrx_word' id='word_1_327' title='bbox 1159 1135 1199 1156; x_wconf 89' lang='grc' dir='ltr'><em>αι</em></span> <span class='ocrx_word' id='word_1_328' title='bbox 1222 1123 1395 1156; x_wconf 78' lang='grc' dir='ltr'><em>τοιαῦται</em></span> <span class='ocrx_word' id='word_1_329' title='bbox 1417 1125 1501 1162; x_wconf 83' lang='grc' dir='ltr'><em>ταῖς</em></span> 
     </span>
     <span class='ocr_line' id='line_1_62' title="bbox 834 1165 1500 1226; baseline -0.003 -23"><span class='ocrx_word' id='word_1_330' title='bbox 834 1168 1011 1226; x_wconf 85' lang='grc' dir='ltr'><em>δυνάμεσι</em></span> <span class='ocrx_word' id='word_1_331' title='bbox 1025 1167 1280 1223; x_wconf 82' lang='grc' dir='ltr'><em>διαφερόντως</em></span> <span class='ocrx_word' id='word_1_332' title='bbox 1291 1165 1500 1223; x_wconf 76' lang='grc' dir='ltr'><em>ἐπιτρέχου-</em></span> 
     </span>
     <span class='ocr_line' id='line_1_63' title="bbox 833 1213 1499 1272; baseline -0.002 -23"><span class='ocrx_word' id='word_1_333' title='bbox 833 1228 895 1272; x_wconf 93' lang='grc' dir='ltr'><em>ραι</em></span> <span class='ocrx_word' id='word_1_334' title='bbox 907 1217 946 1260; x_wconf 86' lang='grc' dir='ltr'><strong>(Ι.</strong></span> <span class='ocrx_word' id='word_1_335' title='bbox 959 1213 1207 1270; x_wconf 78' lang='grc' dir='ltr'><em>ἐπιτρέχουσι)</em></span> <span class='ocrx_word' id='word_1_336' title='bbox 1221 1227 1282 1248; x_wconf 84' lang='grc' dir='ltr'><em>και</em></span> <span class='ocrx_word' id='word_1_337' title='bbox 1294 1227 1383 1254; x_wconf 86' lang='grc' dir='ltr'><em>τους</em></span> <span class='ocrx_word' id='word_1_338' title='bbox 1396 1213 1499 1270; x_wconf 73' lang='grc' dir='ltr'><em>ἁρχι-</em></span> 
     </span>
     <span class='ocr_line' id='line_1_64' title="bbox 831 1258 1502 1316; baseline -0.001 -21"><span class='ocrx_word' id='word_1_339' title='bbox 831 1260 922 1301; x_wconf 83' lang='grc' dir='ltr'><em>κοὺς</em></span> <span class='ocrx_word' id='word_1_340' title='bbox 940 1262 1046 1307; x_wconf 86' lang='grc' dir='ltr'><em>βίους</em></span> <span class='ocrx_word' id='word_1_341' title='bbox 1067 1261 1129 1295; x_wconf 81' lang='grc' dir='ltr'><em>καὶ</em></span> <span class='ocrx_word' id='word_1_342' title='bbox 1150 1258 1393 1316; x_wconf 80' lang='grc' dir='ltr'><em>ἡγεμονικοὺς</em></span> <span class='ocrx_word' id='word_1_343' title='bbox 1426 1272 1502 1294; x_wconf 85' lang='grc' dir='ltr'><em>επι-</em></span> 
     </span>
     <span class='ocr_line' id='line_1_65' title="bbox 832 1304 1500 1361; baseline -0.001 -20"><span class='ocrx_word' id='word_1_344' title='bbox 832 1306 1018 1342; x_wconf 79' lang='grc' dir='ltr'><em>διώκουσι.</em></span> <span class='ocrx_word' id='word_1_345' title='bbox 1046 1305 1409 1351; x_wconf 77' lang='grc' dir='ltr'><em>συμπεριπολήσασαι</em></span> <span class='ocrx_word' id='word_1_346' title='bbox 1428 1304 1500 1361; x_wconf 78' lang='grc' dir='ltr'><em>γὰρ</em></span> 
     </span>
     <span class='ocr_line' id='line_1_66' title="bbox 829 1351 1501 1395; baseline -0.003 -7"><span class='ocrx_word' id='word_1_347' title='bbox 829 1357 910 1393; x_wconf 87' lang='grc' dir='ltr'><em>τοῖς</em></span> <span class='ocrx_word' id='word_1_348' title='bbox 936 1351 1129 1395; x_wconf 75' lang='grc' dir='ltr'><em>οὐρανίοις</em></span> <span class='ocrx_word' id='word_1_349' title='bbox 1152 1355 1260 1392; x_wconf 78' lang='grc' dir='ltr'><em>θεοῖς</em></span> <span class='ocrx_word' id='word_1_350' title='bbox 1277 1352 1340 1387; x_wconf 85' lang='grc' dir='ltr'><em>καὶ</em></span> <span class='ocrx_word' id='word_1_351' title='bbox 1358 1351 1501 1387; x_wconf 78' lang='grc' dir='ltr'><em>θεασά</em></span> 
     </span>
    </p>

    <p class='ocr_par' dir='ltr' id='par_1_19' title="bbox 829 1396 1501 1546">
     <span class='ocr_line' id='line_1_67' title="bbox 829 1396 1501 1454; baseline 0 -21"><span class='ocrx_word' id='word_1_352' title='bbox 829 1411 938 1443; x_wconf 84' lang='grc' dir='ltr'><em>μεναι</em></span> <span class='ocrx_word' id='word_1_353' title='bbox 971 1399 1040 1438; x_wconf 78' lang='grc' dir='ltr'><em>τὰς</em></span> <span class='ocrx_word' id='word_1_354' title='bbox 1064 1397 1241 1454; x_wconf 84' lang='grc' dir='ltr'><em>δυνάμεις</em></span> <span class='ocrx_word' id='word_1_355' title='bbox 1272 1396 1399 1433; x_wconf 75' lang='grc' dir='ltr'><em>αὐτῶν</em></span> <span class='ocrx_word' id='word_1_356' title='bbox 1431 1397 1501 1438; x_wconf 78' lang='grc' dir='ltr'><em>τὰς</em></span> 
     </span>
     <span class='ocr_line' id='line_1_68' title="bbox 831 1442 1499 1489; baseline -0.001 -10"><span class='ocrx_word' id='word_1_357' title='bbox 831 1444 1056 1489; x_wconf 75' lang='grc' dir='ltr'><em>κρατητικὰς</em></span> <span class='ocrx_word' id='word_1_358' title='bbox 1093 1446 1168 1480; x_wconf 81' lang='grc' dir='ltr'><em>τῶν</em></span> <span class='ocrx_word' id='word_1_359' title='bbox 1201 1442 1299 1480; x_wconf 80' lang='grc' dir='ltr'><em>ὅλων</em></span> <span class='ocrx_word' id='word_1_360' title='bbox 1333 1444 1396 1479; x_wconf 78' lang='grc' dir='ltr'><em>καὶ</em></span> <span class='ocrx_word' id='word_1_361' title='bbox 1429 1443 1499 1485; x_wconf 77' lang='grc' dir='ltr'><em>τὰς</em></span> 
     </span>
     <span class='ocr_line' id='line_1_69' title="bbox 832 1489 1497 1548; baseline -0.002 -23"><span class='ocrx_word' id='word_1_362' title='bbox 832 1492 1031 1547; x_wconf 80' lang='grc' dir='ltr'><em>βασιλείας</em></span> <span class='ocrx_word' id='word_1_363' title='bbox 1044 1489 1111 1531; x_wconf 75' lang='grc' dir='ltr'><em>τας</em></span> <span class='ocrx_word' id='word_1_364' title='bbox 1128 1490 1342 1530; x_wconf 78' lang='grc' dir='ltr'><em>διοικούσας</em></span> <span class='ocrx_word' id='word_1_365' title='bbox 1363 1492 1402 1535; x_wconf 90' lang='grc' dir='ltr'><strong>(Ι.</strong></span> <span class='ocrx_word' id='word_1_366' title='bbox 1401 1492 1497 1548; x_wconf 78' lang='grc' dir='ltr'><em>διη-</em></span> 
     </span>
    </p>

    <p class='ocr_par' dir='ltr' id='par_1_20' title="bbox 832 1533 1497 1593">
     <span class='ocr_line' id='line_1_70' title="bbox 832 1533 1497 1593; baseline -0.002 -21"><span class='ocrx_word' id='word_1_367' title='bbox 832 1536 989 1581; x_wconf 80' lang='grc' dir='ltr'><em>κου’σας)</em></span> <span class='ocrx_word' id='word_1_368' title='bbox 1017 1534 1167 1572; x_wconf 82' lang='grc' dir='ltr'><em>άνωθεν</em></span> <span class='ocrx_word' id='word_1_369' title='bbox 1193 1533 1276 1593; x_wconf 73' lang='grc' dir='ltr'><em>ἄχρι</em></span> <span class='ocrx_word' id='word_1_370' title='bbox 1296 1538 1371 1571; x_wconf 80' lang='grc' dir='ltr'><em>τῶν</em></span> <span class='ocrx_word' id='word_1_371' title='bbox 1393 1534 1497 1581; x_wconf 82' lang='grc' dir='ltr'><em>ε’σχα-</em></span> 
     </span>
    </p>

    <p class='ocr_par' dir='ltr' id='par_1_21' title="bbox 831 1582 1495 1639">
     <span class='ocr_line' id='line_1_71' title="bbox 831 1582 1495 1639; baseline 0 -22"><span class='ocrx_word' id='word_1_372' title='bbox 831 1596 905 1617; x_wconf 91' lang='grc' dir='ltr'><em>των</em></span> <span class='ocrx_word' id='word_1_373' title='bbox 929 1584 992 1618; x_wconf 77' lang='grc' dir='ltr'><em>καὶ</em></span> <span class='ocrx_word' id='word_1_374' title='bbox 1027 1583 1096 1623; x_wconf 81' lang='grc' dir='ltr'><em>τὰς</em></span> <span class='ocrx_word' id='word_1_375' title='bbox 1121 1594 1244 1639; x_wconf 83' lang='grc' dir='ltr'><em>σειρας</em></span> <span class='ocrx_word' id='word_1_376' title='bbox 1270 1582 1338 1623; x_wconf 78' lang='grc' dir='ltr'><em>τὰς</em></span> <span class='ocrx_word' id='word_1_377' title='bbox 1371 1582 1495 1627; x_wconf 75' lang='grc' dir='ltr'><em>ἄνεχο-</em></span> 
     </span>
    </p>

    <p class='ocr_par' dir='ltr' id='par_1_22' title="bbox 829 1627 1497 1812">
     <span class='ocr_line' id='line_1_72' title="bbox 829 1627 1497 1684; baseline 0 -21"><span class='ocrx_word' id='word_1_378' title='bbox 829 1642 944 1676; x_wconf 80' lang='grc' dir='ltr'><em>μενας</em></span> <span class='ocrx_word' id='word_1_379' title='bbox 975 1627 1048 1665; x_wconf 78' lang='grc' dir='ltr'><em>υπ’</em></span> <span class='ocrx_word' id='word_1_380' title='bbox 1083 1627 1210 1663; x_wconf 75' lang='grc' dir='ltr'><em>αὐτων</em></span> <span class='ocrx_word' id='word_1_381' title='bbox 1244 1628 1410 1684; x_wconf 82' lang='grc' dir='ltr'><em>εφίενται</em></span> <span class='ocrx_word' id='word_1_382' title='bbox 1434 1629 1497 1664; x_wconf 81' lang='grc' dir='ltr'><em>καὶ</em></span> 
     </span>
     <span class='ocr_line' id='line_1_73' title="bbox 831 1672 1496 1729; baseline -0.002 -20"><span class='ocrx_word' id='word_1_383' title='bbox 831 1689 945 1710; x_wconf 85' lang='grc' dir='ltr'><em>αυται</em></span> <span class='ocrx_word' id='word_1_384' title='bbox 986 1678 1035 1720; x_wconf 89' lang='lat'><em>(1.</em></span> <span class='ocrx_word' id='word_1_385' title='bbox 1073 1673 1215 1729; x_wconf 73' lang='grc' dir='ltr'><em>αὐταὶ)</em></span> <span class='ocrx_word' id='word_1_386' title='bbox 1255 1676 1321 1719; x_wconf 84' lang='grc' dir='ltr'><em>τῆς</em></span> <span class='ocrx_word' id='word_1_387' title='bbox 1363 1672 1496 1719; x_wconf 79' lang='grc' dir='ltr'><em>ὁμοίας</em></span> 
     </span>
     <span class='ocr_line' id='line_1_74' title="bbox 830 1720 1493 1778; baseline -0.002 -22"><span class='ocrx_word' id='word_1_388' title='bbox 830 1723 926 1778; x_wconf 78' lang='grc' dir='ltr'><em>ζωῆς</em></span> <span class='ocrx_word' id='word_1_389' title='bbox 966 1735 1029 1756; x_wconf 84' lang='grc' dir='ltr'><em>και</em></span> <span class='ocrx_word' id='word_1_390' title='bbox 1070 1720 1270 1777; x_wconf 83' lang='grc' dir='ltr'><em>βούλονται</em></span> <span class='ocrx_word' id='word_1_391' title='bbox 1312 1722 1493 1755; x_wconf 78' lang='grc' dir='ltr'><em>πλείστων</em></span> 
     </span>
     <span class='ocr_line' id='line_1_75' title="bbox 831 1764 1492 1825; baseline 0 -24"><span class='ocrx_word' id='word_1_392' title='bbox 831 1764 955 1824; x_wconf 71' lang='grc' dir='ltr'><em>ἄρχειν</em></span> <span class='ocrx_word' id='word_1_393' title='bbox 978 1769 1041 1802; x_wconf 79' lang='grc' dir='ltr'><em>καὶ</em></span> <span class='ocrx_word' id='word_1_394' title='bbox 1064 1766 1303 1825; x_wconf 78' lang='grc' dir='ltr'><em>ύπερανέχειν</em></span> <span class='ocrx_word' id='word_1_395' title='bbox 1329 1768 1404 1801; x_wconf 78' lang='grc' dir='ltr'><em>τῶν</em></span> <span class='ocrx_word' id='word_1_396' title='bbox 1430 1764 1492 1801; x_wconf 78' lang='grc' dir='ltr'><em>ἄλ-</em></span> 
     </span>
    </p>

    <p class='ocr_par' dir='ltr' id='par_1_23' title="bbox 821 1811 1493 2402">
     <span class='ocr_line' id='line_1_76' title="bbox 828 1811 1493 1858; baseline 0 -11"><span class='ocrx_word' id='word_1_397' title='bbox 828 1816 900 1848; x_wconf 87' lang='grc' dir='ltr'><em>λων</em></span> <span class='ocrx_word' id='word_1_398' title='bbox 925 1811 1160 1857; x_wconf 75' lang='grc' dir='ltr'><em>ανθρώπων,</em></span> <span class='ocrx_word' id='word_1_399' title='bbox 1195 1811 1244 1853; x_wconf 78' lang='grc' dir='ltr'><em>ιὸς</em></span> <span class='ocrx_word' id='word_1_400' title='bbox 1271 1812 1403 1847; x_wconf 78' lang='grc' dir='ltr'><em>ἐκεῖνοι</em></span> <span class='ocrx_word' id='word_1_401' title='bbox 1427 1814 1493 1858; x_wconf 88' lang='grc' dir='ltr'><em>τῆς</em></span> 
     </span>
     <span class='ocr_line' id='line_1_77' title="bbox 827 1859 1491 1917; baseline 0 -24"><span class='ocrx_word' id='word_1_402' title='bbox 827 1859 1021 1915; x_wconf 74' lang='grc' dir='ltr'><em>γενέσεως,</em></span> <span class='ocrx_word' id='word_1_403' title='bbox 1047 1861 1109 1894; x_wconf 74' lang='grc' dir='ltr'><em>καὶ</em></span> <span class='ocrx_word' id='word_1_404' title='bbox 1133 1860 1318 1917; x_wconf 79' lang='grc' dir='ltr'><em>κυβερνᾷν</em></span> <span class='ocrx_word' id='word_1_405' title='bbox 1343 1859 1389 1893; x_wconf 79' lang='grc' dir='ltr'><em>τὰ</em></span> <span class='ocrx_word' id='word_1_406' title='bbox 1415 1861 1491 1894; x_wconf 83' lang='grc' dir='ltr'><em>τῶν</em></span> 
     </span>
     <span class='ocr_line' id='line_1_78' title="bbox 829 1903 1489 1961; baseline -0.002 -20"><span class='ocrx_word' id='word_1_407' title='bbox 829 1903 925 1941; x_wconf 80' lang='grc' dir='ltr'><em>ὅλων</em></span> <span class='ocrx_word' id='word_1_408' title='bbox 951 1907 991 1961; x_wconf 82' lang='lat' dir='ltr'><em>(f.</em></span> <span class='ocrx_word' id='word_1_409' title='bbox 1016 1905 1192 1950; x_wconf 83' lang='grc' dir='ltr'><em>πόλεων),</em></span> <span class='ocrx_word' id='word_1_410' title='bbox 1218 1919 1268 1946; x_wconf 90' lang='grc' dir='ltr'><em>ως</em></span> <span class='ocrx_word' id='word_1_411' title='bbox 1293 1904 1424 1940; x_wconf 79' lang='grc' dir='ltr'><em>ἐκεῖνοι</em></span> <span class='ocrx_word' id='word_1_412' title='bbox 1441 1919 1489 1940; x_wconf 90' lang='grc' dir='ltr'><em>τα</em></span> 
     </span>
     <span class='ocr_line' id='line_1_79' title="bbox 825 1950 1490 2008; baseline 0 -22"><span class='ocrx_word' id='word_1_413' title='bbox 825 1950 1095 2008; x_wconf 81' lang='grc' dir='ltr'><em>καταδεέστερα</em></span> <span class='ocrx_word' id='word_1_414' title='bbox 1119 1951 1256 1986; x_wconf 84' lang='grc' dir='ltr'><em>πάντα</em></span> <span class='ocrx_word' id='word_1_415' title='bbox 1289 1950 1427 1986; x_wconf 85' lang='grc' dir='ltr'><em>τούτου</em></span> <span class='ocrx_word' id='word_1_416' title='bbox 1449 1951 1490 1986; x_wconf 81' lang='grc' dir='ltr'><em>δὲ</em></span> 
     </span>
     <span class='ocr_line' id='line_1_80' title="bbox 827 1996 1490 2054; baseline 0 -22"><span class='ocrx_word' id='word_1_417' title='bbox 827 1996 1046 2054; x_wconf 54' lang='lat' dir='ltr'><em>o’Qeyo‘psvm</em></span> <span class='ocrx_word' id='word_1_418' title='bbox 1080 2001 1164 2038; x_wconf 88' lang='grc' dir='ltr'><em>ταῖς</em></span> <span class='ocrx_word' id='word_1_419' title='bbox 1204 1999 1394 2043; x_wconf 85' lang='grc' dir='ltr'><em>τυραννίσι</em></span> <span class='ocrx_word' id='word_1_420' title='bbox 1426 1998 1490 2033; x_wconf 79' lang='grc' dir='ltr'><em>καὶ</em></span> 
     </span>
     <span class='ocr_line' id='line_1_81' title="bbox 825 2043 1490 2088; baseline 0 -10"><span class='ocrx_word' id='word_1_421' title='bbox 825 2048 907 2085; x_wconf 86' lang='grc' dir='ltr'><em>ταῖς</em></span> <span class='ocrx_word' id='word_1_422' title='bbox 943 2043 1121 2088; x_wconf 86' lang='grc' dir='ltr'><em>δυνάμεσι</em></span> <span class='ocrx_word' id='word_1_423' title='bbox 1154 2044 1216 2078; x_wconf 75' lang='grc' dir='ltr'><em>καὶ</em></span> <span class='ocrx_word' id='word_1_424' title='bbox 1250 2047 1334 2084; x_wconf 88' lang='grc' dir='ltr'><em>ταῖς</em></span> <span class='ocrx_word' id='word_1_425' title='bbox 1366 2048 1490 2087; x_wconf 86' lang='grc' dir='ltr'><em>τιμαῖς</em></span> 
     </span>
     <span class='ocr_line' id='line_1_82' title="bbox 825 2089 1489 2134; baseline 0 -10"><span class='ocrx_word' id='word_1_426' title='bbox 825 2089 1051 2134; x_wconf 79' lang='grc' dir='ltr'><em>ἐπιπηδῶσι,</em></span> <span class='ocrx_word' id='word_1_427' title='bbox 1088 2090 1152 2124; x_wconf 80' lang='grc' dir='ltr'><em>καὶ</em></span> <span class='ocrx_word' id='word_1_428' title='bbox 1185 2090 1224 2124; x_wconf 79' lang='grc' dir='ltr'><em>αἱ</em></span> <span class='ocrx_word' id='word_1_429' title='bbox 1260 2102 1326 2134; x_wconf 75' lang='grc' dir='ltr'><em>μεν</em></span> <span class='ocrx_word' id='word_1_430' title='bbox 1360 2089 1489 2124; x_wconf 81' lang='grc' dir='ltr'><em>αύτων</em></span> 
     </span>
     <span class='ocr_line' id='line_1_83' title="bbox 824 2135 1488 2181; baseline 0 -11"><span class='ocrx_word' id='word_1_431' title='bbox 824 2136 1034 2181; x_wconf 83' lang='grc' dir='ltr'><em>φιλότιμον,</em></span> <span class='ocrx_word' id='word_1_432' title='bbox 1059 2137 1098 2170; x_wconf 78' lang='grc' dir='ltr'><em>αὶ</em></span> <span class='ocrx_word' id='word_1_433' title='bbox 1125 2135 1164 2171; x_wconf 76' lang='grc' dir='ltr'><em>δὲ</em></span> <span class='ocrx_word' id='word_1_434' title='bbox 1188 2135 1412 2179; x_wconf 81' lang='grc' dir='ltr'><em>τυραννικόν</em></span> <span class='ocrx_word' id='word_1_435' title='bbox 1432 2136 1488 2171; x_wconf 79' lang='grc' dir='ltr'><em>αὶ-</em></span> 
     </span>
     <span class='ocr_line' id='line_1_84' title="bbox 824 2183 1488 2228; baseline -0.002 -11"><span class='ocrx_word' id='word_1_436' title='bbox 824 2184 980 2228; x_wconf 85' lang='grc' dir='ltr'><em>ροῦνται</em></span> <span class='ocrx_word' id='word_1_437' title='bbox 1016 2184 1112 2228; x_wconf 88' lang='grc' dir='ltr'><em>βίον.</em></span> <span class='ocrx_word' id='word_1_438' title='bbox 1174 2184 1212 2216; x_wconf 86' lang='lat' dir='ltr'><em>In</em></span> <span class='ocrx_word' id='word_1_439' title='bbox 1236 2183 1376 2217; x_wconf 82' lang='lat' dir='ltr'>eandem</span> <span class='ocrx_word' id='word_1_440' title='bbox 1410 2194 1488 2216; x_wconf 82' lang='lat' dir='ltr'><strong>sen-</strong></span> 
     </span>
     <span class='ocr_line' id='line_1_85' title="bbox 822 2229 1486 2274; baseline 0 -12"><span class='ocrx_word' id='word_1_441' title='bbox 822 2230 962 2262; x_wconf 82' lang='lat' dir='ltr'><strong>tentiam</strong></span> <span class='ocrx_word' id='word_1_442' title='bbox 988 2229 1141 2274; x_wconf 79' lang='lat' dir='ltr'><em>disputat</em></span> <span class='ocrx_word' id='word_1_443' title='bbox 1163 2230 1208 2262; x_wconf 83' lang='lat' dir='ltr'><em>ib.</em></span> <span class='ocrx_word' id='word_1_444' title='bbox 1234 2241 1267 2274; x_wconf 91' lang='lat' dir='ltr'><em>p.</em></span> <span class='ocrx_word' id='word_1_445' title='bbox 1287 2232 1365 2264; x_wconf 73' lang='lat'><strong>240.</strong></span> <span class='ocrx_word' id='word_1_446' title='bbox 1393 2234 1428 2262; x_wconf 86' lang='lat' dir='ltr'><em>et</em></span> <span class='ocrx_word' id='word_1_447' title='bbox 1451 2229 1486 2262; x_wconf 84' lang='lat' dir='ltr'><em>in</em></span> 
     </span>
     <span class='ocr_line' id='line_1_86' title="bbox 823 2275 1486 2320; baseline -0.002 -11"><span class='ocrx_word' id='word_1_448' title='bbox 823 2276 936 2309; x_wconf 83' lang='lat' dir='ltr'><strong>Parm.</strong></span> <span class='ocrx_word' id='word_1_449' title='bbox 961 2275 1102 2310; x_wconf 84' lang='lat' dir='ltr'><strong>T.1111.</strong></span> <span class='ocrx_word' id='word_1_450' title='bbox 1128 2288 1160 2320; x_wconf 92' lang='lat' dir='ltr'><em>p.</em></span> <span class='ocrx_word' id='word_1_451' title='bbox 1183 2277 1238 2310; x_wconf 87' lang='lat'><em>99.</em></span> <span class='ocrx_word' id='word_1_452' title='bbox 1265 2275 1415 2309; x_wconf 80' lang='lat' dir='ltr'><strong>Platonis</strong></span> <span class='ocrx_word' id='word_1_453' title='bbox 1438 2277 1486 2309; x_wconf 84' lang='grc' dir='ltr'><em>Ιο-</em></span> 
     </span>
     <span class='ocr_line' id='line_1_87' title="bbox 824 2321 1487 2367; baseline 0 -12"><span class='ocrx_word' id='word_1_454' title='bbox 824 2333 898 2355; x_wconf 91' lang='lat' dir='ltr'><em>cum</em></span> <span class='ocrx_word' id='word_1_455' title='bbox 932 2321 1033 2354; x_wconf 82' lang='lat' dir='ltr'><strong>etiam</strong></span> <span class='ocrx_word' id='word_1_456' title='bbox 1058 2321 1267 2365; x_wconf 76' lang='lat' dir='ltr'><strong>Porphyrius</strong></span> <span class='ocrx_word' id='word_1_457' title='bbox 1292 2322 1487 2367; x_wconf 78' lang='lat' dir='ltr'><strong>respexisse</strong></span> 
     </span>
     <span class='ocr_line' id='line_1_88' title="bbox 821 2367 1484 2402; baseline 0.003 -2"><span class='ocrx_word' id='word_1_458' title='bbox 821 2367 956 2401; x_wconf 81' lang='lat' dir='ltr'><strong>videtur</strong></span> <span class='ocrx_word' id='word_1_459' title='bbox 989 2368 1032 2400; x_wconf 84' lang='lat' dir='ltr'><em>de</em></span> <span class='ocrx_word' id='word_1_460' title='bbox 1066 2368 1189 2400; x_wconf 82' lang='lat' dir='ltr'><strong>abstin.</strong></span> <span class='ocrx_word' id='word_1_461' title='bbox 1216 2367 1340 2402; x_wconf 87' lang='lat' dir='ltr'><strong>L.111.</strong></span> <span class='ocrx_word' id='word_1_462' title='bbox 1373 2381 1400 2401; x_wconf 95' lang='lat' dir='ltr'><em>c.</em></span> <span class='ocrx_word' id='word_1_463' title='bbox 1428 2370 1484 2402; x_wconf 73' lang='grc'><em>27.</em></span> 
     </span>
    </p>

    <p class='ocr_par' dir='ltr' id='par_1_24' title="bbox 822 2409 1484 2470">
     <span class='ocr_line' id='line_1_89' title="bbox 822 2409 1484 2470; baseline 0 -22"><span class='ocrx_word' id='word_1_464' title='bbox 822 2425 854 2458; x_wconf 91' lang='lat' dir='ltr'><em>p.</em></span> <span class='ocrx_word' id='word_1_465' title='bbox 873 2416 962 2449; x_wconf 67' lang='lat'>290:</span> <span class='ocrx_word' id='word_1_466' title='bbox 996 2409 1117 2456; x_wconf 70' lang='grc' dir='ltr'><em>ὥσπερ</em></span> <span class='ocrx_word' id='word_1_467' title='bbox 1144 2411 1183 2447; x_wconf 83' lang='grc' dir='ltr'><em>δε</em></span> <span class='ocrx_word' id='word_1_468' title='bbox 1209 2410 1248 2446; x_wconf 79' lang='grc' dir='ltr'><em>ἐν</em></span> <span class='ocrx_word' id='word_1_469' title='bbox 1272 2413 1364 2470; x_wconf 89' lang='grc' dir='ltr'><em>βίων</em></span> <span class='ocrx_word' id='word_1_470' title='bbox 1385 2413 1484 2456; x_wconf 75' lang='grc' dir='ltr'><em>αἱρέ-</em></span> 
     </span>
    </p>

    <p class='ocr_par' dir='ltr' id='par_1_25' title="bbox 822 2456 1484 2513">
     <span class='ocr_line' id='line_1_90' title="bbox 822 2456 1484 2513; baseline 0.002 -20"><span class='ocrx_word' id='word_1_471' title='bbox 822 2470 920 2493; x_wconf 84' lang='grc' dir='ltr'><em>σεσιν</em></span> <span class='ocrx_word' id='word_1_472' title='bbox 930 2456 1198 2513; x_wconf 73' lang='grc' dir='ltr'><em>ἀκριβέστερος</em></span> <span class='ocrx_word' id='word_1_473' title='bbox 1218 2458 1347 2503; x_wconf 79' lang='grc' dir='ltr'><em>κριτὴς</em></span> <span class='ocrx_word' id='word_1_474' title='bbox 1365 2457 1384 2494; x_wconf 85' lang='grc' dir='ltr'>ὁ</span> <span class='ocrx_word' id='word_1_475' title='bbox 1406 2463 1484 2494; x_wconf 85' lang='grc' dir='ltr'><em>πεῖ-</em></span> 
     </span>
    </p>

    <p class='ocr_par' dir='ltr' id='par_1_26' title="bbox 821 2503 1483 2549">
     <span class='ocr_line' id='line_1_91' title="bbox 821 2503 1483 2549; baseline 0.005 -11"><span class='ocrx_word' id='word_1_476' title='bbox 821 2518 891 2549; x_wconf 86' lang='grc' dir='ltr'><em>ραν</em></span> <span class='ocrx_word' id='word_1_477' title='bbox 914 2503 1057 2549; x_wconf 77' lang='grc' dir='ltr'><em>α’μφοῑν</em></span> <span class='ocrx_word' id='word_1_478' title='bbox 1084 2504 1245 2549; x_wconf 76' lang='grc' dir='ltr'><em>εἰληφώς</em></span> <span class='ocrx_word' id='word_1_479' title='bbox 1272 2506 1341 2540; x_wconf 84' lang='grc' dir='ltr'><em>τοῦ</em></span> <span class='ocrx_word' id='word_1_480' title='bbox 1369 2504 1483 2541; x_wconf 79' lang='grc' dir='ltr'><em>θατέ-</em></span> 
     </span>
    </p>

    <p class='ocr_par' dir='ltr' id='par_1_27' title="bbox 820 2549 1384 2596">
     <span class='ocr_line' id='line_1_92' title="bbox 820 2549 1384 2596; baseline 0.002 -11"><span class='ocrx_word' id='word_1_481' title='bbox 820 2563 889 2595; x_wconf 89' lang='grc' dir='ltr'><em>ρου</em></span> <span class='ocrx_word' id='word_1_482' title='bbox 913 2549 1161 2595; x_wconf 81' lang='grc' dir='ltr'><em>πειραθέντος</em></span> <span class='ocrx_word' id='word_1_483' title='bbox 1178 2550 1296 2596; x_wconf 83' lang='grc' dir='ltr'><em>μόνου</em></span> <span class='ocrx_word' id='word_1_484' title='bbox 1317 2557 1384 2586; x_wconf 81' lang='lat' dir='ltr'><strong>etc.</strong></span> 
     </span>
    </p>
   </div>
   <div class='ocr_carea' id='block_1_9' title="bbox 865 2617 1360 2664">
    <p class='ocr_par' dir='ltr' id='par_1_28' title="bbox 865 2617 1360 2664">
     <span class='ocr_line' id='line_1_93' title="bbox 865 2617 1360 2664; baseline 0.004 -11"><span class='ocrx_word' id='word_1_485' title='bbox 865 2620 942 2654; x_wconf 76' lang='grc' dir='ltr'><em>τῶν</em></span> <span class='ocrx_word' id='word_1_486' title='bbox 966 2617 1029 2664; x_wconf 81' lang='grc' dir='ltr'><em>δ’]</em></span> <span class='ocrx_word' id='word_1_487' title='bbox 1057 2620 1134 2654; x_wconf 72' lang='grc' dir='ltr'><em>τῶν</em></span> <span class='ocrx_word' id='word_1_488' title='bbox 1158 2618 1198 2655; x_wconf 77' lang='grc' dir='ltr'><em>δὲ</em></span> <span class='ocrx_word' id='word_1_489' title='bbox 1223 2622 1304 2656; x_wconf 85' lang='lat' dir='ltr'><strong>Bas.</strong></span> <span class='ocrx_word' id='word_1_490' title='bbox 1326 2623 1360 2655; x_wconf 92' lang='lat' dir='ltr'><em>b.</em></span> 
     </span>
    </p>
   </div>
   <div class='ocr_carea' id='block_1_10' title="bbox 818 2677 1483 2757">
    <p class='ocr_par' dir='ltr' id='par_1_29' title="bbox 818 2677 1483 2757">
     <span class='ocr_line' id='line_1_94' title="bbox 818 2677 1483 2757; baseline 0.002 -46"><span class='ocrx_word' id='word_1_491' title='bbox 818 2678 934 2757; x_wconf 57' lang='grc' dir='ltr'><em>Ειτῆς</em></span> <span class='ocrx_word' id='word_1_492' title='bbox 967 2677 1057 2722; x_wconf 80' lang='grc' dir='ltr'><em>γῆς]</em></span> <span class='ocrx_word' id='word_1_493' title='bbox 1094 2678 1162 2723; x_wconf 87' lang='grc' dir='ltr'><em>τῆς</em></span> <span class='ocrx_word' id='word_1_494' title='bbox 1203 2688 1267 2713; x_wconf 86' lang='lat' dir='ltr'><em>om.</em></span> <span class='ocrx_word' id='word_1_495' title='bbox 1316 2680 1410 2714; x_wconf 87' lang='lat' dir='ltr'><strong>Mon.</strong></span> <span class='ocrx_word' id='word_1_496' title='bbox 1444 2680 1483 2713; x_wconf 89' lang='lat' dir='ltr'><em>B.</em></span> 
     </span>
     <span class='ocr_line' id='line_1_95' title="bbox 865 2735 984 2757; baseline 0.008 -1"><span class='ocrx_word' id='word_1_497' title='bbox 865 2735 903 2756; x_wconf 80' lang='grc' dir='ltr'><em>οι·</em></span> <span class='ocrx_word' id='word_1_498' title='bbox 975 2749 984 2757; x_wconf 93' lang='grc'><strong>.</strong></span> 
     </span>
    </p>
   </div>
   <div class='ocr_carea' id='block_1_11' title="bbox 818 2775 1482 2873">
    <p class='ocr_par' dir='ltr' id='par_1_30' title="bbox 818 2775 1482 2873">
     <span class='ocr_line' id='line_1_96' title="bbox 866 2775 1482 2826; baseline 0.003 -12"><span class='ocrx_word' id='word_1_499' title='bbox 866 2775 932 2815; x_wconf 75' lang='grc' dir='ltr'><em>ἅτε</em></span> <span class='ocrx_word' id='word_1_500' title='bbox 962 2778 1104 2821; x_wconf 80' lang='grc' dir='ltr'><em>αύτούς</em></span> <span class='ocrx_word' id='word_1_501' title='bbox 1127 2783 1195 2826; x_wconf 87' lang='grc' dir='ltr'><em>τε]</em></span> <span class='ocrx_word' id='word_1_502' title='bbox 1220 2779 1285 2816; x_wconf 78' lang='grc' dir='ltr'><em>ἅτ’</em></span> <span class='ocrx_word' id='word_1_503' title='bbox 1311 2781 1482 2825; x_wconf 81' lang='grc' dir='ltr'><em>εαυτούς,</em></span> 
     </span>
     <span class='ocr_line' id='line_1_97' title="bbox 818 2825 1433 2873; baseline 0.005 -13"><span class='ocrx_word' id='word_1_504' title='bbox 818 2838 893 2872; x_wconf 80' lang='lat' dir='ltr'><strong>sup.</strong></span> <span class='ocrx_word' id='word_1_505' title='bbox 918 2825 1009 2867; x_wconf 83' lang='grc' dir='ltr'><em>τοὺς</em></span> <span class='ocrx_word' id='word_1_506' title='bbox 1032 2840 1134 2873; x_wconf 81' lang='lat' dir='ltr'><strong>super</strong></span> <span class='ocrx_word' id='word_1_507' title='bbox 1159 2840 1243 2871; x_wconf 87' lang='grc' dir='ltr'><em>εαυ,</em></span> <span class='ocrx_word' id='word_1_508' title='bbox 1267 2828 1367 2864; x_wconf 80' lang='lat' dir='ltr'><strong>vind.</strong></span> <span class='ocrx_word' id='word_1_509' title='bbox 1395 2830 1433 2863; x_wconf 79' lang='lat' dir='ltr'><em>F.</em></span> 
     </span>
    </p>
   </div>
  </div>
 </body>
</html>
