1764 3176
506 219 825 264 CIVITAS
866 218 989 262 LIB.
1020 218 1079 260 X.
1109 223 1176 259 602

128 348 226 390 μην.
284 330 413 376 Πάνυ
443 348 510 389 γε.

1423 217 1508 258 219

566 331 616 377 Ὁ
663 333 709 376 δὲ
746 330 930 388 μιμητὴς
969 330 1158 386 πότερον
1203 327 1250 372 ἐκ
1286 330 1369 371 τοῦ
1405 329 1508 383 χρῆ-

129 406 236 446 σθαι
256 441 258 443 .
281 399 522 459 ἐπιστήμην
570 401 654 453 ἕξει
704 396 766 444 ὧν
814 399 869 444 ἂν
916 398 1091 454 γράφῃ,
1138 399 1220 441 εἴτε
1275 394 1388 440 καλοὶ
1435 394 1509 439 καὶ

130 467 244 524 ὀρθὰ
285 470 367 512 εἴτε
416 468 499 525 μὴ,
546 468 576 525 ἦ
628 468 762 522 δόξαν
809 466 953 523 ὀρθήν
1001 466 1073 510 διὰ
1119 465 1168 510 τό
1218 464 1261 518 ἐξ
1316 463 1511 520 ἀνάγκης

130 541 326 580 συνεῖναι
369 541 431 592 τῷ
481 536 615 580 εἰδότι
663 538 738 581 καὶ
783 534 1106 586 ἐπιτάττεσθαι,
1154 531 1225 577 οἷα
1272 531 1353 588 χρὴ
1406 530 1513 587 γρά-

129 619 232 660 φειν
240 622 253 654 3
294 602 529 660 Οὐδέτερα.

608 604 719 649 Οὔτε
757 604 845 659 ἄρα
884 605 1043 648 εἵσεται
1082 599 1183 646 οὔτε
1222 598 1339 655 ὀρθοὶ
1381 598 1515 652 δοξά-

129 683 195 715 σει
240 670 267 716 o‘
304 673 490 729 μιμητής
533 673 633 728 περὶ
680 669 743 718 ὦν
790 672 847 717 ἂν
889 675 1072 729 μιμῆται
1119 669 1232 724 πρὸς
1277 667 1436 719 κάλλος
1483 667 1514 723 ἢ

127 742 356 798 πονηρίαν.
416 740 511 785 Οὐκ
542 741 666 786 ἔοικε.

129 865 222 900 Mon.
249 865 290 899 C.
323 865 459 901 litterae
484 879 514 911 φ
539 871 574 901 et
595 873 626 912 ψ
651 868 790 902 coniun-

130 914 206 945 ctae
236 915 314 946 sunt
345 912 415 952 ita,
438 917 477 946 ut
500 913 654 955 nescias,
678 918 792 948 utrum

127 954 255 1039 γὲθοῖξγέη
280 970 322 992 an
345 956 472 1003 γράψῃ
499 959 569 1004 legi
597 961 710 995 scriba
729 973 794 995 vo-

175 1050 239 1083 καὶ
264 1046 390 1096 ὀρθὰ]
423 1049 487 1084 καὶ
518 1063 583 1086 om.
614 1054 691 1088 Par.
715 1052 793 1087 DK.

129 1106 199 1130 sec.
223 1097 334 1130 Bekk.

178 1138 215 1184 ἐξ
245 1138 434 1187 ἀνάγκης]
459 1140 791 1186 ἐξοῖν.1ιοὶ).ἐξαν.

131 1187 230 1221 Vind
256 1188 326 1221 BF.
355 1190 446 1224 Mon.
460 1190 533 1227 Bc.

179 1230 280 1277 ὄρθα
302 1233 484 1292 δοξάσει]
491 1235 663 1269 Procius⁰
653 1247 688 1268 1n
714 1235 791 1269 Civ.

130 1290 167 1324 p.
183 1280 264 1324 403,
283 1282 348 1315 26:
373 1294 420 1315 τα
446 1280 512 1325 μὲν
530 1281 598 1316 ούν
623 1278 709 1324 γένη
726 1281 793 1324 τῆς

129 1327 325 1381 ποιητικῆς
351 1327 504 1361 τοιᾶσδε
526 1326 592 1361 καὶ
613 1325 716 1369 παρὰ
741 1327 791 1369 τῷ

131 1370 308 1405 Πλάτωνι
331 1373 544 1416 διακρίσεως
560 1371 727 1427 ἠξίωται,
747 1370 790 1407 τὸ

129 1414 496 1521 ἕΞνέΕΞτὲἷὶΞΞῖἰΞῖ,
509 1416 726 1504 Ξῗέσέἷμέζ
730 1431 794 1518 .ξο

129 1509 420 1565 θοδοξαστικὸν,
445 1509 487 1545 τὸ
509 1509 548 1546 δε
571 1524 623 1550 ως
639 1510 703 1544 καὶ
729 1512 796 1565 τῆς

131 1551 255 1600 ὀρθῆς
273 1555 384 1601 δόξης
408 1555 717 1600 ἀπολειπόμενον.
738 1554 794 1590 λέ

131 1613 187 1645 γει
208 1602 302 1657 γοῦν
328 1602 414 1646 περι
439 1604 507 1637 τοῦ
540 1601 695 1646 ἐσχάτου
729 1613 794 1636 σα-

133 1647 234 1703 φῶς,
260 1660 311 1688 ως
339 1647 427 1683 οὔτε
449 1645 524 1705 ἄρα
547 1649 685 1683 εἴσεται
706 1645 793 1683 οὔτε

133 1690 466 1736 ὀρθοδοξοὶσει
486 1692 505 1729 ὁ
529 1693 791 1738 τοιόσδεμιμη-

131 1737 216 1796 τῆς,
253 1738 336 1774 οἷον
368 1739 435 1776 τὸν
464 1739 623 1796 ποιητὴν
655 1742 792 1775 τοῦτον

130 1782 311 1842 ἐλέγομεν,
342 1786 434 1843 περὶ
461 1799 514 1821 ων
552 1783 600 1820 ἂν
638 1788 793 1831 μιμῆται

131 1831 228 1875 πρὸς
250 1830 383 1872 καλλος
411 1828 434 1877 ἢ
456 1832 651 1888 πονηρίαν.
685 1833 730 1866 ib.
757 1845 790 1877 p.

132 1878 221 1916 405
259 1881 322 1935 1Ίὲ
365 1878 429 1912 καὶ
469 1877 618 1922 συνάγει
659 1877 791 1933 λέγων·

132 1921 264 1978 πόρῤω
289 1921 369 1981 ἄρα
394 1925 464 1959 τοῦ
477 1923 667 1981 ἀληθοῦς
693 1922 716 1969 ἡ
735 1936 791 1968 μι-

131 1968 264 2015 μητική
281 1968 368 2013 ἐστι,
391 1970 455 2026 nce).
473 1968 531 2005 ότι
549 1967 568 2005 ὁ
588 1969 684 2004 κατὰ
703 1969 794 2004 ταύ

131 2028 199 2060 την
226 2016 385 2072 μιμητὴς
408 2013 495 2052 οὔτε
523 2014 793 2060 ὅρθοδοξά-

134 2072 207 2097 σει
233 2063 333 2120 περὶ
347 2076 401 2097 ων
433 2060 482 2097 dv
511 2066 674 2107 μιμεῖται
699 2061 795 2106 πρὸς

71 2136 75 2139 .
133 2106 268 2149 κάλλος
308 2105 333 2154 ἢ
375 2110 582 2154 πονηρίαν,
631 2110 794 2153 συλλογί-

134 2154 245 2197 ζεται

136 2212 405 2281 ιοῗῗμέἆῗῖςῆ
430 2198 604 2290 ἔέἴὲἓτὲῗ
615 2202 795 2282 efflmff

134 2292 178 2327 C.
204 2292 305 2326 Vind.
328 2293 371 2326 F.
396 2293 553 2337 (Proclus
577 2306 609 2338 p.
630 2293 726 2338 405.)

134 2385 164 2419 Β
182 2338 404 2420 πονηρίαι]
458 2340 665 2384 πονηρίαν;
719 2340 797 2376 Ald.

167 2396 204 2418 as
240 2397 260 2418 a

183 2428 343 2475 ἕοικε.]’
332 2430 460 2465 εὀικεν.
485 2431 674 2465 Bekkerus.

183 2476 348 2521 Χαρίεις]
360 2475 464 2533 χάρις
481 2478 560 2513 Par.
571 2478 613 2512 K
632 2489 701 2512 sec.
719 2477 797 2522 Bip.

184 2519 224 2556 ἐν
255 2523 300 2602 τΒῇ
326 2521 492 2567 ποιήσει]
537 2525 592 2558 Ita
633 2524 714 2558 Par.
755 2524 798 2558 A.

138 2567 238 2602 Vind.
337 2569 412 2613 (hic
430 2567 576 2613 ποιήσε)
601 2570 676 2604 EF.
703 2570 797 2605 Mon.

136 2615 181 2650 C.
194 2616 280 2649 Ven.
262 2569 366 2650 BBC.
386 2616 472 2660 Ang.
484 2616 525 2651 B.
546 2617 624 2649 Vat.
637 2617 681 2649 H.
701 2616 797 2650 Flor.

137 2661 310 2697 ACRTV.
343 2662 423 2695 Bas.
455 2663 488 2697 b.
520 2666 557 2695 et
589 2674 645 2705 γρ.
680 2674 797 2704 margo

138 2707 259 2751 steph.
286 2707 340 2750 (in
364 2709 541 2764 effmtione
563 2709 641 2741 Fic.
662 2709 699 2741 in
721 2711 800 2752 effi-

136 2754 250 2788 ctione
273 2754 402 2797 Gryn.)
426 2751 465 2788 ἐν
484 2755 529 2799 τῇ
554 2751 700 2797 μιμήσει
717 2755 798 2788 reli-

137 2799 198 2844 qui
222 2799 356 2833 codices
380 2801 429 2843 (h.
455 2812 485 2835 e.
513 2802 590 2834 Par.
610 2800 686 2833 DK.
703 2801 798 2835 Mona

136 2844 179 2880 B.
199 2845 291 2879 Flor.
310 2845 375 2890 U.)
397 2850 433 2879 et
449 2846 525 2880 Ald.
546 2847 625 2879 Bas.
643 2858 664 2880 a
678 2846 798 2890 steph.

140 2891 198 2936 qui
230 2894 342 2926 tamen
369 2895 482 2928 annot.
508 2903 542 2937 p.
567 2894 623 2927 27.
671 2892 800 2934 Malim,

725 743 902 799 Χαρίεις
932 739 989 784 ἂν
1017 739 1083 794 εἴη
1117 736 1142 781 ὁ
1172 737 1219 781 ἐν
1247 740 1302 794 τῇ
1337 735 1513 792 ποιήσει

847 867 971 921 inquit,
995 862 1154 909 ποιήσει,
1179 862 1271 917 quod
1294 861 1439 907 margini
1461 865 1514 895 est

848 914 1071 967 adscriptum.
1107 910 1168 944 Sic
1192 909 1279 942 enim
1304 912 1339 942 et
1362 920 1440 953 pag.
1457 919 1514 942 se-

849 963 993 1014 quente,
1022 955 1045 1001 ἡ
1067 952 1134 990 διὰ
1159 955 1227 1000 τῆς
1247 952 1432 1010 ποιήσεως
1455 967 1511 998 μι-

849 1003 994 1049 μητική.
1019 1011 1055 1037 et
1076 1003 1171 1037 initio
1196 1013 1273 1045 pag.
1295 1001 1384 1042 605,
1412 998 1430 1035 ὁ
1463 999 1509 1045 δὴ

849 1049 1042 1096 μιμητικὸς
1057 1047 1230 1103 ποιητής.
1235 1049 1258 1066 “
1305 1047 1399 1080 Idem
1418 1048 1513 1080 Bek-

849 1100 953 1132 kerus
972 1123 981 1140 ‚
1015 1095 1109 1129 cuins
1140 1096 1174 1128 in
1206 1098 1367 1127 contextu
1401 1091 1440 1126 ἐν
1463 1093 1511 1137 τῇ

849 1141 995 1188 μιμήσει
1024 1141 1168 1185 legitur,
1200 1140 1235 1174 in
1270 1150 1386 1173 comm.
1410 1150 1510 1183 repo-

849 1190 992 1224 nendum
1028 1187 1194 1228 ostendit,
1227 1187 1417 1228 meritoque
1449 1185 1514 1218 ad-

848 1247 970 1270 versus
993 1235 1259 1267 Grossmannum
1279 1228 1318 1264 ἐν
1340 1232 1383 1275 τῇ
1402 1243 1512 1274 μιμη-

851 1292 905 1316 σει
933 1282 1105 1314 tenentem
1135 1279 1242 1312 tuitus
1266 1280 1319 1310 est
1343 1278 1513 1311 Matthiae

850 1328 960 1372 piaef.
994 1326 1037 1359 ad
1062 1325 1178 1358 Alcaei
1210 1324 1334 1367 fragm.
1361 1323 1452 1367 Lips.
1480 1335 1512 1356 a.

853 1376 953 1409 1827
978 1385 1012 1417 p,
1040 1371 1137 1404 VIII.
1195 1370 1311 1403 Etiam
1336 1370 1514 1402 Stallbau-

851 1420 937 1453 mius
970 1415 1119 1474 ποιῄσει
1153 1416 1209 1449 vel
1249 1416 1292 1449 ob
1333 1415 1514 1460 sequentia.

851 1465 935 1509 περὶ
960 1464 1013 1498 ὧν
1039 1475 1086 1497 αν
1103 1474 1192 1507 ποιη
1210 1462 1438 1495 necessarium
1458 1473 1514 1495 es-

851 1524 888 1546 se
911 1511 1020 1552 vidit,
1045 1509 1103 1543 sed
1129 1508 1218 1553 quod
1243 1512 1324 1552 poes
1310 1508 1361 1541 sin
1387 1507 1514 1541 intelli-

850 1558 992 1602 gendam
1017 1567 1094 1589 esse
1112 1560 1228 1599 negat,
1253 1555 1390 1587 fallitur.
1425 1554 1516 1588 Nam

851 1616 952 1649 quum
977 1605 1099 1636 ποιεῖν
1121 1607 1156 1634 et
1179 1598 1336 1644 ποιητὴς
1358 1600 1419 1634 hoc
1442 1600 1516 1633 loco

850 1662 954 1694 saepe
987 1649 1030 1682 de
1066 1647 1248 1680 effectione
1282 1647 1517 1691 essectoreque

850 1696 982 1730 omnino
1004 1695 1170 1734 dicantur,
1184 1692 1332 1735 ποίησις
1351 1704 1517 1737 nusquam

849 1754 915 1775 non
941 1741 983 1775 ad
1007 1739 1156 1773 carmina
1173 1740 1322 1772 lesertnr
1341 1744 1376 1771 et
1394 1750 1426 1782 p.
1436 1740 1515 1774 603

849 1789 890 1823 Β.
916 1789 958 1821 ab
982 1787 1056 1830 ipso
1081 1786 1226 1818 Socrate
1257 1784 1307 1817 ita
1331 1784 1514 1818 definitur.

848 1830 872 1890 ᾔ
906 1831 1003 1867 κατὰ
1041 1828 1110 1874 τήν
1145 1828 1262 1885 οἷκοὴν
1279 1829 1512 1884 (μιμητικὴ),

847 1893 896 1924 ην
921 1877 966 1923 δὴ
993 1878 1142 1921 ποίησιν
1168 1873 1408 1919 ὀνομάζομεν.
1449 1889 1513 1910 nec

849 1926 940 1960 aliud
965 1925 1043 1970 quid
1073 1925 1196 1956 ποιεῖν
1231 1923 1316 1965 περί
1340 1934 1441 1963 τινος
1465 1923 1514 1956 si-

850 1972 992 2017 gnificat
1014 1982 1046 2015 p.
1058 1971 1138 2005 598.
1149 1969 1192 2002 Ε.
1219 1972 1254 2002 et
1278 1971 1356 2004 600.
1374 1970 1417 2002 E.
1444 1971 1515 2003 Ac-

850 2018 942 2052 cedit
965 2017 1074 2063 quod,
1100 2017 1128 2049 si
1150 2015 1216 2049 effe
1219 2015 1363 2048 ctionem
1389 2015 1517 2049 intelli-

850 2076 924 2108 gas,
944 2065 1122 2097 Socratem
1139 2068 1199 2095 aut
1216 2061 1309 2094 inani
1326 2062 1515 2105 tautologia

851 2114 1000 2144 utentem
1022 2114 1083 2142 aut
1103 2107 1249 2141 cessanti
1269 2108 1311 2140 ab
1330 2108 1514 2141 effectione

853 2158 903 2200 (h.
916 2168 946 2189 e.
957 2156 1001 2189 ab
1014 2154 1214 2196 imitatione,
1226 2165 1303 2186 nam
1324 2154 1413 2198 quod
1433 2166 1514 2198 pro-

850 2203 926 2247 prie
935 2213 1058 2235 ποιειν
1071 2201 1105 2233 in
1115 2201 1179 2233 hac
1188 2201 1418 2244 disputatione
1428 2201 1514 2234 dici-

851 2252 919 2289 tur,
943 2248 977 2281 id
1001 2247 1139 2280 omnino
1158 2246 1336 2279 imitatoris
1358 2258 1424 2279 non
1444 2247 1512 2291 est)

851 2294 1017 2328 imitatori
1046 2291 1238 2336 sapientiae
1269 2291 1395 2336 aliquid
1431 2304 1513 2326 con-

851 2341 1026 2374 cedentem
1046 2338 1152 2372 sacias
1177 2344 1212 2371 et
1235 2337 1377 2381 proinde
1395 2337 1514 2373 iisdem

852 2391 888 2420 te
912 2385 1170 2419 difficuitatibus
1197 2384 1364 2428 implices,
1390 2385 1513 2429 quibus

852 2432 954 2466 lectio
981 2430 1217 2474 Stephaniana
1250 2430 1404 2470 laborat,
1430 2443 1517 2474 quas

854 2477 1168 2512 Schleiermachero
1201 2475 1304 2509 miror
1334 2476 1517 2511 offensioni

851 2537 918 2558 non
930 2524 1051 2564 fuisse,
1071 2533 1174 2566 quum
1197 2521 1385 2556 scriberet:
1414 2524 1518 2567 Tres-

852 2572 921 2604 lich
948 2572 1020 2603 also
1045 2571 1089 2602 ist
1115 2569 1176 2601 der
1200 2569 1236 2601 in
1260 2569 1322 2602 der
1348 2570 1517 2603 Nachbil-

853 2618 953 2661 dung·
984 2616 1171 2658 begrvffeue
1208 2615 1448 2649 Nachbildncr
1481 2617 1517 2649 in

854 2664 915 2697 der
926 2662 1050 2696 [funde
1068 2673 1132 2694 von
1146 2662 1222 2694 clem
1241 2674 1312 2694 was·
1325 2674 1362 2695 er
1372 2663 1487 2696 mat-ht
1499 2662 1518 2695 ?

853 2709 978 2752 Itaque
1011 2707 1053 2740 de
1086 2708 1179 2751 poesi
1215 2708 1306 2752 loqui
1338 2709 1516 2742 Socratem

854 2758 1042 2788 statuamus
1062 2758 1098 2787 et
1120 2754 1399 2798 quemadmodum
1418 2756 1517 2798 paul-

853 2800 886 2834 lo
912 2803 991 2833 ante
1014 2801 1182 2834 imitatorz
1197 2799 1373 2833 scientiam
1390 2812 1515 2841 eorum,

855 2858 943 2891 quae
963 2847 1111 2890 pingat,
1145 2850 1326 2890 negantem
1351 2849 1387 2879 et
1410 2846 1516 2879 nomi-

855 2892 888 2926 ni
922 2892 1059 2937 generis
1095 2893 1236 2927 verbum
1269 2891 1394 2938 speciei
1436 2903 1514 2937 pro-
