1764 3176
520 710 763 752 ΛΟΓΟΣ
815 709 1119 749 ΕΝΑΤΟΣ.

61 819 291 885 502Αὐτός
320 834 374 890 δὴ
410 832 586 886 λοιπὸς,
614 828 670 890 ἦν
701 832 746 876 δ’
778 831 883 888 ἐγώ,
919 830 942 874 ὁ
972 828 1234 885 τυραννικὸς
1264 827 1376 886 ἀνὴρ
1409 829 1507 872 σκὲ-
1535 840 1598 874 571

129 908 319 955 ψασθαι,
351 906 443 954 πῶς
479 918 523 946 τε
553 903 808 958 μεθίσταται
846 899 892 943 ἐκ
923 902 1248 954 δημοκρατικοῦ
1278 895 1513 953 γενόμενός

80 989 82 991 ·
129 988 174 1016 τε
202 970 329 1022 ποῖός
357 973 421 1022 τίς
449 971 537 1014 ἐστι
566 971 640 1014 καὶ
669 972 768 1012 τίνα
797 968 965 1022 τρόπον
997 972 1068 1024 ζῃ,
1101 967 1284 1018 ἄθλιον,
1319 965 1348 1022 ἢ
1378 983 1512 1021 μακα-

113 1054 245 1092 pauv-
304 1039 473 1091 Λοιπὸς
500 1039 585 1096 γάρ
622 1034 704 1083 οὖν
734 1039 794 1081 ἔτι
828 1039 975 1088 οὗτος,
1009 1036 1105 1092 ἔφη.
1159 1032 1291 1078 Οἶσθ’
1320 1030 1426 1086 οὖν,
1456 1037 1513 1090 ἠν

132 1105 176 1151 δ’
218 1106 326 1163 ἐγώ,
367 1107 393 1152 ὃ
432 1112 560 1152 ποθῶ
600 1107 682 1158 ε’τις
729 1108 787 1150 Τὸ
829 1111 982 1154 ποῖονς
1035 1105 1094 1146 Τὸ
1124 1107 1212 1146 τῶν
1249 1103 1512 1158 ἐπιθυμιῶν,

133 1173 224 1219 οἷαί
258 1192 303 1220 τε
333 1170 537 1236 καὶὸσαι
567 1176 696 1228 εἰσὶν,
731 1175 787 1219 οὔ
816 1192 892 1229 μοι
923 1176 1142 1228 δοκοῦμεν
1174 1174 1334 1222 ἷκανῶς
1365 1174 1511 1228 διῃρῆ-

133 1250 252 1288 σθαι.

134 1312 304 1371 ζήτησις
342 1311 401 1357 οὗ
430 1316 650 1371 ζητοῦμεν.

180 1471 384 1514 Πλάτωνος
399 1473 608 1517 πολιτειων,
622 1471 690 1508 .Θ’.
711 1473 798 1507 Lob.

135 1517 339 1560 Πλάτωνος
371 1520 569 1554 πολιτειῶν
603 1517 712 1563 λόγος
743 1516 799 1552 ε’ν·

134 1577 248 1606 νατος
270 1567 362 1600 Flor.
388 1567 462 1600 Ac.
505 1563 708 1605 Πλάτωνος
732 1576 799 1598 πο-

137 1613 268 1646 λιτεῖαι
289 1607 313 1656 ἢ
338 1612 423 1656 περὶ
447 1612 604 1647 δικαίου.
633 1611 674 1646 Θ.
703 1611 799 1645 Flor

134 1659 179 1692 V.
211 1656 404 1698 πλάτωνος
434 1659 650 1701 πολιτειῶν,
687 1654 799 1700 ἐνάτη

136 1703 177 1747 (a
199 1715 243 1737 m.
266 1715 293 1738 s.
320 1701 491 1758 ἒννοὶτη).·
515 1705 607 1739 Μοη.
631 1684 672 1738 Β.
696 1705 800 1736 πολι-

136 1749 247 1784 τειῶν
291 1747 399 1794 λόγος
443 1749 572 1789 ἔνατος
617 1750 717 1784 Vind.
758 1750 799 1783 Β.

139 1807 336 1846 Πολιτείας
371 1804 413 1841 Θ’
437 1807 539 1840 Vind.
564 1807 604 1840 F.
635 1800 672 1840 Θ
698 1806 801 1841 Vind.

139 1854 183 1887 Ε.
209 1851 413 1893 Πλάτωνος
435 1853 644 1895 πολιτειῶν,
668 1849 692 1896 ἢ
715 1851 802 1895 περὶ

136 1898 287 1933 δικαίου
311 1897 419 1943 λόγος
452 1897 581 1938 ἔνατος
612 1899 687 1933 Ald.
718 1900 800 1931 Bas.

138 1947 194 1980 ab.
219 1945 520 1980 ΠΟΛΙΤΕΙΩΝ
540 1944 805 1979 ΔΙΑΛΟΓΟΣ

138 1989 279 2031 ἔνατος.
320 1992 442 2037 steph.
479 1991 523 2026 Θ.
555 1991 734 2025 Bekkerus
768 1995 804 2024 et

137 2038 258 2072 Staub.
282 2049 337 2082 pr.

71 2096 136 2130 571
184 2080 335 2127 Αὐτὸς]
365 2081 458 2122 υτός
492 2083 592 2118 Vind.
617 2083 658 2117 E.
689 2076 802 2121 οὗτος

141 2130 234 2164 Flor.
259 2130 303 2164 T.
331 2142 395 2164 om.
420 2130 495 2163 Fic‚

188 2173 330 2219 λοιπὸς]
355 2172 487 2211 λοιπὸν
501 2175 587 2210 Lob.
607 2175 707 2209 Vind.
726 2175 802 2209 EF.

142 2223 257 2278 Aug.
252 2223 294 2255 Β.
318 2224 396 2257 Vat.
420 2223 469 2256 M.
497 2223 588 2256 Flor.
613 2222 657 2255 R

189 2266 288 2311 ανὴρ
313 2267 537 2312 σκέψασθαι,
548 2269 561 2312 ]
587 2264 696 2311 ἀνὴρ,
723 2265 800 2301 σκέ-

141 2315 292 2357 ψασθαι
316 2315 436 2360 Steph.
461 2317 535 2348 Ast.
560 2326 612 2359 pr.
634 2314 743 2347 Bekk.
765 2310 802 2350 οἱ.

143 2358 334 2403 σκέψασθε
357 2361 443 2396 Lob.
469 2362 550 2394 Vat.
573 2360 623 2394 M.

141 2404 407 2486 ΒΒΞενόμενός]
449 2404 559 2451 γένος
595 2406 681 2440 Lob.
722 2407 800 2441 vat.

189 2498 258 2555 τίς]
285 2499 345 2532 int.
368 2509 462 2534 vers.
490 2498 588 2534 Vind.
614 2499 656 2533 Β.

192 2541 348 2588 ἄθλιον,
372 2541 395 2589 ἢ
420 2542 629 2590 μακάριον]
662 2557 698 2589 μ..
718 2541 742 2589 ἢ
767 2540 804 2579 ἆ.

144 2591 240 2625 Flor.
264 2592 310 2625 T.

190 2636 350 2696 Δοιπὸς]
374 2636 507 2673 λοιπὸν
530 2638 616 2673 Lob.
635 2639 715 2672 Vat.
732 2639 783 2673 Μ

192 2681 272 2718 οἷαί
305 2695 346 2718 τε
375 2683 440 2718 καὶ
471 2682 557 2720 ὅσαι
588 2684 701 2730 εἰσὶν]
727 2691 807 2731 quot

144 2732 214 2765 sint
237 2735 273 2764 et
294 2732 416 2775 quales
437 2731 509 2766 Fic.

192 2771 240 2811 οὗ
264 2779 342 2822 μοι]
366 2778 517 2811 nondum
540 2777 615 2813 Fic.

191 2823 388 2868 δοκοῦμεν]
414 2823 514 2858 δοκῶ
537 2824 616 2858 Par.
640 2824 684 2858 K.

311 1243 475 1289 τούτου
514 1243 568 1300 δὴ
607 1244 765 1295 ἐνδεῶς
802 1243 976 1298 ἔχοντος
1015 1240 1289 1294 ἀσαφεστέρα
1319 1241 1436 1284 ἔσται
1482 1239 1507 1297 ἦ
1540 1243 1575 1283 Β

716 1311 916 1360 Οὐκοῦν,
955 1306 982 1367 ἦ
1014 1308 1059 1354 δ’
1092 1308 1165 1362 ὃς,
1205 1309 1266 1353 ἔτι
1294 1309 1342 1353 ἐν
1371 1313 1513 1368 καλῷς

902 1470 974 1516 δὴ]
1010 1471 1066 1506 Ita
1105 1471 1184 1504 Par.
1210 1471 1252 1505 A.
1285 1470 1371 1504 Lob.
1414 1469 1516 1504 Vind.

855 1519 958 1552 BEF.
993 1519 1070 1551 Vat.
1104 1517 1179 1552 BH.
1211 1517 1297 1550 Ven.
1322 1516 1396 1550 BC.
1428 1518 1516 1560 Ang.

856 1567 896 1598 B.
922 1565 1016 1598 Flor.
1042 1564 1180 1598 ACRV.
1207 1575 1247 1596 ac
1274 1564 1356 1606 (nisi
1380 1563 1417 1596 id
1439 1575 1519 1595 con—

856 1611 941 1654 stet)
968 1611 1038 1643 Fic.
1073 1609 1113 1643 δὲ
1139 1609 1222 1653 reliq
1226 1609 1259 1642 ui
1284 1608 1418 1642 codices
1443 1620 1520 1642 cum

857 1656 970 1691 editis.
1014 1656 1070 1690 Cf.
1079 1655 1168 1744 p,Vol
1192 1622 1222 1688 lq
1251 1666 1285 1700 p.
1316 1656 1404 1693 152,
1426 1666 1457 1688 3.
1484 1655 1518 1687 b.

857 1707 893 1736 et
917 1703 957 1737 L.
985 1702 1046 1736 VI.
1101 1703 1211 1736 ,485.
1234 1701 1285 1734 D.
1323 1697 1421 1733 Ἀλλα
1446 1694 1521 1743 μὴν

857 1745 931 1794 ὅτῳ
963 1759 1002 1791 γε
1036 1747 1088 1786 εἰς
1120 1745 1159 1781 ἕν
1191 1758 1227 1780 τι
1259 1758 1299 1779 αι
1324 1743 1520 1789 ἐπιθυμίαι

858 1784 1008 1849 σφόδρα
1052 1791 1251 1844 ῥέπουσιν,
1298 1792 1402 1835 ἴσμεν
1444 1803 1520 1825 που

858 1837 918 1874 ὅτι
943 1840 995 1879 εἰς
1017 1841 1134 1874 τᾶλλα
1157 1850 1278 1884 τουτῳ
1303 1836 1519 1872 ασθενέστε-

859 1899 940 1930 ραι,
974 1881 1096 1930 ὥσπερ
1128 1884 1248 1930 ῥεῦμα
1281 1881 1393 1918 ἐκεῖσε
1419 1881 1520 1917 α’πω-

856 1931 1085 1987 χετευμένον.
1137 1932 1183 1966 Τί
1222 1928 1320 1974 μήν,·
1358 1925 1416 1964 Ωι
1461 1928 1520 1985 δὴ

856 1977 953 2022 πρὸς
976 1976 1023 2012 πὶ
1056 1976 1264 2032 μαθήματα
1289 1976 1351 2010 καὶ
1375 1977 1453 2010 πᾶν
1477 1973 1521 2010 τὸ

858 2025 1033 2059 τοιοῦτον
1075 2022 1294 2074 ε’ρῤυήκασι,
1327 2022 1411 2065 περὶ
1452 2021 1522 2078 τὴν

858 2072 926 2115 τῆς
956 2072 1100 2128 ψυχῆς,
1127 2075 1252 2126 οἱμαι,
1271 2066 1431 2124 ἡδονὴν
1455 2065 1521 2102 av'-

859 2118 927 2161 τῆς
962 2115 1056 2152 καθ’
1093 2114 1215 2161 αυτὴν
1252 2118 1323 2149 εἰεν
1359 2111 1420 2148 ἄν.
1456 2126 1523 2159 quo

859 2164 933 2197 loco
959 2169 1090 2198 tantum
1119 2175 1185 2197 non
1209 2173 1340 2201 omneS‚
1375 2161 1434 2205 qui
1457 2160 1524 2200 hic,

860 2210 900 2244 δὲ
925 2211 1108 2251 exhibent,
1141 2209 1231 2254 quod
1267 2207 1444 2241 Bekkerus
1477 2206 1524 2240 ibi

859 2269 925 2292 non
949 2256 1118 2290 dubitavit
1148 2256 1182 2289 in
1212 2255 1356 2289 alterum
1382 2257 1523 2287 mutare.

906 2323 1165 2370 ἀσαφεστέρα]
1231 2320 1255 2357 ἃ
1311 2321 1520 2368 σαφεστέρα
1549 2324 1585 2366 Β

858 2372 959 2409 Vind.
984 2373 1024 2405 F.

907 2428 1067 2474 ζήτησις]
1094 2426 1230 2472 ζήτισις
1253 2428 1347 2463 Mon.
1364 2427 1405 2462 B.

861 2485 1009 2568 νδ’,ἷτιέῐ
1020 2483 1074 2520 ἔτ’
1106 2485 1206 2520 Vind.
1231 2486 1339 2520 BEF.
1371 2487 1457 2530 Ang.
1481 2486 1521 2520 B.

911 2591 951 2627 ἐν
977 2592 1092 2637 καλῷ]
1123 2589 1260 2624 §makes
1286 2590 1360 2624 Ald.
1387 2588 1526 2634 ἐγκαλῶ

865 2639 950 2674 Lob.
987 2639 1088 2672 vind.
1122 2638 1176 2671 F.
1210 2637 1291 2672 Par.
1334 2636 1411 2670 ΒΚ.
1458 2647 1526 2669 sec.

864 2686 973 2720 Bekk.
1011 2685 1089 2719 Vat.
1122 2683 1173 2718 M.
1204 2685 1286 2718 Bas.
1318 2683 1373 2716 ab.
1419 2682 1458 2715 In
1483 2693 1526 2714 m.

865 2733 958 2767 Flor.
1002 2732 1043 2765 R.
1079 2727 1118 2764 ἐν
1151 2730 1269 2773 καιρῶ
1306 2727 1526 2772 adscriptum.

865 2778 927 2823 sig
929 2789 1007 2812 num
1029 2775 1262 2821 interrogandi
1287 2776 1329 2809 ab
1351 2773 1428 2808 Ald.
1445 2774 1525 2807 Bas.

866 2791 927 2860 abg
946 2824 1067 2870 Steph.
1093 2824 1167 2858 Ast.
1188 2833 1261 2857 sec.
1285 2821 1394 2857 abest.
