1764 3176
671 139 763 189 Pag.
804 139 1050 181 150-184,
1561 142 1614 184 47

111 248 355 300 Pag.170‚a,
383 252 480 288 inter
510 264 545 290 v,
580 253 630 290 16
672 256 709 288 et
741 252 790 290 15
830 264 851 288 a
884 251 908 288 f.
954 254 1113 290 inseras:
1161 252 1338 305 γένηται)
1368 276 1421 281 *-
1442 271 1466 306 η
1500 279 1546 283 -—
1579 259 1614 294 in

383 308 493 345 litura
522 306 607 344 Par.
635 308 678 344 A.
713 306 785 347 Dii.

110 360 353 413 Pag.172‚b‚
380 366 406 403 7
441 365 580 402 addas:
619 363 679 400 Cf.
717 362 813 413 Leg.
850 362 896 400 L.
938 364 1019 404 Vll.
1064 379 1099 415 p.
1138 367 1232 407 809.
1272 366 1326 404 B:
1368 366 1454 407 τίνα
1487 366 1614 409 τύπον

389 419 527 471 ἔχοντα
563 418 740 459 ἐκλεκτέα
791 419 831 459 τέ
878 419 958 459 ε’στι
998 420 1065 460 καὶ
1115 421 1411 475 ἐπανορθωτέα.
1463 426 1614 477 Sisyph.

383 491 420 527 p.
452 477 547 518 390.
579 476 629 513 C:
657 469 754 528 ὅπερ
790 472 990 528 ἐπιστήμη
1016 493 1055 517 τε
1090 477 1156 517 καὶ
1189 479 1343 519 εἰκασία
1369 481 1434 522 καὶ
1462 484 1614 534 σχεδια-

384 529 494 583 σμός.
554 532 726 582 Thucyd,
756 531 802 571 L.
835 533 860 574 l.
894 547 924 571 c.
955 534 1023 583 36,
1057 536 1097 575 1:
1131 535 1350 577 οἰκειοῦταί
1378 554 1418 578 τε
1446 540 1514 578 καὶ
1542 556 1614 580 πο-

382 589 582 640 λεμοῦται.

381 648 407 686 8
435 658 520 696 sqq.
553 646 600 682 de
620 645 824 683 Matthiaeo
857 647 966 682 dictis
991 647 1128 684 addas:
1158 648 1202 685 In
1224 651 1334 688 tertia
1354 653 1412 688 ed.
1434 666 1471 702 p.
1492 650 1612 691 1471.

407 702 477 740 hoc
505 702 586 739 loco
604 703 715 739 tacite
740 704 877 740 omisso
907 703 1016 740 alium
1047 704 1239 743 substituit
1265 706 1459 748 Phaedon.
1485 723 1522 759 p.
1546 710 1612 749 80.

410 758 457 796 Ι).
489 759 548 797 Τυ
581 760 755 796 conferas
783 759 999 796 Thierschii
1030 760 1195 801 Gramm.
1238 761 1272 814 ξ.
1301 764 1395 804 312.
1425 767 1463 805 8.

106 813 309 865 pag-174,
322 815 358 862 b,
381 816 433 854 16
460 820 548 866 post
575 828 653 851 cum
683 816 849 853 inseras:
876 816 960 856 Par.
985 815 1029 852 A.
1060 816 1132 854 Dii.
1169 818 1254 855 item
1285 833 1323 869 p.
1355 822 1456 870 175,
1486 835 1527 869 a,
1560 820 1614 863 24

378 877 467 922 post
496 871 740 924 Διομηδεία,
779 874 880 923 quod
920 873 1040 923 ipsum
1082 886 1179 911 nunc
1216 875 1303 912 mihi
1343 878 1611 928 recipiendum,

379 927 600 980 Διομήδεια
629 941 717 966 vero
742 930 842 980 apud
881 930 1170 981 Aristophanem
1201 945 1275 968 non
1316 934 1362 970 ad
1391 934 1612 983 analogiam,

380 999 491 1035 quam
521 986 557 1023 in
590 985 832 1023 adnotatione
861 986 1072 1035 sequebar,
1110 988 1177 1024 sed
1214 987 1364 1027 licentia
1397 990 1532 1028 factum
1560 993 1612 1026 vi-

380 1044 489 1086 detur
525 1042 634 1080 simili
668 1041 889 1080 Pindaricae
930 1043 966 1079 in
1000 1041 1179 1083 Κύκνεια
1219 1043 1327 1096 μα’χα
1365 1047 1513 1098 Olymp.
1547 1048 1612 1088 Xl.

380 1100 447 1147 15,
476 1100 526 1138 de,
555 1112 629 1148 quo
658 1112 690 1133 v.
719 1099 920 1136 Hermauni
961 1097 1016 1136 De
1057 1101 1217 1137 dialecto
1249 1102 1398 1140 Pindari
1432 1105 1611 1141 observa-

378 1156 500 1193 tiones
528 1169 563 1207 p,
595 1154 640 1194 X.
684 1156 796 1200 Quod
829 1157 859 1192 si
896 1155 943 1192 ad
984 1155 1222 1194 Aeolensimn
1249 1159 1446 1198 dialectum
1480 1162 1611 1198 referri

376 1216 526 1264 potest,
563 1207 764 1263 Ἑκτόρεια
794 1210 875 1263 χεὶρ
904 1211 1019 1248 Rhesi
1066 1226 1098 1252 v,
1132 1215 1224 1255 762.
1258 1215 1368 1253 talem
1401 1219 1611 1254 excusatio-

377 1282 462 1306 nem
487 1281 562 1306 non
590 1268 723 1317 habet,
757 1281 880 1318 neque
920 1265 1194 1309 Πολυδεύκεια
1230 1270 1312 1324 χεὶρ
1351 1279 1413 1310 aut
1449 1270 1610 1326 Ἀγαμε-

377 1321 542 1377 μνόνεια
571 1324 618 1362 ab
645 1324 872 1374 Etymologo
902 1326 1031 1363 nescio
1062 1327 1160 1364 unde
1195 1328 1351 1377 prolata.
1411 1330 1487 1368 Sed
1519 1331 1612 1368 haec

378 1382 529 1433 poe'tica
569 1386 655 1418 sunt
690 1394 810 1431 neque
851 1380 1039 1419 sufficiunt
1077 1383 1125 1419 ad
1161 1385 1340 1422 tuendum
1379 1388 1413 1423 in
1454 1386 1612 1424 Platone

376 1435 610 1489 Διομήδεια,
641 1438 778 1476 nedum
808 1438 856 1475 ad
885 1437 1145 1488 expellendum
1166 1441 1353 1490 vulgatum
1375 1440 1613 1495 Ἡρακλείαν

379 1495 499 1534 λίθον
547 1494 626 1531 Ion.
676 1508 712 1544 p.
746 1493 839 1534 533.
867 1493 915 1530 D.
966 1507 1009 1532 ex
1047 1509 1121 1545 quo
1163 1497 1360 1536 Bekkerus
1405 1501 1610 1538 secundum

377 1555 553 1602 quattuor
578 1551 726 1588 codices
749 1563 824 1587 non
855 1551 1018 1600 optimos
1050 1553 1139 1589 fecit
1162 1550 1408 1606 Ἡράκλειαν.

101 1608 349 1661 Pag.175‚b‚
371 1610 422 1648 19
451 1611 541 1659 post
570 1606 610 1646 δέ
641 1612 745 1700 yeDet
775 1621 813 1657 p.
844 1608 937 1655 176,
964 1620 1008 1657 a,
1039 1610 1062 1648 6
1094 1621 1116 1645 a
1143 1610 1166 1647 f.
1199 1616 1288 1660 post
1318 1607 1482 1665 ἀνδρεία
1511 1615 1610 1652 inse-

378 1677 459 1702 ras:
487 1663 572 1702 Par.
609 1664 653 1704 A.
725 1666 757 1700 ii.

101 1721 349 1772 Pag,176,b‚
373 1722 421 1761 12
454 1726 540 1770 post
567 1718 831 1757 Stallbamniecs
871 1721 1036 1757 inseras:
1074 1725 1111 1758 et
1145 1722 1307 1762 Haasius
1345 1726 1380 1762 in
1411 1727 1532 1764 indice
1561 1729 1608 1764 ad

376 1777 548 1827 Xenoph.
583 1776 638 1814 De
666 1790 745 1826 rep.
774 1774 866 1814 Lac.
896 1778 931 1813 in
964 1773 1101 1824 εὐθύς.

376 1835 402 1873 8
428 1847 448 1870 a
479 1834 504 1869 f.
531 1834 671 1870 addas:
705 1832 766 1870 Cf.
800 1831 971 1872 ὁτουοῦν
995 1839 1032 1871 et
1048 1830 1155 1881 τινός
1184 1834 1230 1876 L.
1254 1836 1352 1875 VIII.
1371 1851 1407 1888 p.
1427 1839 1519 1880 551,
1538 1840 1582 1881 C,

99 1889 344 1940 Pag.177‚b,
372 1890 398 1929 3
429 1894 517 1940 post
547 1890 636 1927 alibi
659 1890 821 1927 inseras:
852 1890 951 1927 velut
979 1889 1027 1929 L.
1058 1891 1104 1928 X.
1131 1905 1167 1942 p.
1200 1893 1292 1934 598.
1320 1894 1363 1934 C.
1396 1896 1489 1936 621.
1515 1896 1560 1933 C.

377 1948 426 1986 11
450 1946 589 1983 addas:
608 1946 667 1983 Cf.
689 1946 872 1997 Hippocr.
903 1947 950 1985 de
980 1947 1057 1985 aer.
1088 1946 1137 1988 T.
1154 1947 1182 1985 Ι.
1213 1962 1250 1999 p·
1273 1950 1368 1998 527,
1401 1953 1464 1992 10.
1483 1952 1608 1992 Kiihn.

373 1999 518 2043 ὁκόταν
547 1999 594 2041 τὰ
624 1999 872 2053 πεντήκοντα
902 2002 987 2044 ἔτεα
1014 2000 1304 2056 ὑπερβάλλωσι.

98 2053 343 2111 Pag.l78,a‚
368 2061 394 2100 9
422 2064 511 2110 post
545 2058 733 2112 ἐξαίρειν)
763 2060 931 2097 inseras:
974 2060 1143 2113 ἐξαιρεῖν
1181 2061 1266 2102 Par.
1305 2062 1348 2101 A.
1377 2064 1451 2101 Dii.
1490 2066 1543 2117 (h.
1575 2080 1607 2106 e.

372 2115 558 2168 ἐξαρεῖν).
993 2160 995 2167 ¹

318 2174 356 2222 b,
372 2174 468 2210 inter
498 2185 534 2209 v·
571 2173 594 2211 5
626 2177 663 2209 et
699 2174 723 2212 6
758 2173 921 2210 inseras:
964 2171 1282 2226 ἐμπιπλάμενον)
1323 2190 1406 2214 cum
1435 2194 1463 2230 μ,
1505 2192 1526 2218 a
1557 2194 1604 2219 m.

373 2233 446 2266 vet.
478 2242 591 2279 super
618 2244 693 2268 πιπ
724 2229 807 2267 Par.
843 2230 888 2267 A.
920 2229 996 2267 Dii.

347 2287 397 2324 11
428 2297 450 2322 a
489 2286 515 2322 f.
553 2286 691 2322 addas:
733 2301 746 2325 ι
788 2286 822 2322 in
871 2282 1129 2326 δουλεύσαντι
1170 2289 1206 2324 in
1250 2288 1334 2330 Par.
1376 2290 1419 2327 A.
1457 2291 1529 2333 Dii,
1571 2294 1605 2330 in

373 2340 485 2378 litura
514 2342 693 2392 scriptum
727 2345 786 2378 est
817 2345 853 2378 et
882 2356 951 2393 pro
983 2339 1120 2393 κτήσει
1149 2356 1171 2381 a
1200 2357 1248 2382 m.
1279 2359 1336 2395 pr.
1367 2352 1447 2384 erat
1473 2348 1605 2389 κτίσει.

98 2396 341 2446 Pag.181,a‚
366 2398 420 2439 20
446 2403 534 2448 post
565 2395 666 2452 φῄς)
698 2399 861 2435 inseras:
903 2401 984 2451 φῇς
1024 2399 1111 2437 Par.
1141 2401 1182 2437 A.
1216 2400 1290 2438 Dii.
1321 2407 1358 2440 et
1386 2403 1429 2450 b,
1468 2407 1493 2445 8
1520 2413 1606 2456 post

374 2453 586 2505 εῑργμῶν);
631 2467 712 2491 cum
750 2469 766 2493 ε
804 2467 917 2505 super
966 2454 1002 2493 εἱ
1044 2455 1128 2496 Par.
1172 2456 1216 2495 A.
1255 2457 1327 2499 Dii.
1369 2465 1406 2497 et
1452 2463 1477 2501 9
1518 2468 1605 2512 post

371 2507 575 2561 ἅσμενοι);
617 2509 709 2562 ἁσμ.
738 2510 823 2549 Par.
856 2512 898 2550 A.
932 2510 1006 2548 Dii.

318 2565 357 2614 b,
376 2567 425 2606 12
459 2579 481 2603 a
509 2567 534 2603 f.
574 2567 622 2603 ad
657 2568 811 2619 τεχνίον
857 2567 1000 2604 addas:
1052 2568 1134 2606 Par.
1184 2568 1230 2610 A.
1276 2570 1351 2609 Dii.
1399 2574 1455 2610 eui
1507 2574 1605 2611 favet

370 2617 619 2675 α’τεχνότεροι
649 2628 686 2661 et
715 2623 866 2672 similia,
908 2624 954 2660 de
985 2625 1118 2673 quibus
1150 2626 1290 2664 dictum
1321 2633 1378 2666 est
1409 2643 1447 2679 p.
1480 2631 1549 2673 33,

99 2675 346 2727 Pag.184‚a‚
376 2678 428 2719 24
463 2680 602 2717 addas:
643 2679 703 2719 Cf.
741 2680 868 2716 Vateri
908 2679 1017 2719 Misc.
1058 2681 1138 2718 crit.
1179 2683 1216 2720 in
1248 2683 1369 2722 Jahnii
1408 2687 1601 2726 Annalium

373 2736 653 2786 Snpplamentis
680 2734 764 2775 Vol.
796 2735 911 2774 XVII.
943 2737 1032 2776 fasc.
1066 2739 1100 2779 2.
1131 2752 1168 2791 p.
1201 2741 1236 2779 1,

319 2790 356 2838 b,
381 2792 406 2829 7
434 2798 522 2842 post
547 2792 636 2832 Par.
665 2793 711 2829 A.
742 2793 904 2829 inseras:
953 2792 1007 2837 (in
1040 2807 1114 2843 quo
1153 2799 1253 2832 teste
1292 2797 1468 2835 Diibnero
1511 2814 1554 2838 ex
1586 2817 1601 2840 ε

371 2847 418 2885 ab
448 2850 576 2887 eadem
606 2861 715 2886 manu
743 2849 881 2887 factum
911 2854 968 2886 est
998 2849 1057 2901 αὶ)
