1764 3176
236 95 316 134 194
694 91 1159 133 PLATONIS

230 202 305 245 καὶ
344 201 562 257 τράπεζαι.
623 205 728 253 Πῶς
764 201 806 246 δ’
848 200 925 252 οὕς
971 200 1096 245 Ἀλλὰ
1133 201 1246 245 ἰδέαι
1289 200 1336 256 γε’
1377 217 1466 245 που
1511 204 1609 257 περὶ

232 274 368 314 ταῦτα
413 268 466 313 τὰ
509 269 640 326 σκεύη
686 268 794 319 δυό,
833 271 911 324 μία
950 270 1030 325 μὲν
1074 270 1245 325 κλίνης,
1291 270 1368 324 μία
1411 270 1458 314 δὲ
1501 286 1608 326 τρα-

231 336 367 394 πέζης.
426 337 527 380 Ναί.
589 335 771 381 Οὐκοῦν
810 338 881 381 καὶ
922 335 1142 393 εἰώθαμεν
1179 337 1340 393 λέγειν,
1376 336 1445 381 ὅτι
1481 337 1505 382 ὁ
1536 341 1609 395 δη-

231 403 440 460 μιουργὸς
469 403 675 460 ἑκατέρου
714 408 795 449 τοῦ
824 404 1013 456 σκεύους
1041 404 1152 459 πρὸς
1179 405 1260 460 τὴν
1290 405 1412 448 ἰδέαν
1439 405 1611 461 βλέπων

233 471 350 516 οὕτω
379 477 500 516 ποιεῖ
527 471 551 516 ὁ
589 474 669 529 μὲν
702 473 780 525 τὰς
806 476 977 525 κλίνας,
1018 471 1042 516 ὁ
1074 473 1120 516 δὲ
1158 471 1235 522 τὰς
1274 473 1506 526 τραπέζας,
1542 471 1611 524 αἷς

231 540 351 596 ἡμεῖς
387 541 617 597 χρώμεθα,
653 541 734 585 καὶ
768 535 904 585 τᾶλλα
946 540 1057 585 uncto?
1098 536 1262 588 ταύτας
1305 537 1360 583 οὐ
1401 539 1485 596 γάρ
1521 555 1610 584 που

231 609 311 664 τήν
339 626 386 665 γε
417 610 539 653 ἰδέαν
569 607 706 664 αὐτὴν
737 611 996 665 δημιουργεῖ
1022 606 1165 657 οὐδεὶς
1194 611 1282 649 τῶν
1312 609 1612 664 δημιουργῶν·

231 680 324 729 πῶς
361 676 469 733 γάρς
525 674 754 730 Οὐδαμῶς.
812 675 925 720 Ἀλλ’
958 676 1042 730 ὅρα
1072 677 1125 732 δὴ
1155 676 1227 718 καὶ
1257 674 1383 720 τόνδε
1411 678 1510 719 τίνα
1539 692 1613 719 κα-

173 746 204 786 C
234 749 322 797 λεῖς
366 745 445 788 τόν
495 743 780 799 δημιουργόν.
845 745 931 789 Τόν
971 750 1124 793 ποῖον;
1171 742 1248 794 “Ος
1292 743 1436 787 πάντα
1478 748 1610 794 ποιεῖ,

237 813 401 867 ὅσαπερ
443 809 502 863 εἷς
539 811 719 862 ἕκαστος
759 817 847 856 τῶν
877 814 1167 868 χειροτεχνῶν.

232 897 321 936 γεις
354 880 426 923 καὶ
455 880 716 935 θαυμαστόν
747 880 900 935 ἄνδρα.

574 945 598 990 ὁ
635 947 769 1000 αὐτὸς
801 950 885 1005 γὰρ
927 943 1056 1000 οὗτος
1087 948 1355 1004 χειροτέχνης
1387 946 1441 991 οὐ
1470 945 1612 1004 μόνον

233 953 313 992 λον
345 946 511 1005 φήσεις.

280 1093 496 1140 τράπεζαι]
548 1094 748 1140 τράπεζαις
800 1097 892 1132 Μοιι.

233 1143 273 1178 Β.
297 1142 373 1176 Ald.
397 1143 474 1181 Bas.
500 1142 554 1175 ab.

278 1197 399 1242 ἰδέαι]
446 1197 565 1232 εἰδέαι
604 1199 702 1233 Vind.
746 1199 786 1233 F.
836 1196 894 1234 ἰδέ

231 1246 325 1280 Μοιι.
347 1245 388 1279 C.
430 1245 571 1279 Proclus
594 1244 630 1278 in
653 1245 766 1279 Pa1·.m
786 1246 831 1280 Τ.
850 1246 893 1279 V.

230 1304 265 1336 p.
299 1292 360 1326 56.
393 1289 484 1343 περὶ
511 1290 550 1324 δὲ
584 1290 659 1324 τῶν
693 1292 894 1348 τεχνητῶνῆ

232 1337 307 1380 α’ρα
331 1336 394 1370 καὶ
417 1333 561 1369 τούτων
585 1336 665 1393 εἴδι]
693 1335 846 1380 ῥητεονς
871 1334 894 1372 ο’

232 1381 272 1426 γέ
307 1394 367 1416 τοι
402 1381 605 1425 Σωκράτης
646 1394 684 1416 εν
718 1383 894 1417 Πολιτεία

234 1427 324 1472 φησὶ
358 1429 410 1485 (id
436 1428 614 1461 delendum
639 1429 792 1484 νῐάυιιιι)
821 1418 894 1463 κλι-

232 1487 299 1530 νης
341 1472 405 1507 καὶ
447 1472 628 1518 τραπέζης
669 1473 774 1509 ἰδέαν
826 1473 896 1509 οὐκ

233 1518 406 1574 ὤκνησεν
423 1519 550 1553 εἰπεῖν.

277 1563 330 1621 γέ]
359 1563 406 1609 δή
431 1566 522 1600 Flor.
548 1566 592 1599 T.

278 1610 325 1645 τὰ
352 1588 476 1656 σκεύη]
503 1610 550 1645 τὰ
577 1624 640 1646 om.
666 1611 765 1645 idem.

277 1668 484 1712 τραπέζης]
509 1665 715 1713 τραπέζηςς
739 1669 839 1704 Vind.
851 1669 892 1704 E.

231 1714 306 1750 Ald.
330 1715 410 1748 Bas.
439 1716 493 1748 ab.

281 1757 431 1794 Οὐκοῦν
463 1757 524 1793 καὶ
570 1757 779 1805 εἰώθαμεν]
831 1760 893 1795 καὶ

231 1818 297 1839 om.
330 1806 429 1839 Vind.
460 1806 500 1840 F.
536 1806 628 1839 Flor.
661 1807 704 1841 R.
738 1809 894 1841 Solemus

232 1858 350 1886 autem
369 1852 442 1885 Fic.

279 1906 408 1952 ἰδέαν]
444 1905 567 1942 εἰδέαν
597 1919 671 1941 cum
697 1906 714 1942 ἰ
735 1919 838 1953 super
862 1908 898 1942 εἰ

235 1955 335 1988 Vind.
358 1955 401 1987 F.
428 1955 601 1987 Proclus
592 1967 626 1987 ιιι
651 1954 738 1988 Tim.
764 1954 891 1999 p.104,

233 2003 256 2036 5
280 2012 300 2034 a
324 2001 349 2034 f.
376 1996 421 2033 ov’
450 1998 520 2044 γὰρ
544 1998 640 2033 κατά
666 2012 770 2039 τινας
764 1967 894 2039 Ρίδέας

235 2043 254 2080 ὁ
281 2046 446 2089 τεχνίτης
468 2049 571 2079 ποιεῖ
594 2041 618 2079 ἁ
642 2049 754 2102 ποιεῖ,
781 2047 815 2079 εἰ
832 2046 894 2080 καὶ

235 2092 338 2126 δοκεῖ
364 2092 477 2125 τοῦτο
509 2091 624 2147 λέγειν
656 2089 675 2126 ὁ
711 2089 750 2125 ἐν
782 2093 894 2126 Πολι-

233 2149 272 2171 τε
276 2138 314 2171 ία
332 2136 544 2192 Σωκράτης.
571 2135 652 2171 ἀλλ’
674 2136 749 2171 ἐκεῖ
764 2149 830 2181 μεν
846 2136 893 2172 τὰ

236 2174 408 2238 εἰρημένα
421 2184 729 2241 παραδείγματος
753 2184 896 2228 εἰρηται

234 2227 340 2273 χάριν
369 2229 432 2263 καὶ
467 2242 512 2263 ου
546 2229 629 2273 περὶ
662 2227 789 2264 αὐτῶν
819 2230 895 2264 τῶν

236 2275 359 2309 ἰδεῶν.
394 2274 554 2330 ποιητὴν
585 2275 655 2320 γὰρ
689 2273 815 2310 αὐτῶν
840 2273 894 2310 λε’-

234 2332 289 2364 γει
322 2319 389 2355 τὸν
420 2319 514 2356 θεὸν
549 2321 612 2355 καὶ
647 2320 893 2366 δημιουργόν·

234 2367 310 2400 τῶν
347 2365 387 2400 δ’
422 2368 472 2409 (id
503 2368 604 2412 vulgo
628 2369 743 2424 deest)
783 2368 894 2402 ἰδεῶν

236 2424 306 2446 ουκ
324 2411 398 2447 ε’στι
415 2411 650 2458 δημιουργός.
675 2412 714 2448 ἐν
734 2411 772 2448 δε
787 2416 894 2458 Πρω-

233 2456 377 2504 ταγόρᾳ
400 2464 465 2492 etc.

281 2506 401 2549 ποιεῖ]
434 2508 555 2549 ποιεῖ,
591 2506 712 2551 Steph.
744 2506 818 2540 Ast.
842 2516 893 2550 pr.

235 2562 304 2586 sec.

284 2604 303 2641 ὁ
335 2603 374 2640 δὲ
404 2605 494 2651 τὰς]
530 2604 594 2642 ὅδε
630 2608 723 2642 [Ἴον.
756 2609 798 2644 V.
827 2606 895 2648 τὰς

235 2665 301 2687 om.
326 2652 428 2686 etiam
455 2655 530 2687 Vat.
556 2655 600 2687 H.

282 2696 356 2745 αἷς]
382 2697 442 2738 αἳς
471 2700 563 2734 Μοιι.
587 2701 627 2733 Β.

281 2746 408 2789 ταλλα]
434 2743 471 2779 τ’
497 2743 589 2779 ἄλλα
615 2745 711 2779 V2.-nd
734 2746 776 2780 E.
801 2746 893 2782 Mon.

1228 810 1515 856 Δεινὸντινα
1547 810 1612 854 λέ-

963 880 1097 924 Οὕπω
1127 895 1195 934 γε,
1233 877 1343 922 ἄλλα
1371 878 1481 934 τάχα
1510 882 1612 933 μᾶλ-

951 1097 993 1132 C.
1026 1091 1142 1130 τᾶλλα
1184 1095 1286 1130 Vind.
1320 1096 1390 1129 BF.
1437 1096 1530 1130 Mon.
1565 1095 1609 1129 B.

950 1143 1070 1187 Steph.
1095 1146 1170 1176 Ast.

995 1186 1092 1222 κατὰ
1112 1184 1246 1232 ταύτά]
1273 1185 1488 1221 naz-octavu?
1507 1187 1609 1222 Vind.

950 1235 989 1267 F.
1026 1235 1120 1269 Mon.
1157 1235 1196 1267 C.
1238 1232 1335 1267 κατὰ
1369 1235 1493 1268 ταῦτα
1523 1233 1610 1267 Lob.

949 1281 1042 1314 Mon.
1076 1280 1115 1313 B.
1151 1280 1226 1314 Ald.
1250 1281 1331 1313 Bas.
1366 1281 1421 1316 ab.
1469 1279 1611 1323 Signum

949 1326 1179 1378 intenogandi
1204 1326 1321 1358 Astius
1346 1326 1436 1359 fecit.

996 1383 1064 1414 την
1092 1373 1143 1415 γε]
1170 1369 1280 1425 τήνδε
1306 1371 1405 1405 Vind.
1430 1371 1470 1404 F.

996 1417 1075 1456 πῶς
1098 1429 1189 1461 γαρς
1219 1413 1440 1473 Οὐδαμῶς]
1475 1417 1527 1459 φλ.
1555 1416 1611 1461 (id

951 1475 972 1497 a
1007 1475 1049 1496 m.
1091 1464 1138 1506 s.)
1179 1463 1260 1502 πῶς
1301 1461 1372 1518 γὰρ
1423 1459 1610 1518 ουδαμῶς.

951 1510 1052 1543 Kind.
1096 1510 1137 1542 B.
1179 1509 1267 1547 Πῶς
1305 1507 1387 1553 γάρ.
1426 1505 1609 1563 οὐδαμῶς.

950 1556 1026 1589 Am.
1072 1555 1160 1594 Πῶς
1210 1553 1300 1599 γάρς
1359 1552 1610 1599 [Οὐδαμῶς]

951 1601 1195 1634 Staubaumius
1227 1602 1259 1634 in
1295 1613 1362 1635 sec.
1396 1602 1460 1635 hac
1493 1601 1611 1635 addita

951 1647 1198 1680 declaratione:
1236 1647 1324 1686 Πῶς
1347 1659 1417 1690 γαρ
1442 1647 1542 1692 vulgo
1566 1646 1611 1680 ad

952 1693 1107 1726 Socratis
1130 1693 1317 1726 orationem
1341 1694 1490 1728 trahunt.
1534 1693 1610 1737 Ego

949 1739 1181 1773 interlocutori
1219 1739 1434 1772 tribuendum
1476 1750 1610 1780 censeo,

950 1793 989 1818 ut
1026 1782 1215 1828 Οὐδαμῶς
1249 1796 1290 1818 ex
1328 1785 1611 1829 interpretatione

949 1831 1113 1864 formulae
1142 1831 1223 1870 πῶς
1255 1842 1346 1874 γαρς
1379 1836 1487 1864 ortum
1510 1835 1610 1875 pute-

949 1882 1016 1911 tur.
1031 1879 1053 1896 ‘⁴
1125 1877 1214 1916 Πῶς
1250 1875 1345 1920 γάρς
1388 1877 1489 1910 alteri
1522 1876 1609 1910 assi-

949 1923 1046 1967 gnari
1076 1925 1110 1956 et
1149 1929 1261 1955 tamen
1294 1920 1487 1966 ου’δαμῶς,
1518 1922 1610 1967 quod

950 1980 1064 2002 omnes
1087 1968 1220 2002 codic-s
1244 1969 1389 2009 habent,
1421 1968 1530 2001 teneri
1554 1971 1609 2001 at-

950 2026 1016 2058 que
1040 2026 1108 2047 una
1132 2026 1204 2046 cum
1229 2014 1448 2058 sequentibus
1472 2014 1611 2047 Socrati

949 2060 1053 2093 tribui
1078 2064 1234 2103 poterat,
1260 2065 1299 2092 ut.
1326 2058 1411 2092 Phil.
1433 2070 1466 2103 p.
1489 2060 1546 2094 64.
1566 2060 1608 2093 Β.

950 2106 1019 2139 Sed
1045 2106 1124 2138 nihil
1150 2116 1290 2138 caussae
1306 2110 1375 2146 est,
1395 2117 1455 2138 cur
1472 2106 1610 2150 vulgata

951 2151 1120 2185 distinctio
1140 2155 1308 2192 mutetur,
1331 2151 1426 2184 cuius
1444 2152 1611 2186 rationem

950 2198 1091 2230 Ficinus
1132 2201 1319 2231 monstrat:
1361 2196 1475 2231 nullu-s
1520 2199 1610 2231 enim

952 2244 1081 2286 artifex
1122 2244 1238 2276 ideam
1288 2244 1401 2286 ipsam
1441 2245 1610 2287 fabricat.

951 2301 1015 2333 quo
1052 2291 1141 2322 enim
1175 2289 1307 2333 pacto?
1342 2291 1443 2323 Genu.
1493 2291 1609 2326 Nullo.

952 2335 1007 2368 Cf.
1042 2335 1172 2368 L.111.
1208 2347 1240 2380 p.
1271 2337 1351 2371 393.
1380 2337 1431 2369 C:
1469 2333 1535 2379 ἄρ’
1561 2348 1607 2370 ου

950 2379 1036 2414 τότε
1080 2377 1237 2423 ὁμοιοῦν
1278 2378 1398 2416 αυτὸν
1443 2380 1609 2437 φήσομεν

952 2423 1011 2460 ὅτι
1051 2425 1207 2481 μάλιστα
1247 2426 1316 2470 τὴν
1355 2424 1474 2462 αυτοῦ
1510 2426 1609 2470 λέξιν

952 2470 1109 2515 anciano,
1170 2469 1214 2507 ὃν
1259 2471 1307 2507 ἂν
1355 2475 1512 2529 προείπῃ
1557 2486 1608 2515 ως

951 2499 1129 2562 ἐροῦντας
1156 2517 1342 2563 Φήσομεν·
1365 2521 1402 2554 τί
1424 2533 1523 2564 ῇαρς

996 2566 1100 2608 τίνα]
1134 2578 1219 2598 τινα
1244 2567 1341 2600 Vind.
1366 2567 1405 2599 B.
1437 2546 1530 2601 Mon⁷.
1566 2566 1606 2600 C.

950 2611 990 2644 Id
1013 2611 1150 2645 Ficinus
1174 2618 1310 2645 secutus
1332 2612 1482 2646 videtur:
1524 2613 1608 2646 Vide

948 2663 1143 2700 praeterea,
1161 2659 1316 2702 nunquid
1329 2660 1435 2692 talem
1459 2659 1609 2703 aliquem

950 2715 1047 2736 voces
1099 2705 1296 2747 artzjficcm27
1361 2710 1397 2739 et
1456 2705 1607 2738 Ficinum

951 2749 1302 2784 Schleiermacherus=
1328 2751 1419 2785 Aber
1440 2750 1514 2785 sich
1534 2751 1607 2785 ein-
