1764 3176
494 165 830 210 CIVITAS
860 163 1137 207 LIB.VI]11.
1166 168 1235 203 575

160 279 314 336 λὲγεις,
354 276 431 321 ἐὰν
471 275 614 334 ὀλίγοι
655 271 762 321 ω”σιν
799 277 842 319 οἷ
878 278 1086 318 τοιοῦτοι.

1455 166 1539 206 125

1146 273 1210 317 Τὰ
1245 271 1330 328 γάρ
1361 272 1541 330 σμικροὶ,
1573 280 1604 321 C

159 344 216 404 ἦν
245 346 289 391 δ’
319 346 426 402 ἐγώ,
466 347 579 399 πρὸς
608 346 661 389 τοὶ
691 344 853 402 μεγάλα
883 342 1045 398 σμικρά
1075 343 1188 388 ἐστι.
1219 344 1293 385 καὶ
1322 345 1460 385 ταῦτα
1490 343 1544 398 δὴ

159 414 302 459 πάντα
331 414 441 470 πρὸς
470 413 695 469 τύραννον
724 414 916 468 πονηρίᾳ
945 426 989 453 τε
1020 411 1093 453 καὶ
1116 408 1342 466 ἀθλιότητι
1365 409 1546 463 πόλεως,

160 482 208 527 τὸ
239 481 497 538 λεγόμενον,
541 480 645 525 οὐδ’
679 483 806 534 ἴκταρ
841 478 1003 536 βάλλει.

1061 477 1169 521 ὅταν
1197 476 1280 532 γὰρ
1311 477 1364 534 δὴ
1394 477 1548 521 πολλοὶ

160 551 209 595 ἐν
236 549 360 594 πόλει
387 550 597 606 γένωνται
628 551 670 593 οἱ
699 551 897 593 τοιοῦτοι
924 546 998 589 καὶ
1027 543 1154 589 ἄλλοι
1185 547 1230 588 οἱ
1258 544 1545 601 ξυνεπόμενοι

162 617 312 671 αὐτοῖς
349 619 423 662 καὶ
465 620 707 662 αἴσθωνται
748 617 916 661 ἑαυτῶν
958 613 1008 657 τὸ
1044 618 1242 670 πλῆθος,
1276 612 1372 657 τότε
1422 609 1549 658 οὗτοί

162 689 273 731 εἰσιν
313 688 359 731 οἱ
394 686 473 730 τόν
512 685 737 741 τύραννον
773 687 1012 741 γεννῶντες
1052 681 1156 738 μετα
1200 681 1356 738 δήμου.
1383 681 1545 735 ἀνοίας,

159 755 348 807 ἐκεῖνον,
389 754 437 807 ὃς
468 753 524 797 ἂν
555 753 703 798 αὐτῶν
734 754 919 810 μάλιστα
951 750 1083 803 αὐτὸς
1113 752 1160 795 ἐν
1189 751 1308 807 αὐτῷ
1337 750 1544 805 μέγιστον

160 825 235 868 καὶ.
263 828 466 868 πλεῖστον
503 823 550 867 ἐν
587 827 640 880 τῇ
680 827 798 880 ψυχῇ
839 819 1065 876 τύραννον
1101 821 1186 877 ἔχῃ.

93 892 276 949 5ο4ἔφη·
305 891 682 947 τυραννικώτατος
710 892 793 948 γὰρ
824 890 880 934 ἂν
902 892 979 946 εἴη.
1027 887 1206 932 Οὐκοῦν
1233 887 1310 930 ἐάν
1331 886 1411 944 μὲν
1431 886 1548 931 ἑκόν-

163 1042 252 1086 tur.)
315 1041 405 1075 Hinc
446 1041 616 1076 Zenobius
658 1053 692 1087 p.
744 1042 823 1077 121.

163 1089 254 1132 Hag.
266 1088 502 1144 proverbium
506 1085 596 1122 οὐδ’
616 1088 722 1132 ἴκταρ
737 1086 824 1133 βάλ-

163 1136 239 1168 λειν
263 1134 446 1190 explicans
464 1132 520 1170 τὸ
541 1133 669 1189 ἴκταρ,
700 1134 824 1189 inquit

164 1180 333 1237 σημαίνει
362 1177 476 1224 ἐγγύς.
513 1178 703 1214 τουτέστιν
736 1177 823 1213 οὐδὲ

163 1224 269 1270 ἐγγύς
304 1223 412 1260 ἐστιν.
458 1225 601 1282 εἴρηται
643 1223 682 1259 δὲ
727 1224 823 1259 κατὰ

162 1273 355 1329 γλῶτταν,
397 1267 537 1326 ὥσπερ
555 1270 597 1305 τὸ
626 1270 824 1326 διωλύγιον

164 1316 281 1353 κακὸν
305 1318 480 1373 σημαίνει
495 1314 538 1351 τὸ
560 1316 664 1372 μέγα.
688 1316 822 1361 μέμνη-

163 1377 226 1398 ται
262 1361 301 1398 δὲ
335 1361 575 1419 αμφοτέρων
584 1361 610 1397 6
652 1362 823 1406 Πλάτων,

162 1410 232 1444 τοῦ
255 1408 321 1466 μὲν
340 1410 535 1464 διωλυγίου
559 1406 597 1443 ἐν
620 1408 823 1466 Θεαιτήτῳ,

162 1456 232 1490 τοῦ
259 1453 301 1489 δ’
328 1455 434 1499 ἴκταρ
461 1453 609 1500 βάλλειν
640 1453 679 1489 ἐν
712 1457 824 1490 Πολι-

161 1502 457 1549 τειᾳ.Β1-ενίιιε
490 1502 654 1535 Timaeus
686 1502 753 1535 lex.
790 1514 822 1557 p.

164 1537 251 1584 149‘:
294 1547 418 1604 ι’κταρ·
454 1545 568 1591 ἐγγύς.
611 1548 755 1591 εἴρηται
784 1545 823 1581 δὲ

163 1592 267 1636 παρὰ
296 1591 340 1628 τὸ
368 1591 613 1637 ἐφικνεῖσθαι.
668 1594 823 1627 Totidem

163 1640 280 1674 verbis
306 1640 445 1673 Photius
475 1640 572 1673 Pom.
605 1652 639 1684 p.
671 1642 727 1675 92.
762 1640 823 1673 sed

164 1686 281 1720 addita
296 1685 451 1719 Platonis
468 1686 734 1729 significatione:
760 1681 824 1719 οὕ-

164 1743 238 1771 τως
258 1729 426 1765 Πλάτων.
462 1732 579 1764 Paullo
605 1731 704 1764 aliter
726 1732 825 1764 Moe-

163 1778 212 1811 ris
237 1789 270 1821 p.
298 1780 380 1813 190:
410 1777 538 1819 ἴκταρ·
565 1775 723 1810 Πλάτων
749 1778 823 1810 Πο-

165 1823 298 1879 λιτείᾳ,
331 1820 419 1857 οὐδὲ
430 1823 577 1877 ἴκταρ,
603 1819 694 1866 ὅπερ
725 1820 824 1856 ἐστὶν

166 1866 254 1904 οὐδὲ
282 1866 388 1913 ἐγγὺς
413 1865 436 1912 ἢ
465 1867 616 1913 βραχέα.
663 1869 771 1904 Nec·
762 1881 825 1902 1111-

164 1927 292 1950 memor
320 1915 473 1949 Platonis
503 1914 649 1948 Luciani
682 1915 825 1948 scholia-

164 1966 221 1996 sta
252 1961 296 1995 ad
326 1962 434 1994 verba
468 1960 577 2005 Lexip
579 1961 613 1995 h.
646 1961 691 1996 T.
722 1962 763 1995 V
789 1973 825 2005 p.

166 2009 245 2043 187.
288 2007 405 2041 Lehm.
449 1973 598 2041 ουδέπω
635 2003 678 2040 vd
718 2006 824 2050 ἵκταρ

165 2051 346 2098 ἐμήμεκας
378 2064 537 2087 monens:
581 2051 824 2087 Πλατωνικὸν

164 2100 302 2143 τοῦτο,
334 2097 397 2133 καὶ
434 2099 602 2143 σημαίνει
632 2095 676 2133 τὸ
709 2096 825 2143 ἐγγύς.

165 2146 219 2180 De
251 2125 395 2191 spiritu,
427 2157 529 2189 quum
559 2145 593 2178 hi
625 2157 740 2179 omnes
765 2157 825 2190 pa-

165 2191 253 2225 riter
276 2196 380 2236 atque
403 2192 553 2225 Thomas
578 2191 670 2235 Mag.
698 2203 731 2236 p.
745 2192 825 2226 471.

163 2237 273 2271 lenem
304 2240 436 2270 tantum
467 2237 634 2281 cognitum
665 2237 826 2271 habuisse

163 2283 363 2324 videantur,
395 2295 493 2328 quem
525 2282 660 2316 codices
692 2295 827 2328 quoque

166 2331 204 2363 et
226 2329 290 2361 hoc
320 2329 393 2361 loco
424 2340 537 2363 omnes
568 2340 634 2362 uno
665 2329 756 2363 Mon.
784 2331 825 2362 B.

166 2375 826 2456 3351?‘'1221523‘iiffiinffii‘ssdffi‘rr‘iss

167 2465 283 2500 citatis
326 2471 363 2499 et
392 2467 552 2511 Aeschyli
590 2468 709 2511 Agam.
746 2470 823 2502 115.

166 2513 266 2546 Eum.
284 2512 363 2548 952.
388 2513 491 2548 Well.
512 2514 689 2557 praebent,
709 2513 824 2546 Astius

166 2558 200 2592 in
232 2569 302 2591 sec.
325 2569 481 2607 asperum
514 2560 642 2592 faciens
666 2559 722 2593 uni
750 2560 825 2592 Eu-

166 2603 293 2638 stathio
317 2601 405 2638 iusti>
428 2605 503 2649 plus
535 2606 676 2646 tribuit,
699 2605 755 2650 qui
780 2605 821 2638 ad

169 2651 236 2684 od.
264 2650 308 2683 T.
328 2650 370 2683 11.
396 2662 429 2694 p.
449 2653 528 2692 292,
545 2653 602 2686 27.
626 2652 710 2684 haec
731 2662 822 2684 coni-

168 2699 336 2730 mentatus
368 2701 439 2729 est:
472 2695 515 2730 τὸ
544 2694 584 2730 δὲ
603 2694 823 2751 νπερικταί-

167 2753 278 2776 νοντο
301 2738 385 2775 ἀντὶ
405 2743 471 2776 τοῦ
492 2740 740 2776 ανεπάλλοντο
760 2753 824 2776 κα·

167 2786 216 2821 τὰ
235 2784 474 2844 Ἀρίσταρχον,
493 2783 516 2832 ἢ
534 2785 824 2844 ’ὑπερεξετείνον-

168 2845 233 2875 το,
270 2846 366 2878 αγαν
410 2834 602 2869 ὶκνοῦντο·
641 2832 745 2878 παρὰ
777 2832 820 2868 τὸ

882 1039 1009 1084 ἵκταρ,
1037 1034 1061 1073 δ’
1085 1035 1181 1072 ἐστιν
1203 1035 1327 1082 ἐγγύς·
1356 1051 1407 1078 ως
1429 1035 1450 1083 ἡ
1474 1051 1544 1072 πα-

882 1087 1025 1130 ροιμία·
1052 1082 1139 1119 οὐδ’
1163 1084 1268 1139 ι’κταρ
1296 1082 1432 1129 βάλλει,
1459 1082 1544 1118 οἷντὶ

880 1133 949 1166 τοῦ
980 1128 1069 1165 οὐδ’
1098 1128 1203 1174 ἐγγὺς
1231 1131 1299 1165 τοῦ
1328 1131 1468 1164 σκοποῦ
1492 1131 1544 1174 γί-

880 1190 994 1212 νεται.
1066 1189 1126 1210 και
1165 1176 1208 1210 τὸ
1255 1189 1321 1220 μεν
1369 1177 1546 1210 τοιοῦτον

882 1224 987 1282 ἵκταρ
1014 1220 1175 1277 ευλόγως
1202 1234 1241 1256 τε
1263 1220 1462 1258 δασύνεται
1483 1222 1545 1256 καὶ

881 1266 1066 1325 ἐπίῤῥημά
1098 1268 1172 1302 ἐστι
1202 1281 1252 1307 ως
1278 1266 1321 1303 τό
1351 1265 1474 1312 ὕπαρ·
1500 1265 1545 1302 vd

882 1314 921 1350 δε
942 1313 1045 1359 παρὰ
1055 1312 1289 1372 Καλλιμάχῳ
1311 1335 1356 1339 -
1377 1315 1482 1359 ἵκταρ
1501 1335 1546 1341 -

884 1358 1005 1405 ὄνομα
1027 1373 1092 1404 μεν
1110 1359 1202 1415 ἰχθί
1207 1373 1246 1400 ος
1271 1359 1308 1403 ἐξ
1339 1358 1462 1405 ὀρθοῦ
1479 1362 1545 1415 δη-

881 1410 962 1442 λοῑ·
988 1404 1162 1463 ζητητέον
1192 1405 1230 1440 δε
1259 1427 1304 1431 —-
1328 1407 1363 1440 εἰ
1393 1405 1547 1441 δασύνε

881 1466 965 1497 ται,
993 1450 1013 1488 6
1038 1453 1100 1486 καὶ
1129 1451 1228 1492 εἰκός
1248 1450 1366 1499 ἐστιν,
1393 1466 1444 1493 ως
1469 1450 1544 1487 oin&

881 1501 949 1534 τοῦ
956 1480 1090 1542 ἶκται,
1117 1496 1191 1542 άφ
1216 1499 1259 1532 οὑ
1285 1497 1370 1532 κατ’
1397 1497 1546 1533 ἐναλλα-

880 1545 950 1590 γὴν
973 1546 1050 1579 τῶν
1071 1546 1193 1588 ψιλῶν
1220 1545 1272 1584 εἰς
1297 1543 1413 1579 δασέα
1435 1545 1498 1579 καὶ
1525 1542 1545 1579 ὁ

883 1590 1003 1636 ἰχθύς.
1053 1592 1106 1624 Ex
1140 1592 1193 1624 his
1226 1592 1449 1634 intelligitur,
1487 1592 1548 1637 qui

882 1640 1012 1672 factum
1029 1637 1086 1679 sit,
1106 1642 1144 1670 ut
1161 1637 1309 1670 nonnulli
1336 1637 1442 1681 ι’κταρ
1457 1638 1546 1670 scri-

881 1685 1023 1725 beient,
1047 1684 1108 1716 sed
1134 1685 1288 1716 Glaeeos
1322 1683 1372 1716 ita
1397 1695 1547 1737 pronun-

881 1730 990 1763 tiasse
1023 1741 1088 1762 non
1121 1729 1282 1762 esficitux.
1354 1729 1477 1774 Neque
1513 1730 1547 1763 in

882 1775 1083 1809 Callimachi
1114 1775 1188 1808 loco
1221 1775 1312 1820 apud
1338 1776 1547 1809 Athenaeum

882 1822 922 1855 L.
946 1821 1019 1854 Vll.
1044 1833 1077 1865 p.
1092 1823 1223 1857 329-A.
1248 1821 1383 1855 codices
1408 1822 1450 1855 ab
1473 1822 1547 1855 edi—

881 1867 1030 1901 tionibus
1066 1867 1170 1911 ἴκταρ
1213 1867 1450 1902 exhibentibus
1493 1867 1547 1901 di-

879 1925 1041 1958 screpare
1063 1913 1234 1948 videntur.

928 1978 1031 2016 ἄλλοι
1057 1981 1106 2026 οἱ]
1137 1981 1173 2016 οἱ
1193 1994 1258 2015 om.
1284 1982 1383 2017 Vind.
1401 1982 1442 2017 1⁴1.
1465 1983 1544 2017 vat.

882 2029 926 2062 H.
951 2029 1045 2062 Flor.
1066 2028 1173 2062 ACT.
1199 2025 1304 2062 ἄλλοι
1332 2028 1367 2062 οὶ
1389 2027 1545 2070 ξυνεπό-

882 2086 986 2118 μενοι
1011 2071 1142 2114 αὐτοῖς
1167 2075 1217 2108 ita
1246 2080 1284 2108 ut
1314 2074 1350 2108 οἱ
1377 2076 1545 2109 τοιοῦτοι

882 2121 1025 2154 subiecti
1048 2121 1120 2154 loco
1151 2126 1247 2154 sunt:
1272 2121 1328 2165 qui
1359 2121 1415 2154 alii
1439 2133 1476 2154 se
1500 2121 1545 2155 ad

882 2178 941 2200 eos
965 2172 1167 2211 aggregant,
1189 2167 1246 2212 qui
1271 2178 1313 2199 ex
1336 2167 1545 2212 reliquorum

880 2224 1018 2246 numero
1042 2224 1100 2246 eos
1123 2216 1323 2258 sequuntur.

929 2281 1163 2325 αἴσθωνται]
1189 2282 1226 2314 111
1251 2282 1344 2314 Mon.
1370 2281 1409 2315 B.
1438 2293 1459 2315 ν
1482 2281 1544 2316 int.

881 2339 972 2361 vers.
997 2340 1017 2362 a
1041 2340 1083 2362 m.
1109 2339 1136 2361 s.
1163 2327 1442 2372 superscriptum.

929 2394 1078 2440 αὐτῶν]
1108 2392 1227 2429 αὐτὸν
1260 2396 1359 2429 Vind.
1389 2396 1434 2430 F.
1474 2389 1547 2431 αὖτ

881 2455 955 2477 cum
979 2444 1081 2476 litura
1104 2453 1206 2497 super
1226 2454 1247 2474 τ
1264 2441 1357 2475 Μοη.
1380 2443 1421 2476 B.

926 2485 1047 2535 αὐτῷ]
1077 2485 1138 2522 αὐ.
1165 2488 1248 2520 Lob.
1275 2487 1374 2521 Vind.
1398 2489 1475 2523 EF.

924 2555 998 2602 ἔχῃ]
1030 2555 1279 2613 έχειΡ1οῑ.Ιὶ.
1307 2557 1405 2592 Vind
1426 2558 1466 2591 F.
1492 2561 1540 2600 et,
1565 2558 1603 2599 D

880 2615 954 2649 sup.
987 2615 1031 2646 η,
1056 2603 1098 2636 Ε.
1133 2614 1208 2646 εχοι
1239 2602 1326 2637 Lob.
1351 2604 1431 2638 vat.
1457 2604 1536 2638 ΒΜ

880 2650 966 2752 veg'
968 2650 1044 2738 ]Βγε
1066 2694 1152 2728 Lob.

926 2739 1018 2784 ε’φη
1054 2738 1400 2797 τυραννικώτατος]
1452 2737 1545 2783 εἐφη

880 2799 960 2867 ἕξ.
988 2785 1096 2866 ggind.
1130 2787 1172 2821 E.
1210 2785 1295 2831 ἐφη.
1340 2788 1432 2830 Τυρ.
1467 2786 1545 2819 Ald.

1263 818 1458 869 Εἰκότως
1487 836 1513 874 γ
1524 818 1548 871 ’,
1575 824 1613 864 D
