1764 3176
22 2512 31 2519 x

46 2461 56 2467 ι

0 2734 7 2812 ;v.x;

433 180 769 224 CIVITAS
814 180 936 221 LIB.
960 179 1182 221 V1111.572

110 295 184 340 καὶ
221 293 410 344 πλείους.

1406 183 1489 222 109

478 293 627 349 Λέγεις
667 292 714 335 δὲ
752 291 824 334 καὶ
865 292 1011 341 τίνας,
1043 290 1148 346 ἔφη,
1185 289 1366 342 ταύτας;
1401 290 1488 342 Τὰς
1520 294 1550 335 C

108 362 208 417 περὶ
239 361 319 404 τόν
346 359 516 414 ὕπνον,
548 355 604 416 ἦν
643 357 685 402 δ’
719 358 822 414 ἐγώ,
853 358 1151 414 ἐγειρομένας,
1186 358 1294 402 ὅταν
1331 358 1379 402 το“
1410 361 1490 414 μὲν

110 430 215 473 ἄλλο
255 432 330 484 τῆς
358 431 499 484 ψυχῆς
540 427 669 483 εὕδῃ,
702 424 808 469 ὅσον
837 425 1085 480 λογιστικόν
1121 427 1193 468 καὶ
1225 425 1391 482 ἥμερον
1420 427 1493 470 καὶ

109 496 247 553 ἄρχον
285 496 477 548 ἐκείνου,
513 494 562 538 τὸ
604 495 649 538 δὲ
686 493 904 549 θηριῶδές
941 509 986 536 τε
1014 493 1089 544 καὶ
1117 493 1276 548 ἄγριον
1305 495 1332 551 ἢ
1362 497 1495 538 σίτων

108 564 136 620 ἢ
165 564 303 620 μέθης
332 563 527 620 πλησθὲν
557 565 709 620 σκιρτᾷ
744 578 787 604 τε
818 562 891 604 καὶ
923 560 1213 616 ἀπωσάμενον
1243 562 1320 606 τὸν
1350 563 1494 607 ὕπνον

108 637 208 689 ζητῇ
240 633 353 675 ἰέναι
381 632 451 674 καὶ
485 628 819 684 ἀποπιμπλάναι
848 628 901 672 τὰ
932 629 1074 673 αὑτοῦ
1104 628 1205 686 ἤθη.
1254 628 1392 683 οἶσθ’,
1426 631 1494 675 ὅτι

111 699 255 744 πάντα
296 699 342 744 ἐν
372 703 433 759 τῷ
462 697 646 757 τοιούτῳ
676 701 814 756 τολμᾷ
853 702 1018 751 ποιεῖν,

110 873 293 907 mientibus
325 884 367 906 ea
397 883 479 916 pars
509 872 637 913 animi,
684 884 773 916 quae

111 921 234 953 mentis
271 925 305 954 et
339 920 485 953 rationis
517 919 560 952 sit
585 919 772 962 particeps,

112 967 225 1010 sopita
246 967 448 1010 langueat,
482 965 544 997 illa
576 970 711 1005 autem,
737 966 773 997 in

111 1023 179 1056 qua
212 1012 337 1054 feritas
379 1011 547 1054 quaedam
593 1012 637 1044 sit
670 1016 773 1054 alque

112 1059 265 1102 agrestis
288 1058 498 1099 immanitas,
524 1069 626 1101 quum
650 1059 693 1089 sit
710 1059 770 1089 im—

111 1105 289 1137 moderato
314 1106 505 1145 tumefacta
530 1102 592 1146 (al.
615 1103 771 1146 obstupe-

105 1151 229 1193 facta)
259 1155 343 1193 polu
381 1155 483 1193 atque
513 1154 636 1193 pastu,
663 1150 773 1182 exsul-

112 1201 189 1229 tare
223 1208 298 1228 eam
324 1197 359 1228 in
382 1207 512 1238 somno-
531 1196 773 1228 immoderate-

113 1253 178 1286 que
210 1242 346 1275 iactari.
396 1242 516 1284 ltaque
549 1241 627 1273 huic
659 1242 773 1273 omnia

112 1289 190 1321 visa
223 1288 429 1321 obiiciantur
462 1299 483 1320 α
508 1292 620 1320 mente
645 1289 686 1319 'ac
713 1299 772 1319 ra-

112 1335 206 1368 tione
240 1345 374 1374 vacua,
405 1338 444 1366 ut
472 1337 535 1366 aut
565 1344 640 1366 cum
664 1338 774 1366 matre

113 1391 233 1423 corpus
257 1381 396 1416 miscere
422 1379 585 1412 videatur
613 1383 674 1412 aut
699 1391 774 1411 cum

116 1427 234 1470 quovis
263 1427 332 1458 alio
366 1426 420 1458 vel
454 1425 587 1457 homine
617 1426 671 1457 vel
697 1425 773 1464 deo,

114 1483 217 1516 saepe
249 1472 366 1512 belua,
401 1476 505 1515 alque
537 1471 640 1505 etiam
666 1472 773 1504 truci—

117 1519 203 1552 dare
228 1519 376 1562 aliquem
409 1523 442 1551 et
474 1518 577 1560 impie
601 1517 775 1550 cruentari

116 1565 291 1608 multaque
308 1566 430 1606 facere
450 1563 580 1607 impure
598 1568 701 1606 atque
725 1568 777 1596 tc—

116 1616 171 1644 tre
192 1622 268 1643 cum
285 1610 482 1644 temeritate
502 1614 534 1643 et
551 1609 777 1652 impudentia.

118 1659 165 1690 At
190 1657 248 1700 qui
271 1656 402 1689 salubri
425 1660 458 1689 et
485 1656 661 1688 moderato
686 1657 780 1688 cuitu

119 1707 224 1746 atque
257 1703 348 1736 victu
378 1701 485 1745 quieti
515 1712 550 1734 se
580 1702 779 1741 tradiderit,

119 1760 162 1782 ca
192 1753 292 1792 parte
315 1748 443 1787 animi,
478 1758 566 1790 quae
599 1748 722 1780 mentis
746 1752 779 1780 et

120 1795 253 1828 consilii
276 1799 338 1834 est,
363 1793 503 1845 agitata
528 1799 561 1826 et
585 1798 698 1826 erecta
720 1804 779 1826 sa-

119 1846 306 1885 turataque
337 1840 502 1872 bonarum
532 1840 780 1893 cogitationum

121 1888 229 1931 epulis
259 1897 367 1930 eaque
399 1890 501 1927 parte
536 1886 663 1925 animi,
692 1896 780 1929 quae

120 1930 297 1977 voluptate
321 1932 451 1971 alitur,
473 1942 533 1964 nec
558 1932 674 1975 inopia
700 1943 779 1964 cne-

121 1985 177 2013 eta
208 1990 269 2012 nec
300 1979 463 2011 satietate
493 1979 670 2020 affluenti,
696 1989 779 2021 quo-

119 2036 196 2059 rum
208 2030 388 2068 utrumque
396 2024 656 2068 praestringere
670 2024 779 2056 aciem

122 2071 244 2105 mentis
275 2071 378 2111 solet,
409 2071 481 2103 sive
513 2070 608 2103 deest
631 2075 780 2103 naturae

121 2118 299 2161 quidpiam
352 2117 423 2149 sive
472 2116 627 2149 abundat
676 2120 780 2160 atque

122 2164 262 2207 affluit,
301 2163 363 2197 illa
394 2163 499 2196 etiam
540 2163 645 2195 tertia
678 2167 780 2205 parte

123 2209 244 2249 animi,
264 2209 300 2241 in
325 2220 392 2251 qua
415 2209 547 2242 irarum
569 2209 699 2242 exsistit
722 2219 781 2240 ar-

123 2256 198 2296 dor,
221 2255 344 2288 sedata
375 2259 477 2298 atque
499 2255 684 2294 resumta,
706 2259 780 2287 tum

124 2301 257 2335 eveniet
289 2300 420 2333 duabus
451 2301 559 2334 animi
589 2301 780 2334 temerariis

124 2347 175 2391 (id
210 2345 266 2379 alii
296 2345 472 2389 omittunt)
503 2347 659 2388 partibus
689 2358 780 2379 com-

123 2393 267 2438 pressis,
291 2397 328 2425 ut
350 2393 411 2425 illa
436 2394 542 2426 tertia
568 2405 651 2436 pars
670 2393 780 2426 ratio-

128 2439 183 2472 nis
204 2444 236 2472 et
261 2439 383 2471 mentis
400 2436 531 2473 eluceat
555 2444 589 2473 et
617 2451 652 2471 se
674 2450 781 2482 vege-

125 2491 199 2520 tam
241 2485 289 2517 ad
321 2486 558 2519 somniandum
601 2495 782 2528 acremque

125 2531 311 2576 praebeat,
335 2535 406 2563 tum
433 2532 465 2563 ei
483 2532 558 2564 visa
577 2531 699 2575 quietis
727 2543 782 2563 oc-

127 2582 264 2611 current
287 2578 473 2620 tranquilla
505 2583 606 2619 atque
630 2578 782 2610 veracia.

127 2623 191 2657 His
216 2621 339 2666 partim
362 2633 441 2655 usus
466 2629 520 2656 est
541 2623 690 2657 Ficinus.

175 2668 307 2710 σίτων]
340 2667 449 2701 σιτῶν
479 2669 576 2702 Vind.
602 2669 705 2702 BEF.
733 2678 783 2701 σι-

127 2714 218 2749 τίων
242 2713 332 2746 Flor.
342 2713 384 2746 T.
409 2713 513 2748 σίτου
537 2716 635 2748 Stob.
669 2714 785 2747 Verba

129 2756 153 2805 ἢ
181 2760 290 2794 σίτων
313 2755 336 2803 ἢ
361 2757 481 2803 μέθης
503 2756 668 2804 πλησθὲν
692 2759 784 2792 Fici-

130 2818 192 2840 nus
226 2817 299 2839 cum
330 2806 373 2839 sit
400 2806 622 2840 immoderato
651 2807 785 2849 repleta

128 2858 216 2897 potu
233 2857 334 2896 atque
343 2856 449 2895 pastu
466 2851 708 2897 interpretatus
720 2856 784 2885 est.

1051 695 1110 749 ι-ὁς
1140 695 1229 742 ἀπὸ
1260 698 1401 755 πάσης
1431 703 1494 743 λε-

876 867 924 916 ἢ]
953 868 980 916 ἢ
1003 855 1102 906 vind.
1128 872 1168 906 F.

876 919 1017 973 σκιρτᾷ]
1043 919 1149 962 κιρτᾶ
1170 918 1270 953 idem.

829 1011 891 1044 T
877 961 1035 1007 οἷπωσάμ
1039 967 1135 1009 ενον]
1150 962 1386 1008 αποσάμενον
1394 965 1491 999 Stob.

866 1022 947 1043 rinc.

877 1056 986 1101 ζητῇ]
1029 1057 1129 1099 ζητεῖ
1176 1057 1259 1090 Lob.
1306 1057 1405 1091 vind.
1451 1056 1490 1089 F.

830 1102 922 1136 Mon.
939 1103 976 1135 B.
1002 1103 1080 1135 Par.
1102 1103 1144 1135 Κ.
1171 1115 1238 1137 sec.
1264 1103 1372 1136 Bekk.
1395 1103 1491 1136 Flor.

830 1148 942 1182 RTU.
968 1149 1062 1181 Stob.
1089 1149 1163 1182 Ald.
1189 1149 1267 1183 Bas.
1293 1149 1347 1182 ab.

877 1191 1182 1249 ἁποπιμπλαναι]
1206 1192 1493 1237 ἄποπιμπλᾶναι

833 1240 928 1273 Vind.
963 1240 1003 1274 F.
1045 1237 1353 1284 αποπιμπλᾶνται
1395 1241 1492 1274 Stob.

831 1286 902 1319 cod.
928 1286 967 1320 Β.

877 1328 1492 1373 a151051a23.L0b.vind.EF.

831 1377 928 1411 Stob.
955 1379 1028 1412 Ald.
1055 1380 1133 1412 Bas.
1160 1380 1213 1412 ab.

876 1419 992 1468 ἢθη]
1026 1420 1126 1468 ἤθη,
1152 1425 1226 1458 Ald.
1251 1425 1324 1458 Ast.
1352 1436 1402 1477 pr.
1426 1435 1495 1458 sec.

830 1470 953 1503 Stallb.
979 1481 1049 1503 sec.
1073 1476 1111 1503 ut
1136 1472 1241 1504 verba
1265 1483 1297 1514 p.
1298 1471 1417 1504 oxime
1442 1468 1495 1504 se-

834 1516 973 1569 quentia
1009 1517 1171 1561 apodosin
1204 1517 1385 1549 exhibeant
1418 1528 1496 1549 sen—

834 1563 963 1595 tentiae
987 1563 1219 1606 superioribus
1242 1563 1286 1595 illi
1280 1574 1307 1595 5
1333 1559 1426 1597 ὅταν
1450 1559 1494 1596 τὸ

835 1620 900 1651 μεν
914 1603 1001 1641 ἄλλο
1017 1609 1206 1650 in(·‚hoatae
1227 1609 1331 1653 atigue
1348 1608 1430 1642 illa
1422 1620 1497 1653 ipsa.

836 1665 902 1687 non
927 1659 1109 1695 commate,
1144 1635 1206 1688 sed,
1228 1658 1372 1699 puncto,
1408 1653 1498 1699 quod

836 1699 912 1732 ΑΜ
946 1701 1025 1733 Bas.
1063 1681 1140 1743 ab’„
1175 1701 1230 1734 vel
1275 1701 1370 1741 colo,
1408 1700 1499 1745 quod

837 1745 957 1790 Steph.
992 1746 1115 1780 Stallb.
1150 1758 1218 1780 sec.
1252 1747 1428 1788 fecerunt,
1455 1747 1498 1779 ab

837 1788 1088 1847 ἐγειρομένας
1128 1792 1367 1836 distinguenda
1419 1791 1497 1825 sint.

836 1837 906 1870 Sed
932 1834 1039 1871 οἷσθ’
1065 1833 1122 1871 ότι
1142 1838 1296 1882 equidem
1316 1838 1499 1872 secundum

837 1895 888 1924 ea,
913 1895 1001 1928 quae
1026 1884 1069 1917 ad
1092 1884 1132 1917 L
1158 1885 1253 1917 VIII.
1290 1896 1322 1929 p.
1351 1886 1431 1920 550.
1457 1887 1497 1917 A.

835 1930 1018 1962 ‹›bse1vata
1043 1934 1133 1970 sunt,
1157 1931 1293 1964 facilius
1317 1929 1414 1964 initio
1422 1942 1498 1984 pe-

836 1975 924 2008 riodi
942 1987 1024 2031 pos.
1019 1975 1064 2009 ta
1096 1975 1247 2017 tulerim,
1280 1988 1379 2021 quam
1405 1973 1498 2010 ὅταν

836 2017 880 2055 vd
914 2033 980 2064 μεν
1015 2017 1124 2064 ἄλλο,
1169 2023 1366 2066 piaesertim
1384 2034 1500 2075 quum

834 2068 1018 2124 νέὠοτιυιι
1050 2066 1120 2108 τὰς
1150 2068 1233 2112 περὶ
1267 2067 1334 2103 τὸν
1376 2064 1498 2102 ’ὕπνον

837 2111 1069 2158 εγειρομένας
1093 2120 1128 2147 et
1152 2115 1298 2148 ambitus
1325 2120 1394 2148 tam
1426 2114 1499 2147 exi-

837 2171 924 2204 guus
955 2161 1001 2194 sit
1038 2164 1074 2194 et
1107 2172 1226 2194 sensus
1260 2162 1496 2206 supplemento

836 2206 999 2250 indigeat.
1066 2206 1154 2240 Astii
1191 2207 1279 2241 ratio
1312 2207 1346 2240 in
1379 2218 1432 2252 pr
1465 2212 1501 2240 et

838 2264 905 2285 sec.
932 2256 1000 2285 tum
1027 2253 1058 2285 h.
1085 2252 1106 2286 1.
1132 2258 1203 2286 tum
1227 2265 1309 2297 supr
1312 2265 1331 2286 a
1356 2265 1501 2286 comma—

838 2302 873 2331 te
896 2298 949 2331 usi
973 2298 1106 2331 defendi
1132 2304 1269 2343 posset,
1294 2298 1323 2333 si
1351 2299 1501 2345 protasin

838 2350 873 2378 et
925 2344 1090 2389 apodosin
1146 2345 1306 2378 confundi
1363 2356 1503 2379 necesse

837 2395 942 2424 esset.

886 2433 1016 2480 οἷσθ’]
1061 2433 1176 2470 οἶσθα
1211 2436 1297 2471 Lob.
1334 2437 1427 2470 Mon.
1460 2438 1502 2471 B.

840 2486 892 2522 et,
927 2483 1040 2515 addito
1077 2494 1097 2516 a
1131 2494 1174 2516 m.
1210 2494 1238 2519 s.
1263 2480 1332 2527 δὴ,
1359 2483 1436 2517 Vat.
1462 2483 1500 2516 B.

840 2524 942 2561 ὥσθ’
969 2529 1065 2562 Stob.
1090 2529 1207 2562 Trinc.

886 2572 1030 2617 πάντα]
1075 2579 1154 2618 pc-st
1186 2571 1225 2608 ἓν
1257 2574 1309 2621 τῷ
1343 2573 1502 2621 τοιούτῳ

840 2619 925 2653 Lob.
952 2620 1028 2653 vat.
1053 2620 1103 2655 M.

888 2666 962 2712 τῷ]
1013 2678 1078 2700 om.
1124 2667 1221 2700 Stob.
1270 2669 1378 2702 Gesn.
1422 2668 1503 2710 (non

842 2700 1072 2755 Gaisfmdius,
1076 2713 1139 2761 qui
1152 2714 1193 2746 de
1206 2715 1361 2746 Gesnero
1377 2714 1501 2756 tacet.)

887 2759 1030 2814 ποιεῖν]
1056 2755 1152 2792 εἶναι
1174 2759 1272 2792 Stob.
1297 2759 1413 2792 Trinc.

890 2800 965 2837 οἷπὸ
991 2801 1135 2848 πάσης]
1172 2801 1320 2848 απάσης
1352 2806 1437 2840 Ven.
1462 2803 1501 2837 B.

845 2851 941 2884 vind.
966 2849 1039 2886 ΒΕ.
1086 2851 1162 2885 Vat.
1188 2851 1233 2884 H.
1265 2851 1357 2886 Flor.
1397 2849 1503 2883 ACV.
