1764 3176
235 122 316 150 vm
670 104 1202 148 PRAEFATIO

234 233 309 258 rum
324 223 413 257 enim
432 233 506 257 mos
527 226 580 256 est
600 220 704 265 (quos
722 221 878 257 imitatur
894 219 1018 269 Plato)
1039 223 1194 257 minimos
1211 223 1246 257 in
1267 222 1380 266 aliqua
1395 221 1547 256 Ratione
1561 211 1627 256 nfi-

234 291 347 314 meros
366 281 468 322 fines,
500 284 536 312 et
550 279 690 313 fundum
710 281 903 323 appellare;
932 281 1018 313 fines
1045 279 1202 322 quidem,
1232 283 1271 313 ut
1299 280 1555 320 extremitates,
1585 289 1628 312 ac

234 338 400 371 terminos
433 335 548 378 quoad
577 337 688 370 minus
711 336 799 369 illius
822 336 1002 377 Rationis3
1027 335 1166 370 fundum
1184 337 1287 378 vero,
1318 337 1478 379 quoniam
1504 339 1543 368 ut
1570 346 1629 368 vas

232 404 335 436 super
361 392 520 434 fundum,
552 393 604 426 sic
629 403 747 426 omnes
775 393 906 426 numeri
942 392 1102 426 Rationis
1121 393 1273 427 eiusdem
1303 403 1404 436 super
1431 393 1509 426 illos
1529 391 1631 425 mini-

232 460 308 483 mos
333 449 581 492 adiunguntur.
621 449 836 492 septenarius
865 453 981 482 autem
1010 450 1167 483 minimos
1196 460 1355 483 numeros
1380 448 1632 491 Sesquitertiae

233 506 394 540 Rationis
415 506 570 539 continet
595 510 634 539 ut
661 507 747 539 fines
772 506 844 539 eius
863 505 1043 547 Rationis,
1074 511 1109 540 et
1127 506 1266 540 fundum
1300 505 1450 540 omnium
1470 514 1632 538 numero-

233 573 328 604 rum,
359 562 415 606 qui
442 562 586 596 eandem
615 563 879 605 sesquitertiam
907 562 1092 596 Rationem
1125 561 1265 598 habent.
1323 564 1441 598 Quare
1470 572 1540 595 non
1566 560 1633 594 im-

233 620 357 653 merito
377 619 591 662 septenarius
610 630 768 653 numerus
789 619 1051 662 Sesquitertium
1077 619 1218 653 fundum
1234 619 1423 653 vocabitur.
1481 618 1550 654 Qui
1570 617 1633 651 de-

234 686 328 709 mum
346 671 532 719 ἐπίτριτον
552 673 729 717 πυθμένα
751 676 1015 719 Sesquitertium
1032 676 1163 709 Cubum
1177 701 1187 718 ,
1216 687 1340 718 nempe
1364 685 1541 709 numerum
1563 673 1634 708 So-

234 733 339 766 lidum
369 732 438 766 hoc
464 734 542 766 loco
570 733 674 766 latine
698 733 866 775 reddunt,
905 732 1026 765 salsam
1055 733 1271 766 tralationem
1298 732 1470 773 efficiunt,
1509 731 1634 774 quippe

235 790 312 823 cum
330 784 517 832 ἐπίτριτον
543 785 720 831 πυθμένα
746 790 848 823 Plato
876 789 1106 832 septenarium
1128 789 1182 822 hic
1200 789 1388 831 intelligat,
1418 788 1634 831 septenarius

234 850 351 880 autem
367 848 460 880 nullo
483 845 586 879 modo
616 846 756 880 Solidus
775 856 935 879 numerus
962 856 1038 878 esse
1069 846 1188 888 possit.
1244 845 1384 879 Solidus
1407 845 1496 878 enim
1513 854 1634 878 nume-

235 913 293 936 rus
329 901 387 944 (ut
414 903 448 936 in
481 901 715 945 superioribus
741 902 1006 945 declaravimus)
1022 902 1222 945 producitur
1242 913 1286 936 ex
1307 906 1424 934 mutua
1448 901 1549 934 trium
1569 911 1635 934 nu-

235 969 409 993 merorum
432 959 738 1002 multiplicatione,
770 959 862 1002 quod
893 960 1090 1002 septenario
1111 955 1249 992 minime
1267 959 1444 1002 competit.
1503 959 1636 993 Quam-

235 1018 285 1050 vis
315 1016 420 1059 igitur
445 1014 503 1058 (ut
530 1016 598 1048 iam
628 1015 792 1058 diximus)
816 1012 972 1057 πυθμὴν
994 1015 1199 1058 quandoque
1229 1015 1404 1055 radicem,
1430 1014 1639 1057 quandoque

236 1064 482 1117 propaginem,
520 1072 726 1116 quandoque
760 1072 922 1114 fundum,
961 1071 1166 1115 quandoque
1203 1072 1349 1105 solidum
1382 1071 1573 1114 significet,
1601 1070 1636 1103 in

236 1131 430 1173 praesentia
455 1134 572 1163 tamen
597 1133 670 1162 tum
699 1129 875 1174 radicem,
905 1133 977 1162 tum
997 1129 1243 1172 propaginem,
1270 1133 1344 1161 tum
1372 1128 1476 1161 etiam
1497 1127 1638 1160 fundum

235 1187 430 1230 significare
448 1190 580 1229 potest:
614 1186 770 1220 Solidum
800 1197 882 1220 vero
911 1195 1089 1219 numerum
1110 1195 1349 1228 nequaquam,
1378 1188 1417 1218 ut
1434 1183 1640 1218 Leonardus

239 1244 385 1277 voluisse
405 1243 558 1284 ridetur,
589 1243 646 1284 qui
677 1239 837 1286 πυθμὴν
869 1243 1025 1283 Cubum,
1054 1242 1208 1275 Solidum
1229 1242 1362 1275 scilicet
1388 1251 1565 1274 numerum
1585 1241 1639 1273 in-

239 1304 449 1344 terpretatus
478 1305 541 1333 est.
602 1300 718 1334 Cubus
745 1300 871 1333 etenim
899 1309 1059 1333 numerus
1083 1298 1140 1341 (ut
1164 1300 1197 1332 in
1222 1297 1510 1341 praecedentibus
1530 1297 1640 1341 expli-

241 1356 410 1401 cavimus)
440 1358 497 1390 ille
526 1356 669 1398 dicitur,
712 1357 770 1400 qui
807 1366 851 1390 ex
882 1356 1167 1399 multiplicatione
1194 1356 1338 1389 alicuius
1366 1354 1569 1388 numeri‘in
1601 1363 1639 1387 se

240 1414 364 1458 ipsum,
396 1418 431 1447 et
451 1414 486 1447 in
509 1413 714 1456 productum
731 1413 861 1455 oritur3
891 1412 982 1456 quod
1004 1413 1097 1446 nullo
1119 1416 1221 1455 pacto
1244 1412 1439 1456 septenario
1457 1411 1640 1445 convenire

240 1474 367 1514 potest.
424 1471 555 1505 Verum
576 1469 642 1504 hoc
662 1470 840 1504 declarato
860 1479 1073 1512 consequens
1093 1474 1145 1502 est
1166 1469 1349 1512 explicare,
1380 1478 1549 1511 quaenam
1572 1467 1641 1500 sint

241 1527 331 1561 duae
354 1526 568 1567 harmoniae,
598 1537 683 1570 quas
701 1528 776 1571 ipsa
794 1527 1014 1570 sesquitertia
1034 1526 1133 1559 radix
1155 1527 1311 1568 quinario
1335 1525 1518 1567 coniugata
1537 1534 1641 1568 prae-

243 1585 303 1618 bet
321 1588 374 1616 ter
395 1589 511 1619 aucta.
571 1584 666 1616 Duas
698 1584 802 1626 igitur
829 1583 1026 1617 harmonias
1051 1582 1106 1616 hic
1126 1583 1228 1616 Plato
1251 1586 1352 1616 vocat
1373 1581 1460 1614 duos
1479 1590 1641 1615 numeros

242 1642 389 1674 alterum
426 1639 641 1676 Quadratum
672 1644 707 1673 et
731 1641 877 1673 alterum
907 1640 1067 1681 Cubum;
1104 1649 1247 1682 quorum
1273 1638 1473 1675 Quadratus
1506 1637 1643 1681 quidem

244 1701 298 1731 est
317 1697 390 1740 ipse
419 1701 556 1730 centum
587 1697 817 1739 quadraginta
849 1700 996 1739 quatuor
1015 1696 1036 1729 a
1057 1696 1270 1729 duodenario
1291 1696 1325 1729 in
1354 1706 1393 1728 se
1416 1695 1643 1738 multiplicato

243 1753 453 1798 productus:
484 1753 601 1787 Cubus
631 1757 746 1786 autem
772 1757 825 1786 est
845 1754 918 1796 ipse
949 1752 1041 1785 mille
1066 1754 1284 1795 septingenta
1314 1752 1434 1794 viginti
1453 1755 1533 1784 octo
1555 1750 1643 1784 duo-

245 1810 377 1844 denarii
400 1810 528 1844 Cubus.
558 1809 745 1843 duodecies
777 1809 867 1842 enim
885 1809 1064 1842 duodecim
1087 1813 1223 1842 centum
1241 1808 1469 1851 quadraginta
1483 1812 1642 1850 quatuor,

247 1872 285 1901 et
299 1866 484 1901 duodecies
505 1871 644 1900 centum
658 1867 887 1910 quadraginta
906 1869 1067 1908 quatuor,
1087 1866 1178 1898 mille
1192 1865 1412 1908 septingenta
1423 1865 1541 1907 viginti
1561 1867 1643 1898 octo

245 1923 452 1968 producunt.
509 1923 570 1956 Isti
592 1923 660 1957 duo
680 1924 796 1966 itaque
816 1922 967 1963 numeri,
996 1932 1120 1965 nempe
1146 1926 1282 1956 centum
1299 1920 1528 1964 quadraginta
1556 1931 1643 1963 qua-

246 1985 325 2014 tuor
347 1981 570 2021 Quadratus,
601 1984 636 2013 et
661 1981 752 2014 mille
770 1981 989 2023 septingenta
1011 1979 1129 2021 viginti
1149 1983 1229 2011 octo
1249 1979 1365 2011 Cubus
1387 1978 1409 2010 a
1430 1977 1644 2011 duodenario

247 2037 406 2081 producti
433 2037 522 2071 duae
542 2036 741 2071 harmoniae
771 2041 872 2078 sunt,
906 2046 991 2079 quas
1024 2035 1067 2068 de
1097 2040 1212 2069 mente
1228 2035 1385 2068 Platonis
1416 2034 1642 2078 septenarius,

248 2094 320 2128 sive
350 2094 578 2137 Sesquitertia
597 2093 697 2127 radix
733 2093 888 2136 quinario
928 2092 1111 2134 coniugata
1139 2093 1237 2126 nobis
1269 2091 1414 2135 praebet
1448 2095 1500 2124 ter
1528 2095 1643 2124 aucta.

251 2150 330 2185 Non
351 2151 394 2183 ab
417 2162 455 2184 re
472 2155 587 2184 autem
610 2150 737 2184 adiecit
759 2151 862 2184 Plato
889 2150 1091 2192 particulam
1117 2149 1210 2182 illam
1227 2153 1316 2190 „ter
1345 2148 1482 2181 aucta“
1509 2158 1589 2181 nam
1611 2147 1646 2181 in

250 2208 456 2252 praebendis
482 2207 575 2241 hisce
596 2207 727 2241 duabus
746 2206 930 2240 harmoniis
957 2207 1171 2249 septenarius
1193 2205 1347 2248 quinario
1368 2205 1572 2247 coniugatus
1593 2209 1648 2237 ter

251 2269 409 2307 augetur.
441 2265 585 2307 primum
604 2265 694 2298 enim
719 2264 864 2297 dicimus
889 2267 1045 2306 septem,
1072 2267 1106 2295 et
1129 2263 1300 2305 quinque,
1331 2261 1532 2303 duodecim,
1564 2271 1647 2294 ecce

251 2321 396 2364 primum
414 2321 599 2364 septenarii
617 2325 880 2364 augumentum:
911 2319 1034 2353 deinde
1056 2319 1303 2352 duodenarium
1320 2318 1353 2352 in
1373 2329 1410 2351 se
1427 2319 1537 2361 ipsum
1560 2318 1647 2351 mul-

252 2378 446 2420 tiplicamus
469 2382 506 2410 ut
529 2377 637 2420 prima
656 2378 754 2412 nobis
785 2381 921 2410 centum
951 2376 1179 2419 quadraginta
1206 2380 1352 2418 quatuor
1376 2375 1547 2417 quadrata
1565 2384 1648 2418 pro—

254 2434 401 2468 ducatur
422 2433 611 2474 harmonia‚
641 2445 724 2468 ecce
752 2434 939 2468 secundum
959 2437 1204 2475 augumentum
1223 2432 1327 2475 ipsius
1345 2432 1551 2474 septenarii:
1582 2441 1648 2474 po-

252 2491 382 2524 stremo
404 2492 513 2534 ipsum
535 2495 673 2524 centum
694 2491 922 2534 quadraginta
940 2495 1086 2532 quatuor
1107 2489 1321 2532 Quadratum
1349 2498 1526 2522 numerum
1558 2487 1647 2521 duo-

253 2547 395 2581 denario
419 2547 680 2590 multiplicamus
703 2552 740 2581 ut
765 2547 952 2581 secundam
978 2546 1164 2580 habeamus
1183 2546 1274 2578 mille
1290 2545 1509 2587 septingenta
1528 2544 1649 2587 viginti

254 2608 334 2638 octo
361 2604 514 2637 cubicam
550 2603 780 2646 harmoniam,
811 2615 893 2637 ecce
922 2603 1058 2637 demum
1087 2603 1224 2636 tertium
1245 2602 1430 2644 septenarii
1458 2611 1648 2644 augumen-

256 2666 339 2696 tum.
396 2660 585 2693 Praeterea
606 2662 822 2704 septenarius
848 2671 928 2694 mox
949 2661 1025 2693 cum
1046 2660 1108 2702 ipsi
1135 2659 1291 2702 quinario
1313 2658 1516 2700 coniugatus
1534 2657 1648 2698 fuerit,

257 2722 310 2750 ter
328 2721 492 2759 augetur:
523 2718 682 2760 quoniam
703 2717 934 2751 duodenarius
957 2727 1000 2750 ex
1020 2728 1061 2750 ea
1082 2716 1324 2758 coniugatione
1342 2715 1561 2758 producitur,
1591 2713 1648 2755 qui

257 2775 301 2808 ad
323 2774 387 2807 tria
410 2784 518 2817 usque
536 2774 713 2808 intervalla
731 2779 853 2809 auctus
870 2778 934 2814 est,
954 2774 1030 2807 cum
1050 2772 1189 2807 Solidus
1209 2772 1276 2815 sit3
1302 2772 1355 2806 bis
1374 2771 1465 2805 enim
1486 2771 1552 2804 tria
1574 2779 1648 2812 sex,
