<?xml version="1.0" encoding="UTF-8"?>
<!DOCTYPE html PUBLIC "-//W3C//DTD XHTML 1.0 Transitional//EN"
    "http://www.w3.org/TR/xhtml1/DTD/xhtml1-transitional.dtd">
<html xmlns="http://www.w3.org/1999/xhtml" xml:lang="en" lang="en">
 <head>
  <title>
</title>
<meta http-equiv="Content-Type" content="text/html;charset=utf-8" />
  <meta name='ocr-system' content='tesseract 3.04.00' />
  <meta name='ocr-capabilities' content='ocr_page ocr_carea ocr_par ocr_line ocrx_word'/>
</head>
<body>
  <div class='ocr_page' id='page_1' title='image "./operagraecerecen01platuoft_0166.png"; bbox 0 0 1764 3176; ppageno 0'>
   <div class='ocr_carea' id='block_1_1' title="bbox 294 93 351 133">
    <p class='ocr_par' dir='ltr' id='par_1_1' title="bbox 294 93 351 133">
     <span class='ocr_line' id='line_1_1' title="bbox 294 93 351 133; baseline -0.018 0"><span class='ocrx_word' id='word_1_1' title='bbox 294 93 351 133; x_wconf 77' lang='lat'><em>30</em></span> 
     </span>
    </p>
   </div>
   <div class='ocr_carea' id='block_1_2' title="bbox 294 198 448 255">
    <p class='ocr_par' dir='ltr' id='par_1_2' title="bbox 294 198 448 255">
     <span class='ocr_line' id='line_1_2' title="bbox 294 198 448 255; baseline -0.006 -11"><span class='ocrx_word' id='word_1_2' title='bbox 294 198 448 255; x_wconf 76' lang='grc' dir='ltr'><em>ἄνδρα.</em></span> 
     </span>
    </p>
   </div>
   <div class='ocr_carea' id='block_1_3' title="bbox 739 88 1213 133">
    <p class='ocr_par' dir='ltr' id='par_1_3' title="bbox 739 88 1213 133">
     <span class='ocr_line' id='line_1_3' title="bbox 739 88 1213 133; baseline -0.006 0"><span class='ocrx_word' id='word_1_3' title='bbox 739 88 1213 133; x_wconf 87' lang='lat' dir='ltr'><strong>PLATONIS</strong></span> 
     </span>
    </p>
   </div>
   <div class='ocr_carea' id='block_1_4' title="bbox 497 198 1676 257">
    <p class='ocr_par' dir='ltr' id='par_1_4' title="bbox 497 198 1676 257">
     <span class='ocr_line' id='line_1_4' title="bbox 497 198 1676 257; baseline 0.001 -14"><span class='ocrx_word' id='word_1_4' title='bbox 497 199 705 257; x_wconf 85' lang='grc' dir='ltr'><em>Ἔχομεν,</em></span> <span class='ocrx_word' id='word_1_5' title='bbox 741 200 838 257; x_wconf 75' lang='grc' dir='ltr'>ἔφη.</span> <span class='ocrx_word' id='word_1_6' title='bbox 883 199 1067 245; x_wconf 78' lang='grc' dir='ltr'><em>Οὐκοῦν</em></span> <span class='ocrx_word' id='word_1_7' title='bbox 1095 198 1202 255; x_wconf 79' lang='grc' dir='ltr'><em>μετοὶ</em></span> <span class='ocrx_word' id='word_1_8' title='bbox 1231 203 1386 254; x_wconf 86' lang='grc' dir='ltr'><em>τοῦτο,</em></span> <span class='ocrx_word' id='word_1_9' title='bbox 1417 200 1467 245; x_wconf 88' lang='grc' dir='ltr'><em>τὸ</em></span> <span class='ocrx_word' id='word_1_10' title='bbox 1495 203 1573 245; x_wconf 84' lang='grc' dir='ltr'><em>τοῦ</em></span> <span class='ocrx_word' id='word_1_11' title='bbox 1603 201 1676 244; x_wconf 81' lang='grc' dir='ltr'><em>Αἶ-</em></span> 
     </span>
    </p>
   </div>
   <div class='ocr_carea' id='block_1_5' title="bbox 291 266 1677 418">
    <p class='ocr_par' dir='ltr' id='par_1_5' title="bbox 291 266 1677 394">
     <span class='ocr_line' id='line_1_5' title="bbox 294 266 1677 325; baseline -0.001 -12"><span class='ocrx_word' id='word_1_12' title='bbox 294 267 479 324; x_wconf 85' lang='grc' dir='ltr'><em>σχύλου,</em></span> <span class='ocrx_word' id='word_1_13' title='bbox 529 269 720 325; x_wconf 86' lang='grc' dir='ltr'><em>λέγωμεν</em></span> <span class='ocrx_word' id='word_1_14' title='bbox 761 269 896 313; x_wconf 77' lang='grc' dir='ltr'><em>ἄλλον</em></span> <span class='ocrx_word' id='word_1_15' title='bbox 941 268 1052 324; x_wconf 78' lang='grc' dir='ltr'><em>ἄλλῃ</em></span> <span class='ocrx_word' id='word_1_16' title='bbox 1091 266 1204 322; x_wconf 82' lang='grc' dir='ltr'><em>πρὸς</em></span> <span class='ocrx_word' id='word_1_17' title='bbox 1238 266 1359 313; x_wconf 89' lang='grc' dir='ltr'><em>πόλει</em></span> <span class='ocrx_word' id='word_1_18' title='bbox 1393 268 1677 323; x_wconf 71' lang='grc' dir='ltr'><em>τεταγμένους</em></span> 
     </span>
     <span class='ocr_line' id='line_1_6' title="bbox 291 334 1677 418; baseline 0.001 -40"><span class='ocrx_word' id='word_1_19' title='bbox 291 340 458 392; x_wconf 78' lang='grc' dir='ltr'><em>μᾶλλον</em></span> <span class='ocrx_word' id='word_1_20' title='bbox 508 337 554 380; x_wconf 78' lang='grc' dir='ltr'><em>δὲ</em></span> <span class='ocrx_word' id='word_1_21' title='bbox 600 337 711 381; x_wconf 71' lang='grc' dir='ltr'><em>κατὰ</em></span> <span class='ocrx_word' id='word_1_22' title='bbox 752 336 832 394; x_wconf 74' lang='grc' dir='ltr'><em>τήν</em></span> <span class='ocrx_word' id='word_1_23' title='bbox 880 336 1097 380; x_wconf 79' lang='grc' dir='ltr'><em>ὑπόθεσιν</em></span> <span class='ocrx_word' id='word_1_24' title='bbox 1118 334 1357 418; x_wconf 80' lang='grc' dir='ltr'><em>προτέραν</em></span> <span class='ocrx_word' id='word_1_25' title='bbox 1401 336 1501 392; x_wconf 76' lang='grc' dir='ltr'><em>τήν</em></span> <span class='ocrx_word' id='word_1_26' title='bbox 1525 335 1677 386; x_wconf 84' lang='grc' dir='ltr'><em>πόλιν;</em></span> 
     </span>
    </p>
   </div>
   <div class='ocr_carea' id='block_1_6' title="bbox 292 401 823 461">
    <p class='ocr_par' dir='ltr' id='par_1_6' title="bbox 292 401 823 461">
     <span class='ocr_line' id='line_1_7' title="bbox 292 401 823 461; baseline 0.002 -14"><span class='ocrx_word' id='word_1_27' title='bbox 292 405 423 447; x_wconf 78' lang='grc' dir='ltr'><em>Πάνυ</em></span> <span class='ocrx_word' id='word_1_28' title='bbox 458 405 537 460; x_wconf 78' lang='grc' dir='ltr'><em>μὲν</em></span> <span class='ocrx_word' id='word_1_29' title='bbox 572 401 688 460; x_wconf 79' lang='grc' dir='ltr'><em>οὖν,</em></span> <span class='ocrx_word' id='word_1_30' title='bbox 729 405 823 461; x_wconf 68' lang='grc' dir='ltr'>ἔφη.</span> 
     </span>
    </p>
   </div>
   <div class='ocr_carea' id='block_1_7' title="bbox 288 402 1680 611">
    <p class='ocr_par' dir='ltr' id='par_1_7' title="bbox 288 402 1680 597">
     <span class='ocr_line' id='line_1_8' title="bbox 885 402 1680 462; baseline 0.003 -16"><span class='ocrx_word' id='word_1_31' title='bbox 885 406 972 461; x_wconf 80' lang='grc' dir='ltr'><em>Εἴη</em></span> <span class='ocrx_word' id='word_1_32' title='bbox 1008 404 1054 447; x_wconf 82' lang='grc' dir='ltr'><em>δέ</em></span> <span class='ocrx_word' id='word_1_33' title='bbox 1083 402 1128 459; x_wconf 84' lang='grc' dir='ltr'><em>γ’</em></span> <span class='ocrx_word' id='word_1_34' title='bbox 1160 403 1240 455; x_wconf 74' lang='grc' dir='ltr'><em>ἂν,</em></span> <span class='ocrx_word' id='word_1_35' title='bbox 1273 402 1331 455; x_wconf 72' lang='grc' dir='ltr'><em>ὥς</em></span> <span class='ocrx_word' id='word_1_36' title='bbox 1362 405 1548 462; x_wconf 71' lang='grc' dir='ltr'><em>ἐγῷμαι,</em></span> <span class='ocrx_word' id='word_1_37' title='bbox 1591 403 1680 449; x_wconf 88' lang='grc' dir='ltr'><em>ὀλι-</em></span> 
     </span>
     <span class='ocr_line' id='line_1_9' title="bbox 288 471 1300 531; baseline 0.001 -17"><span class='ocrx_word' id='word_1_38' title='bbox 288 474 446 528; x_wconf 82' lang='grc' dir='ltr'><em>γαρχία</em></span> <span class='ocrx_word' id='word_1_39' title='bbox 485 473 511 529; x_wconf 83' lang='grc' dir='ltr'><strong><em>ἡ</em></strong></span> <span class='ocrx_word' id='word_1_40' title='bbox 550 472 658 528; x_wconf 79' lang='grc' dir='ltr'><em>μετοὶ</em></span> <span class='ocrx_word' id='word_1_41' title='bbox 698 473 778 531; x_wconf 76' lang='grc' dir='ltr'><em>τὴν</em></span> <span class='ocrx_word' id='word_1_42' title='bbox 817 471 1026 528; x_wconf 80' lang='grc' dir='ltr'><em>τοιαύτην</em></span> <span class='ocrx_word' id='word_1_43' title='bbox 1064 474 1300 515; x_wconf 83' lang='grc' dir='ltr'><em>πολιτείαν.</em></span> 
     </span>
     <span class='ocr_line' id='line_1_10' title="bbox 290 538 1312 611; baseline -0.002 -26"><span class='ocrx_word' id='word_1_44' title='bbox 290 538 335 585; x_wconf 87' lang='grc' dir='ltr'><em>δ’</em></span> <span class='ocrx_word' id='word_1_45' title='bbox 368 539 440 593; x_wconf 82' lang='grc' dir='ltr'><em>ὃς,</em></span> <span class='ocrx_word' id='word_1_46' title='bbox 471 541 550 597; x_wconf 79' lang='grc' dir='ltr'><em>τὴν</em></span> <span class='ocrx_word' id='word_1_47' title='bbox 566 544 711 611; x_wconf 38' lang='grc' dir='ltr'><em>,ποίαν</em></span> <span class='ocrx_word' id='word_1_48' title='bbox 741 539 1006 585; x_wconf 81' lang='grc' dir='ltr'><em>κατάστασιν</em></span> <span class='ocrx_word' id='word_1_49' title='bbox 1036 539 1312 596; x_wconf 73' lang='grc' dir='ltr'><em>ὀλιγαρχίανς</em></span> 
     </span>
    </p>
   </div>
   <div class='ocr_carea' id='block_1_8' title="bbox 1362 466 1680 595">
    <p class='ocr_par' dir='ltr' id='par_1_8' title="bbox 1362 466 1680 595">
     <span class='ocr_line' id='line_1_11' title="bbox 1362 466 1679 529; baseline 0.003 -14"><span class='ocrx_word' id='word_1_50' title='bbox 1362 473 1511 527; x_wconf 84' lang='grc' dir='ltr'><em>Λέγεις</em></span> <span class='ocrx_word' id='word_1_51' title='bbox 1541 471 1610 525; x_wconf 75' lang='grc' dir='ltr'><em>δὲ,</em></span> <span class='ocrx_word' id='word_1_52' title='bbox 1650 466 1679 529; x_wconf 83' lang='grc' dir='ltr'><em>ἦ</em></span> 
     </span>
     <span class='ocr_line' id='line_1_12' title="bbox 1369 538 1680 595; baseline 0 -13"><span class='ocrx_word' id='word_1_53' title='bbox 1369 539 1458 595; x_wconf 75' lang='grc' dir='ltr'><em>Τὴν</em></span> <span class='ocrx_word' id='word_1_54' title='bbox 1493 538 1578 583; x_wconf 83' lang='grc' dir='ltr'><em>ἀπὸ</em></span> <span class='ocrx_word' id='word_1_55' title='bbox 1619 556 1680 583; x_wconf 83' lang='grc' dir='ltr'><em>τι-</em></span> 
     </span>
    </p>
   </div>
   <div class='ocr_carea' id='block_1_9' title="bbox 290 605 1680 666">
    <p class='ocr_par' dir='ltr' id='par_1_9' title="bbox 290 605 1680 666">
     <span class='ocr_line' id='line_1_13' title="bbox 290 605 1680 666; baseline 0.001 -15"><span class='ocrx_word' id='word_1_56' title='bbox 290 624 524 663; x_wconf 83' lang='grc' dir='ltr'><em>μηματων,</em></span> <span class='ocrx_word' id='word_1_57' title='bbox 554 605 610 665; x_wconf 80' lang='grc' dir='ltr'><em>ἦν</em></span> <span class='ocrx_word' id='word_1_58' title='bbox 640 608 682 653; x_wconf 82' lang='grc' dir='ltr'><em>δ’</em></span> <span class='ocrx_word' id='word_1_59' title='bbox 717 609 832 665; x_wconf 81' lang='grc' dir='ltr'><em>ἐγω,</em></span> <span class='ocrx_word' id='word_1_60' title='bbox 867 609 1115 660; x_wconf 83' lang='grc' dir='ltr'><em>πολιτείαν,</em></span> <span class='ocrx_word' id='word_1_61' title='bbox 1157 608 1205 651; x_wconf 76' lang='grc' dir='ltr'><em>ἐν</em></span> <span class='ocrx_word' id='word_1_62' title='bbox 1234 610 1262 666; x_wconf 78' lang='grc' dir='ltr'><em>,ἡ</em></span> <span class='ocrx_word' id='word_1_63' title='bbox 1293 609 1337 652; x_wconf 84' lang='grc' dir='ltr'><em>οἱ</em></span> <span class='ocrx_word' id='word_1_64' title='bbox 1366 607 1444 663; x_wconf 80' lang='grc' dir='ltr'><em>μὲν</em></span> <span class='ocrx_word' id='word_1_65' title='bbox 1472 605 1680 652; x_wconf 85' lang='grc' dir='ltr'><em>πλούσιοι</em></span> 
     </span>
    </p>
   </div>
   <div class='ocr_carea' id='block_1_10' title="bbox 225 673 1285 732">
    <p class='ocr_par' dir='ltr' id='par_1_10' title="bbox 225 673 1285 732">
     <span class='ocr_line' id='line_1_14' title="bbox 225 673 1285 732; baseline 0.003 -15"><span class='ocrx_word' id='word_1_66' title='bbox 225 674 263 714; x_wconf 91' lang='lat' dir='ltr'>D</span> <span class='ocrx_word' id='word_1_67' title='bbox 296 674 502 732; x_wconf 76' lang='grc' dir='ltr'><em>ἄρχουσι,</em></span> <span class='ocrx_word' id='word_1_68' title='bbox 541 677 692 732; x_wconf 84' lang='grc' dir='ltr'><em>πένητι</em></span> <span class='ocrx_word' id='word_1_69' title='bbox 728 677 775 720; x_wconf 80' lang='grc' dir='ltr'><em>δὲ</em></span> <span class='ocrx_word' id='word_1_70' title='bbox 809 675 863 720; x_wconf 83' lang='grc' dir='ltr'><em>οὐ</em></span> <span class='ocrx_word' id='word_1_71' title='bbox 902 675 1096 732; x_wconf 83' lang='grc' dir='ltr'><em>μέτεστιν</em></span> <span class='ocrx_word' id='word_1_72' title='bbox 1140 673 1285 731; x_wconf 78' lang='grc' dir='ltr'>ἀρχῆς.</span> 
     </span>
    </p>
   </div>
   <div class='ocr_carea' id='block_1_11' title="bbox 292 742 428 796">
    <p class='ocr_par' dir='ltr' id='par_1_11' title="bbox 292 742 428 796">
     <span class='ocr_line' id='line_1_15' title="bbox 292 742 428 796; baseline 0.015 -9"><span class='ocrx_word' id='word_1_73' title='bbox 292 742 336 787; x_wconf 83' lang='grc' dir='ltr'><em>δ’</em></span> <span class='ocrx_word' id='word_1_74' title='bbox 368 744 428 796; x_wconf 82' lang='grc' dir='ltr'><em>ὅς.</em></span> 
     </span>
    </p>
   </div>
   <div class='ocr_carea' id='block_1_12' title="bbox 1358 673 1680 732">
    <p class='ocr_par' dir='ltr' id='par_1_12' title="bbox 1358 673 1680 732">
     <span class='ocr_line' id='line_1_16' title="bbox 1358 673 1680 732; baseline 0.003 -13"><span class='ocrx_word' id='word_1_75' title='bbox 1358 675 1614 727; x_wconf 77' lang='grc' dir='ltr'><em>Μανθάνω,</em></span> <span class='ocrx_word' id='word_1_76' title='bbox 1652 673 1680 732; x_wconf 80' lang='grc' dir='ltr'><em>ἦ</em></span> 
     </span>
    </p>
   </div>
   <div class='ocr_carea' id='block_1_13' title="bbox 290 743 1681 870">
    <p class='ocr_par' dir='ltr' id='par_1_13' title="bbox 290 743 1681 870">
     <span class='ocr_line' id='line_1_17' title="bbox 491 743 1681 800; baseline -0.003 -11"><span class='ocrx_word' id='word_1_77' title='bbox 491 744 670 789; x_wconf 85' lang='grc' dir='ltr'><em>Οὐκοῦν</em></span> <span class='ocrx_word' id='word_1_78' title='bbox 701 743 759 797; x_wconf 75' lang='grc' dir='ltr'><em>ὥς</em></span> <span class='ocrx_word' id='word_1_79' title='bbox 788 745 1036 800; x_wconf 82' lang='grc' dir='ltr'><em>μεταβαίνει</em></span> <span class='ocrx_word' id='word_1_80' title='bbox 1065 747 1237 798; x_wconf 82' lang='grc' dir='ltr'><em>πρῶτον</em></span> <span class='ocrx_word' id='word_1_81' title='bbox 1268 743 1314 788; x_wconf 74' lang='grc' dir='ltr'><em>ἐκ</em></span> <span class='ocrx_word' id='word_1_82' title='bbox 1349 748 1426 800; x_wconf 80' lang='grc' dir='ltr'><em>τῆς</em></span> <span class='ocrx_word' id='word_1_83' title='bbox 1454 743 1681 799; x_wconf 78' lang='grc' dir='ltr'><em>τιμαρχίας</em></span> 
     </span>
     <span class='ocr_line' id='line_1_18' title="bbox 290 811 1116 870; baseline -0.002 -14"><span class='ocrx_word' id='word_1_84' title='bbox 290 814 354 863; x_wconf 80' lang='grc' dir='ltr'><em>ἐἰς</em></span> <span class='ocrx_word' id='word_1_85' title='bbox 385 813 469 870; x_wconf 80' lang='grc' dir='ltr'><em>τὴν</em></span> <span class='ocrx_word' id='word_1_86' title='bbox 500 811 775 869; x_wconf 80' lang='grc' dir='ltr'><em>ὀλιγαρχίαν,</em></span> <span class='ocrx_word' id='word_1_87' title='bbox 807 811 986 868; x_wconf 81' lang='grc' dir='ltr'><em>ῥητέον,·</em></span> <span class='ocrx_word' id='word_1_88' title='bbox 1014 813 1116 854; x_wconf 90' lang='grc' dir='ltr'><em>Ναί.</em></span> 
     </span>
    </p>
   </div>
   <div class='ocr_carea' id='block_1_14' title="bbox 1179 807 1681 868">
    <p class='ocr_par' dir='ltr' id='par_1_14' title="bbox 1179 807 1681 868">
     <span class='ocr_line' id='line_1_19' title="bbox 1179 807 1681 868; baseline -0.004 -12"><span class='ocrx_word' id='word_1_89' title='bbox 1179 813 1266 856; x_wconf 89' lang='grc' dir='ltr'><em>Καὶ</em></span> <span class='ocrx_word' id='word_1_90' title='bbox 1287 811 1397 868; x_wconf 78' lang='grc' dir='ltr'><em>μήν,</em></span> <span class='ocrx_word' id='word_1_91' title='bbox 1428 807 1485 867; x_wconf 81' lang='grc' dir='ltr'><em>ἦν</em></span> <span class='ocrx_word' id='word_1_92' title='bbox 1508 810 1551 856; x_wconf 83' lang='grc' dir='ltr'><em>δ’</em></span> <span class='ocrx_word' id='word_1_93' title='bbox 1582 810 1681 866; x_wconf 74' lang='grc' dir='ltr'><em>ἐγώ,</em></span> 
     </span>
    </p>
   </div>
   <div class='ocr_carea' id='block_1_15' title="bbox 291 877 1682 941">
    <p class='ocr_par' dir='ltr' id='par_1_15' title="bbox 291 877 1682 941">
     <span class='ocr_line' id='line_1_20' title="bbox 291 877 1682 941; baseline -0.002 -17"><span class='ocrx_word' id='word_1_94' title='bbox 291 881 366 926; x_wconf 76' lang='grc' dir='ltr'><em>καὶ</em></span> <span class='ocrx_word' id='word_1_95' title='bbox 395 885 547 941; x_wconf 74' lang='grc' dir='ltr'><em>τυφλῷ</em></span> <span class='ocrx_word' id='word_1_96' title='bbox 574 897 622 937; x_wconf 85' lang='grc' dir='ltr'><em>γε</em></span> <span class='ocrx_word' id='word_1_97' title='bbox 652 883 812 937; x_wconf 85' lang='grc' dir='ltr'><em>δῆλον,</em></span> <span class='ocrx_word' id='word_1_98' title='bbox 844 880 904 932; x_wconf 75' lang='grc' dir='ltr'><em>ὥς</em></span> <span class='ocrx_word' id='word_1_99' title='bbox 929 881 1193 937; x_wconf 85' lang='grc' dir='ltr'><em>μεταβαίνει.</em></span> <span class='ocrx_word' id='word_1_100' title='bbox 1226 883 1352 930; x_wconf 68' lang='grc' dir='ltr'><em>Πῶς,</em></span> <span class='ocrx_word' id='word_1_101' title='bbox 1388 877 1448 922; x_wconf 86' lang='grc' dir='ltr'><em>Τὸ</em></span> <span class='ocrx_word' id='word_1_102' title='bbox 1471 883 1682 934; x_wconf 83' lang='grc' dir='ltr'><em>ταμιεῖον,</em></span> 
     </span>
    </p>
   </div>
   <div class='ocr_carea' id='block_1_16' title="bbox 293 1026 957 1111">
    <p class='ocr_par' dir='ltr' id='par_1_16' title="bbox 293 1026 957 1111">
     <span class='ocr_line' id='line_1_21' title="bbox 338 1026 957 1074; baseline 0.002 -11"><span class='ocrx_word' id='word_1_103' title='bbox 338 1026 431 1073; x_wconf 72' lang='grc' dir='ltr'><em>μετὰ</em></span> <span class='ocrx_word' id='word_1_104' title='bbox 459 1030 596 1073; x_wconf 78' lang='grc' dir='ltr'><em>τοῦτο]</em></span> <span class='ocrx_word' id='word_1_105' title='bbox 631 1030 839 1074; x_wconf 82' lang='grc' dir='ltr'><em>μετατοῦτο</em></span> <span class='ocrx_word' id='word_1_106' title='bbox 863 1029 957 1064; x_wconf 86' lang='lat' dir='ltr'><strong>Mon.</strong></span> 
     </span>
     <span class='ocr_line' id='line_1_22' title="bbox 293 1076 621 1111; baseline 0.003 -3"><span class='ocrx_word' id='word_1_107' title='bbox 293 1076 334 1111; x_wconf 84' lang='lat' dir='ltr'><em>B.</em></span> <span class='ocrx_word' id='word_1_108' title='bbox 362 1076 434 1111; x_wconf 72' lang='grc' dir='ltr'><em>ΑΜ,</em></span> <span class='ocrx_word' id='word_1_109' title='bbox 461 1077 541 1110; x_wconf 85' lang='lat' dir='ltr'><strong>Bas.</strong></span> <span class='ocrx_word' id='word_1_110' title='bbox 566 1078 621 1110; x_wconf 83' lang='lat' dir='ltr'><em>ab.</em></span> 
     </span>
    </p>
   </div>
   <div class='ocr_carea' id='block_1_17' title="bbox 293 1119 964 1987">
    <p class='ocr_par' dir='ltr' id='par_1_17' title="bbox 293 1119 964 1857">
     <span class='ocr_line' id='line_1_23' title="bbox 340 1119 960 1166; baseline 0 -11"><span class='ocrx_word' id='word_1_111' title='bbox 340 1119 383 1156; x_wconf 85' lang='grc' dir='ltr'><em>τὸ</em></span> <span class='ocrx_word' id='word_1_112' title='bbox 411 1122 478 1155; x_wconf 84' lang='grc' dir='ltr'><em>τοῦ</em></span> <span class='ocrx_word' id='word_1_113' title='bbox 506 1121 686 1165; x_wconf 80' lang='grc' dir='ltr'><em>Αἰσχύλου</em></span> <span class='ocrx_word' id='word_1_114' title='bbox 695 1122 719 1166; x_wconf 84' lang='grc'><em>,]</em></span> <span class='ocrx_word' id='word_1_115' title='bbox 745 1128 783 1156; x_wconf 85' lang='lat' dir='ltr'><em>ut</em></span> <span class='ocrx_word' id='word_1_116' title='bbox 799 1134 874 1156; x_wconf 84' lang='lat' dir='ltr'><em>cum</em></span> <span class='ocrx_word' id='word_1_117' title='bbox 892 1123 960 1155; x_wconf 79' lang='lat' dir='ltr'><em>Ae-</em></span> 
     </span>
     <span class='ocr_line' id='line_1_24' title="bbox 293 1169 959 1212; baseline -0.003 -10"><span class='ocrx_word' id='word_1_118' title='bbox 293 1169 407 1211; x_wconf 74' lang='lat' dir='ltr'>schylo</span> <span class='ocrx_word' id='word_1_119' title='bbox 451 1170 583 1212; x_wconf 81' lang='lat' dir='ltr'><strong>loquar.</strong></span> <span class='ocrx_word' id='word_1_120' title='bbox 631 1169 766 1201; x_wconf 81' lang='lat' dir='ltr'><strong>Priores</strong></span> <span class='ocrx_word' id='word_1_121' title='bbox 799 1169 959 1201; x_wconf 85' lang='lat' dir='ltr'>Bekkero</span> 
     </span>
     <span class='ocr_line' id='line_1_25' title="bbox 294 1211 957 1268; baseline -0.002 -20"><span class='ocrx_word' id='word_1_122' title='bbox 294 1214 444 1248; x_wconf 78' lang='lat' dir='ltr'><strong>editores</strong></span> <span class='ocrx_word' id='word_1_123' title='bbox 468 1226 650 1268; x_wconf 81' lang='lat' dir='ltr'>perperam</span> <span class='ocrx_word' id='word_1_124' title='bbox 678 1217 756 1259; x_wconf 86' lang='lat' dir='ltr'>post</span> <span class='ocrx_word' id='word_1_125' title='bbox 787 1211 957 1257; x_wconf 80' lang='grc' dir='ltr'><em>λέγωμεν,</em></span> 
     </span>
     <span class='ocr_line' id='line_1_26' title="bbox 294 1257 958 1305; baseline -0.002 -11"><span class='ocrx_word' id='word_1_126' title='bbox 294 1272 361 1294; x_wconf 89' lang='lat' dir='ltr'><em>non</em></span> <span class='ocrx_word' id='word_1_127' title='bbox 415 1266 494 1305; x_wconf 85' lang='lat' dir='ltr'>post</span> <span class='ocrx_word' id='word_1_128' title='bbox 539 1257 720 1304; x_wconf 79' lang='grc' dir='ltr'><em>Αἰσχύλου</em></span> <span class='ocrx_word' id='word_1_129' title='bbox 771 1260 958 1293; x_wconf 78' lang='lat' dir='ltr'><strong>incidentes</strong></span> 
     </span>
     <span class='ocr_line' id='line_1_27' title="bbox 294 1306 957 1342; baseline -0.002 -2"><span class='ocrx_word' id='word_1_130' title='bbox 294 1306 482 1340; x_wconf 83' lang='lat' dir='ltr'>mationem</span> <span class='ocrx_word' id='word_1_131' title='bbox 506 1306 644 1339; x_wconf 80' lang='lat' dir='ltr'>similem</span> <span class='ocrx_word' id='word_1_132' title='bbox 667 1306 888 1342; x_wconf 65' lang='lat' dir='ltr'>reddiderunt</span> <span class='ocrx_word' id='word_1_133' title='bbox 908 1306 957 1339; x_wconf 81' lang='lat' dir='ltr'>illi</span> 
     </span>
     <span class='ocr_line' id='line_1_28' title="bbox 293 1349 958 1397; baseline 0 -11"><span class='ocrx_word' id='word_1_134' title='bbox 293 1352 337 1387; x_wconf 91' lang='lat' dir='ltr'><em>L.</em></span> <span class='ocrx_word' id='word_1_135' title='bbox 362 1353 438 1385; x_wconf 87' lang='lat' dir='ltr'><strong>VII.</strong></span> <span class='ocrx_word' id='word_1_136' title='bbox 463 1365 498 1397; x_wconf 89' lang='lat' dir='ltr'><em>p.</em></span> <span class='ocrx_word' id='word_1_137' title='bbox 512 1354 589 1388; x_wconf 79' lang='grc'>516.</span> <span class='ocrx_word' id='word_1_138' title='bbox 612 1352 661 1385; x_wconf 92' lang='lat' dir='ltr'><em>D:</em></span> <span class='ocrx_word' id='word_1_139' title='bbox 686 1350 730 1386; x_wconf 91' lang='grc' dir='ltr'><em>τὸ</em></span> <span class='ocrx_word' id='word_1_140' title='bbox 757 1352 824 1386; x_wconf 85' lang='grc' dir='ltr'><em>τοῦ</em></span> <span class='ocrx_word' id='word_1_141' title='bbox 845 1349 958 1396; x_wconf 83' lang='grc' dir='ltr'><em>Ομή-</em></span> 
     </span>
     <span class='ocr_line' id='line_1_29' title="bbox 295 1394 960 1442; baseline -0.002 -11"><span class='ocrx_word' id='word_1_142' title='bbox 295 1410 363 1442; x_wconf 86' lang='grc' dir='ltr'><em>ρον</em></span> <span class='ocrx_word' id='word_1_143' title='bbox 389 1394 437 1431; x_wconf 73' lang='grc' dir='ltr'><em>ἂν</em></span> <span class='ocrx_word' id='word_1_144' title='bbox 462 1395 706 1433; x_wconf 80' lang='grc' dir='ltr'><em>πεπονθέναι.</em></span> <span class='ocrx_word' id='word_1_145' title='bbox 754 1398 865 1432; x_wconf 86' lang='lat' dir='ltr'>Locus</span> <span class='ocrx_word' id='word_1_146' title='bbox 890 1400 960 1431; x_wconf 89' lang='lat' dir='ltr'><em>Ae—</em></span> 
     </span>
     <span class='ocr_line' id='line_1_30' title="bbox 296 1444 959 1490; baseline -0.003 -11"><span class='ocrx_word' id='word_1_147' title='bbox 296 1445 426 1488; x_wconf 81' lang='lat' dir='ltr'>schyli‚</span> <span class='ocrx_word' id='word_1_148' title='bbox 460 1456 559 1490; x_wconf 85' lang='lat' dir='ltr'>quem</span> <span class='ocrx_word' id='word_1_149' title='bbox 584 1445 681 1478; x_wconf 83' lang='lat' dir='ltr'>Plato</span> <span class='ocrx_word' id='word_1_150' title='bbox 705 1444 738 1478; x_wconf 87' lang='lat' dir='ltr'>in</span> <span class='ocrx_word' id='word_1_151' title='bbox 764 1448 875 1477; x_wconf 81' lang='lat' dir='ltr'>mente</span> <span class='ocrx_word' id='word_1_152' title='bbox 899 1445 959 1477; x_wconf 86' lang='lat' dir='ltr'><em>ha-</em></span> 
     </span>
     <span class='ocr_line' id='line_1_31' title="bbox 295 1491 960 1535; baseline 0 -11"><span class='ocrx_word' id='word_1_153' title='bbox 295 1491 410 1525; x_wconf 86' lang='lat' dir='ltr'>buisse</span> <span class='ocrx_word' id='word_1_154' title='bbox 434 1494 468 1524; x_wconf 87' lang='lat' dir='ltr'><em>et</em></span> <span class='ocrx_word' id='word_1_155' title='bbox 492 1491 582 1525; x_wconf 88' lang='lat' dir='ltr'>sicut</span> <span class='ocrx_word' id='word_1_156' title='bbox 604 1491 818 1524; x_wconf 72' lang='lat' dir='ltr'>Homeiieuni</span> <span class='ocrx_word' id='word_1_157' title='bbox 836 1502 868 1535; x_wconf 92' lang='lat' dir='ltr'><em>p.</em></span> <span class='ocrx_word' id='word_1_158' title='bbox 881 1491 960 1524; x_wconf 78' lang='lat'><strong>545.</strong></span> 
     </span>
     <span class='ocr_line' id='line_1_32' title="bbox 296 1537 962 1580; baseline -0.002 -10"><span class='ocrx_word' id='word_1_159' title='bbox 296 1537 338 1570; x_wconf 90' lang='lat' dir='ltr'><em>D.</em></span> <span class='ocrx_word' id='word_1_160' title='bbox 374 1541 462 1571; x_wconf 82' lang='lat' dir='ltr'><strong>extr.</strong></span> <span class='ocrx_word' id='word_1_161' title='bbox 505 1538 547 1570; x_wconf 85' lang='lat' dir='ltr'><em>ad</em></span> <span class='ocrx_word' id='word_1_162' title='bbox 589 1548 686 1570; x_wconf 87' lang='lat' dir='ltr'>suum</span> <span class='ocrx_word' id='word_1_163' title='bbox 729 1542 962 1580; x_wconf 78' lang='lat' dir='ltr'>argumentum</span> 
     </span>
     <span class='ocr_line' id='line_1_33' title="bbox 296 1583 960 1627; baseline 0.002 -11"><span class='ocrx_word' id='word_1_164' title='bbox 296 1588 445 1617; x_wconf 82' lang='lat' dir='ltr'>mutasse</span> <span class='ocrx_word' id='word_1_165' title='bbox 469 1583 622 1624; x_wconf 84' lang='lat' dir='ltr'>videtur,</span> <span class='ocrx_word' id='word_1_166' title='bbox 657 1586 709 1616; x_wconf 84' lang='lat' dir='ltr'><em>est</em></span> <span class='ocrx_word' id='word_1_167' title='bbox 745 1583 843 1627; x_wconf 84' lang='lat' dir='ltr'><strong>Sept.</strong></span> <span class='ocrx_word' id='word_1_168' title='bbox 869 1583 960 1617; x_wconf 79' lang='grc'>436·</span> 
     </span>
     <span class='ocr_line' id='line_1_34' title="bbox 298 1625 961 1672; baseline -0.003 -9"><span class='ocrx_word' id='word_1_169' title='bbox 298 1626 369 1672; x_wconf 82' lang='grc' dir='ltr'><em>λέγ’</em></span> <span class='ocrx_word' id='word_1_170' title='bbox 395 1625 507 1663; x_wconf 73' lang='grc' dir='ltr'><em>ἄλλον</em></span> <span class='ocrx_word' id='word_1_171' title='bbox 532 1625 659 1667; x_wconf 76' lang='grc' dir='ltr'><em>ἄλλαις</em></span> <span class='ocrx_word' id='word_1_172' title='bbox 687 1625 724 1662; x_wconf 77' lang='grc' dir='ltr'><em>ἐν</em></span> <span class='ocrx_word' id='word_1_173' title='bbox 750 1628 865 1662; x_wconf 80' lang='grc' dir='ltr'><em>πύλαι</em></span> <span class='ocrx_word' id='word_1_174' title='bbox 854 1641 886 1667; x_wconf 79' lang='grc' dir='ltr'><em>ις</em></span> <span class='ocrx_word' id='word_1_175' title='bbox 913 1628 961 1661; x_wconf 85' lang='grc' dir='ltr'><em>εἰ-</em></span> 
     </span>
     <span class='ocr_line' id='line_1_35' title="bbox 299 1672 963 1731; baseline -0.002 -23"><span class='ocrx_word' id='word_1_176' title='bbox 299 1673 451 1731; x_wconf 84' lang='grc' dir='ltr'><em>ληχότα.</em></span> <span class='ocrx_word' id='word_1_177' title='bbox 496 1676 565 1709; x_wconf 89' lang='lat' dir='ltr'><em>Sed</em></span> <span class='ocrx_word' id='word_1_178' title='bbox 590 1672 812 1718; x_wconf 79' lang='grc' dir='ltr'><em>τεταγμένον</em></span> <span class='ocrx_word' id='word_1_179' title='bbox 829 1685 963 1720; x_wconf 86' lang='lat' dir='ltr'>quoque</span> 
     </span>
     <span class='ocr_line' id='line_1_36' title="bbox 299 1719 962 1776; baseline -0.005 -20"><span class='ocrx_word' id='word_1_180' title='bbox 299 1726 335 1756; x_wconf 84' lang='lat' dir='ltr'><em>et</em></span> <span class='ocrx_word' id='word_1_181' title='bbox 376 1733 403 1755; x_wconf 85' lang='grc' dir='ltr'><em>π</em></span> <span class='ocrx_word' id='word_1_182' title='bbox 431 1719 472 1761; x_wconf 86' lang='grc' dir='ltr'><em>ός</em></span> <span class='ocrx_word' id='word_1_183' title='bbox 506 1722 573 1754; x_wconf 82' lang='lat' dir='ltr'><em>Aes</em></span> <span class='ocrx_word' id='word_1_184' title='bbox 576 1721 730 1776; x_wconf 87' lang='lat' dir='ltr'>chyleum</span> <span class='ocrx_word' id='word_1_185' title='bbox 762 1724 817 1754; x_wconf 85' lang='lat' dir='ltr'><em>est</em></span> <span class='ocrx_word' id='word_1_186' title='bbox 851 1732 893 1754; x_wconf 88' lang='lat' dir='ltr'><em>ex</em></span> <span class='ocrx_word' id='word_1_187' title='bbox 929 1732 962 1754; x_wconf 87' lang='lat' dir='ltr'><em>v.</em></span> 
     </span>
     <span class='ocr_line' id='line_1_37' title="bbox 299 1764 964 1822; baseline -0.005 -20"><span class='ocrx_word' id='word_1_188' title='bbox 299 1768 385 1802; x_wconf 87' lang='lat'>555:</span> <span class='ocrx_word' id='word_1_189' title='bbox 421 1766 629 1822; x_wconf 83' lang='grc' dir='ltr'><em>Ομολωΐσιν</em></span> <span class='ocrx_word' id='word_1_190' title='bbox 653 1764 692 1801; x_wconf 82' lang='grc' dir='ltr'><em>δε</em></span> <span class='ocrx_word' id='word_1_191' title='bbox 712 1765 809 1811; x_wconf 81' lang='grc' dir='ltr'><em>πρὸς</em></span> <span class='ocrx_word' id='word_1_192' title='bbox 829 1764 964 1805; x_wconf 80' lang='grc' dir='ltr'><em>πύλαις</em></span> 
     </span>
     <span class='ocr_line' id='line_1_38' title="bbox 299 1811 530 1869; baseline -0.009 -21"><span class='ocrx_word' id='word_1_193' title='bbox 299 1811 530 1869; x_wconf 77' lang='grc' dir='ltr'><em>τεταγμένος.</em></span> 
     </span>
    </p>

    <p class='ocr_par' dir='ltr' id='par_1_18' title="bbox 300 1857 964 1987">
     <span class='ocr_line' id='line_1_39' title="bbox 346 1857 964 1904; baseline -0.005 -11"><span class='ocrx_word' id='word_1_194' title='bbox 346 1857 526 1904; x_wconf 87' lang='grc' dir='ltr'><em>λέγωμεν]</em></span> <span class='ocrx_word' id='word_1_195' title='bbox 562 1857 712 1903; x_wconf 86' lang='grc' dir='ltr'><em>λέγομεν</em></span> <span class='ocrx_word' id='word_1_196' title='bbox 753 1858 964 1893; x_wconf 77' lang='lat' dir='ltr'><strong>Vind.13F.</strong></span> 
     </span>
     <span class='ocr_line' id='line_1_40' title="bbox 300 1904 964 1950; baseline -0.003 -10"><span class='ocrx_word' id='word_1_197' title='bbox 300 1907 388 1950; x_wconf 85' lang='lat' dir='ltr'><strong>Ang.</strong></span> <span class='ocrx_word' id='word_1_198' title='bbox 422 1907 462 1940; x_wconf 90' lang='lat' dir='ltr'><em>B.</em></span> <span class='ocrx_word' id='word_1_199' title='bbox 507 1907 586 1939; x_wconf 82' lang='lat' dir='ltr'><strong>Vat.</strong></span> <span class='ocrx_word' id='word_1_200' title='bbox 612 1906 657 1940; x_wconf 95' lang='lat' dir='ltr'><em>H.</em></span> <span class='ocrx_word' id='word_1_201' title='bbox 692 1905 723 1938; x_wconf 88' lang='lat' dir='ltr'><strong>F</strong></span> <span class='ocrx_word' id='word_1_202' title='bbox 727 1904 789 1938; x_wconf 84' lang='lat' dir='ltr'><strong>lor.</strong></span> <span class='ocrx_word' id='word_1_203' title='bbox 823 1905 964 1938; x_wconf 88' lang='lat' dir='ltr'><strong>ACRT.</strong></span> 
     </span>
     <span class='ocr_line' id='line_1_41' title="bbox 301 1952 554 1987; baseline 0 -1"><span class='ocrx_word' id='word_1_204' title='bbox 301 1954 448 1987; x_wconf 79' lang='lat' dir='ltr'><em>dicimus</em></span> <span class='ocrx_word' id='word_1_205' title='bbox 477 1952 554 1986; x_wconf 89' lang='lat' dir='ltr'><strong>Fic.</strong></span> 
     </span>
    </p>
   </div>
   <div class='ocr_carea' id='block_1_18' title="bbox 299 2001 968 2378">
    <p class='ocr_par' dir='ltr' id='par_1_19' title="bbox 301 2001 967 2239">
     <span class='ocr_line' id='line_1_42' title="bbox 348 2001 965 2053; baseline -0.008 -10"><span class='ocrx_word' id='word_1_206' title='bbox 348 2009 483 2053; x_wconf 89' lang='grc' dir='ltr'><em>αλλον]</em></span> <span class='ocrx_word' id='word_1_207' title='bbox 511 2004 624 2042; x_wconf 75' lang='grc' dir='ltr'><em>ἄλλον</em></span> <span class='ocrx_word' id='word_1_208' title='bbox 648 2007 741 2042; x_wconf 84' lang='grc' dir='ltr'>Μοῃ.</span> <span class='ocrx_word' id='word_1_209' title='bbox 767 2007 807 2039; x_wconf 98' lang='grc' dir='ltr'><em>Β.</em></span> <span class='ocrx_word' id='word_1_210' title='bbox 832 2025 878 2030; x_wconf 95' lang='grc'>-</span> <span class='ocrx_word' id='word_1_211' title='bbox 902 2001 965 2039; x_wconf 73' lang='grc' dir='ltr'><em>ἄλ-</em></span> 
     </span>
     <span class='ocr_line' id='line_1_43' title="bbox 301 2053 966 2100; baseline -0.008 -10"><span class='ocrx_word' id='word_1_212' title='bbox 301 2058 366 2090; x_wconf 88' lang='grc' dir='ltr'><em>λον</em></span> <span class='ocrx_word' id='word_1_213' title='bbox 389 2056 509 2100; x_wconf 82' lang='lat' dir='ltr'><strong>steph.</strong></span> <span class='ocrx_word' id='word_1_214' title='bbox 533 2055 608 2088; x_wconf 81' lang='lat' dir='ltr'><strong>Ast.</strong></span> <span class='ocrx_word' id='word_1_215' title='bbox 635 2065 703 2087; x_wconf 84' lang='lat' dir='ltr'><strong>sec.</strong></span> <span class='ocrx_word' id='word_1_216' title='bbox 728 2053 859 2086; x_wconf 84' lang='lat' dir='ltr'>Eodem</span> <span class='ocrx_word' id='word_1_217' title='bbox 884 2063 966 2086; x_wconf 89' lang='lat' dir='ltr'>con-</span> 
     </span>
     <span class='ocr_line' id='line_1_44' title="bbox 301 2099 967 2142; baseline -0.008 -6"><span class='ocrx_word' id='word_1_218' title='bbox 301 2103 374 2137; x_wconf 89' lang='lat' dir='ltr'>silio</span> <span class='ocrx_word' id='word_1_219' title='bbox 388 2103 567 2136; x_wconf 86' lang='lat' dir='ltr'>Bekkerus</span> <span class='ocrx_word' id='word_1_220' title='bbox 589 2104 624 2134; x_wconf 87' lang='lat' dir='ltr'><em>et</em></span> <span class='ocrx_word' id='word_1_221' title='bbox 637 2099 881 2133; x_wconf 82' lang='lat' dir='ltr'>Stalibaumius</span> <span class='ocrx_word' id='word_1_222' title='bbox 905 2110 967 2142; x_wconf 83' lang='lat' dir='ltr'><em>pe-</em></span> 
     </span>
     <span class='ocr_line' id='line_1_45' title="bbox 302 2144 965 2182; baseline -0.008 0"><span class='ocrx_word' id='word_1_223' title='bbox 302 2148 465 2182; x_wconf 81' lang='lat' dir='ltr'>culiarem</span> <span class='ocrx_word' id='word_1_224' title='bbox 489 2147 541 2181; x_wconf 87' lang='lat' dir='ltr'><em>his</em></span> <span class='ocrx_word' id='word_1_225' title='bbox 566 2158 700 2179; x_wconf 89' lang='lat' dir='ltr'>versum</span> <span class='ocrx_word' id='word_1_226' title='bbox 718 2146 894 2179; x_wconf 87' lang='lat' dir='ltr'>dederunt.</span> <span class='ocrx_word' id='word_1_227' title='bbox 910 2144 965 2178; x_wconf 89' lang='lat' dir='ltr'><em>Cf.</em></span> 
     </span>
     <span class='ocr_line' id='line_1_46' title="bbox 302 2194 504 2239; baseline -0.021 -8"><span class='ocrx_word' id='word_1_228' title='bbox 302 2194 447 2231; x_wconf 86' lang='lat' dir='ltr'><strong>V01.11.</strong></span> <span class='ocrx_word' id='word_1_229' title='bbox 471 2206 504 2239; x_wconf 85' lang='lat' dir='ltr'><em>p.</em></span> 
     </span>
    </p>

    <p class='ocr_par' dir='ltr' id='par_1_20' title="bbox 348 2238 459 2284">
     <span class='ocr_line' id='line_1_47' title="bbox 348 2238 459 2284; baseline -0.009 -10"><span class='ocrx_word' id='word_1_230' title='bbox 348 2238 459 2284; x_wconf 72' lang='grc' dir='ltr'><em>ἄλλῃ]</em></span> 
     </span>
    </p>

    <p class='ocr_par' dir='ltr' id='par_1_21' title="bbox 299 2283 968 2378">
     <span class='ocr_line' id='line_1_48' title="bbox 347 2283 968 2329; baseline -0.006 -9"><span class='ocrx_word' id='word_1_231' title='bbox 347 2284 593 2329; x_wconf 79' lang='grc' dir='ltr'><em>τεταγμένον]</em></span> <span class='ocrx_word' id='word_1_232' title='bbox 620 2285 674 2318; x_wconf 84' lang='lat' dir='ltr'><em>Ita</em></span> <span class='ocrx_word' id='word_1_233' title='bbox 697 2284 793 2319; x_wconf 85' lang='lat' dir='ltr'><strong>Mon.</strong></span> <span class='ocrx_word' id='word_1_234' title='bbox 817 2283 856 2318; x_wconf 88' lang='grc' dir='ltr'>Β.</span> <span class='ocrx_word' id='word_1_235' title='bbox 883 2294 905 2317; x_wconf 87' lang='lat' dir='ltr'>a</span> <span class='ocrx_word' id='word_1_236' title='bbox 924 2294 968 2316; x_wconf 88' lang='lat' dir='ltr'><em>m.</em></span> 
     </span>
     <span class='ocr_line' id='line_1_49' title="bbox 299 2330 773 2378; baseline -0.004 -12"><span class='ocrx_word' id='word_1_237' title='bbox 299 2343 352 2378; x_wconf 89' lang='lat' dir='ltr'><em>pr.</em></span> <span class='ocrx_word' id='word_1_238' title='bbox 378 2330 601 2376; x_wconf 83' lang='grc' dir='ltr'><em>τεταγμένου</em></span> <span class='ocrx_word' id='word_1_239' title='bbox 632 2343 652 2366; x_wconf 83' lang='lat' dir='ltr'>a</span> <span class='ocrx_word' id='word_1_240' title='bbox 676 2342 719 2365; x_wconf 90' lang='lat' dir='ltr'><em>m.</em></span> <span class='ocrx_word' id='word_1_241' title='bbox 745 2341 773 2365; x_wconf 85' lang='lat' dir='ltr'><em>s.</em></span> 
     </span>
    </p>
   </div>
   <div class='ocr_carea' id='block_1_19' title="bbox 299 2384 969 2757">
    <p class='ocr_par' dir='ltr' id='par_1_22' title="bbox 299 2384 968 2517">
     <span class='ocr_line' id='line_1_50' title="bbox 345 2384 968 2434; baseline -0.008 -10"><span class='ocrx_word' id='word_1_242' title='bbox 345 2390 510 2434; x_wconf 71' lang='grc' dir='ltr'><em>μᾶλλον]</em></span> <span class='ocrx_word' id='word_1_243' title='bbox 538 2389 630 2423; x_wconf 88' lang='lat' dir='ltr'>Huic</span> <span class='ocrx_word' id='word_1_244' title='bbox 656 2387 755 2422; x_wconf 87' lang='lat' dir='ltr'><strong>Vind.</strong></span> <span class='ocrx_word' id='word_1_245' title='bbox 781 2387 823 2421; x_wconf 81' lang='lat' dir='ltr'><em>E.</em></span> <span class='ocrx_word' id='word_1_246' title='bbox 857 2387 892 2420; x_wconf 89' lang='lat' dir='ltr'>in</span> <span class='ocrx_word' id='word_1_247' title='bbox 917 2384 968 2419; x_wconf 84' lang='lat' dir='ltr'><em>al—</em></span> 
     </span>
     <span class='ocr_line' id='line_1_51' title="bbox 299 2433 968 2481; baseline -0.006 -11"><span class='ocrx_word' id='word_1_248' title='bbox 299 2440 374 2470; x_wconf 84' lang='lat' dir='ltr'>tero</span> <span class='ocrx_word' id='word_1_249' title='bbox 399 2436 552 2481; x_wconf 84' lang='lat' dir='ltr'>exemplo</span> <span class='ocrx_word' id='word_1_250' title='bbox 575 2434 638 2469; x_wconf 79' lang='grc' dir='ltr'><em>καὶ</em></span> <span class='ocrx_word' id='word_1_251' title='bbox 658 2433 891 2480; x_wconf 83' lang='lat' dir='ltr'>praepositum</span> <span class='ocrx_word' id='word_1_252' title='bbox 907 2433 968 2466; x_wconf 85' lang='lat' dir='ltr'><em>ha-</em></span> 
     </span>
     <span class='ocr_line' id='line_1_52' title="bbox 301 2483 371 2517; baseline -0.017 0"><span class='ocrx_word' id='word_1_253' title='bbox 301 2483 371 2517; x_wconf 88' lang='lat' dir='ltr'><strong>bet.</strong></span> 
     </span>
    </p>

    <p class='ocr_par' dir='ltr' id='par_1_23' title="bbox 301 2524 969 2656">
     <span class='ocr_line' id='line_1_53' title="bbox 347 2524 967 2570; baseline -0.007 -9"><span class='ocrx_word' id='word_1_254' title='bbox 347 2525 482 2567; x_wconf 85' lang='grc' dir='ltr'><em>πόλιν;</em></span> <span class='ocrx_word' id='word_1_255' title='bbox 494 2527 506 2570; x_wconf 83' lang='grc'>]</span> <span class='ocrx_word' id='word_1_256' title='bbox 543 2524 665 2561; x_wconf 89' lang='grc' dir='ltr'><em>πόλιν.</em></span> <span class='ocrx_word' id='word_1_257' title='bbox 701 2526 794 2559; x_wconf 83' lang='grc' dir='ltr'>Μοη.</span> <span class='ocrx_word' id='word_1_258' title='bbox 820 2524 858 2558; x_wconf 91' lang='grc' dir='ltr'><em>Β.</em></span> <span class='ocrx_word' id='word_1_259' title='bbox 892 2524 967 2558; x_wconf 89' lang='lat' dir='ltr'><strong>Ald.</strong></span> 
     </span>
     <span class='ocr_line' id='line_1_54' title="bbox 301 2569 969 2620; baseline -0.006 -12"><span class='ocrx_word' id='word_1_260' title='bbox 301 2586 391 2620; x_wconf 83' lang='lat' dir='ltr'>quae</span> <span class='ocrx_word' id='word_1_261' title='bbox 415 2574 519 2607; x_wconf 84' lang='lat' dir='ltr'>etiam</span> <span class='ocrx_word' id='word_1_262' title='bbox 538 2576 617 2618; x_wconf 83' lang='lat' dir='ltr'>post</span> <span class='ocrx_word' id='word_1_263' title='bbox 639 2569 862 2616; x_wconf 83' lang='grc' dir='ltr'><em>τεταγμένον</em></span> <span class='ocrx_word' id='word_1_264' title='bbox 882 2582 969 2616; x_wconf 83' lang='lat' dir='ltr'>pun-</span> 
     </span>
     <span class='ocr_line' id='line_1_55' title="bbox 305 2620 527 2656; baseline -0.014 -1"><span class='ocrx_word' id='word_1_265' title='bbox 305 2625 395 2656; x_wconf 90' lang='lat' dir='ltr'>ctum</span> <span class='ocrx_word' id='word_1_266' title='bbox 413 2620 527 2653; x_wconf 85' lang='lat' dir='ltr'><strong>habet.</strong></span> 
     </span>
    </p>

    <p class='ocr_par' dir='ltr' id='par_1_24' title="bbox 348 2663 966 2709">
     <span class='ocr_line' id='line_1_56' title="bbox 348 2663 966 2709; baseline -0.008 -9"><span class='ocrx_word' id='word_1_267' title='bbox 348 2663 549 2709; x_wconf 84' lang='grc' dir='ltr'><em>τοιαυτην]</em></span> <span class='ocrx_word' id='word_1_268' title='bbox 578 2677 643 2698; x_wconf 90' lang='lat' dir='ltr'><em>om</em></span> <span class='ocrx_word' id='word_1_269' title='bbox 661 2664 739 2698; x_wconf 84' lang='lat' dir='ltr'><strong>Par.</strong></span> <span class='ocrx_word' id='word_1_270' title='bbox 755 2664 796 2697; x_wconf 89' lang='lat' dir='ltr'><em>A.</em></span> <span class='ocrx_word' id='word_1_271' title='bbox 823 2674 899 2697; x_wconf 87' lang='lat' dir='ltr'><em>am.</em></span> <span class='ocrx_word' id='word_1_272' title='bbox 913 2674 966 2707; x_wconf 83' lang='lat' dir='ltr'><em>pr.</em></span> 
     </span>
    </p>

    <p class='ocr_par' dir='ltr' id='par_1_25' title="bbox 349 2707 968 2757">
     <span class='ocr_line' id='line_1_57' title="bbox 349 2707 968 2757; baseline -0.01 -9"><span class='ocrx_word' id='word_1_273' title='bbox 349 2710 475 2757; x_wconf 84' lang='grc' dir='ltr'><em>Λέγεις</em></span> <span class='ocrx_word' id='word_1_274' title='bbox 494 2710 559 2756; x_wconf 77' lang='grc' dir='ltr'><em>δὲ]</em></span> <span class='ocrx_word' id='word_1_275' title='bbox 585 2708 701 2754; x_wconf 85' lang='grc' dir='ltr'><em>λέγειν</em></span> <span class='ocrx_word' id='word_1_276' title='bbox 726 2707 764 2744; x_wconf 83' lang='grc' dir='ltr'><em>δ’</em></span> <span class='ocrx_word' id='word_1_277' title='bbox 790 2709 876 2744; x_wconf 89' lang='lat' dir='ltr'><strong>Lob.</strong></span> <span class='ocrx_word' id='word_1_278' title='bbox 889 2710 968 2745; x_wconf 81' lang='lat' dir='ltr'><strong>Vat.</strong></span> 
     </span>
    </p>
   </div>
   <div class='ocr_carea' id='block_1_20' title="bbox 496 2193 898 2278">
    <p class='ocr_par' dir='ltr' id='par_1_26' title="bbox 496 2193 887 2278">
     <span class='ocr_line' id='line_1_58' title="bbox 530 2193 746 2237; baseline -0.015 -9"><span class='ocrx_word' id='word_1_279' title='bbox 530 2194 610 2233; x_wconf 76' lang='lat'>257,</span> <span class='ocrx_word' id='word_1_280' title='bbox 634 2193 669 2226; x_wconf 91' lang='lat' dir='ltr'><em>b.</em></span> <span class='ocrx_word' id='word_1_281' title='bbox 695 2203 746 2237; x_wconf 87' lang='lat' dir='ltr'><em>sq.</em></span> 
     </span>
     <span class='ocr_line' id='line_1_59' title="bbox 496 2235 898 2278; baseline -0.008 -6"><span class='ocrx_word' id='word_1_282' title='bbox 496 2235 607 2278; x_wconf 74' lang='grc' dir='ltr'><em>ἄλλος</em></span> <span class='ocrx_word' id='word_1_283' title='bbox 630 2239 716 2272; x_wconf 89' lang='lat' dir='ltr'><strong>Lob.</strong></span> <span class='ocrx_word' id='word_1_284' title='bbox 741 2237 820 2272; x_wconf 79' lang='lat' dir='ltr'><strong>Vat.</strong></span> <span class='ocrx_word' id='word_1_285' title='bbox 848 2237 898 2271; x_wconf 89' lang='lat' dir='ltr'><em>M.</em></span> 
     </span>
    </p>
   </div>
   <div class='ocr_carea' id='block_1_21' title="bbox 1015 1024 1683 1166">
    <p class='ocr_par' dir='ltr' id='par_1_27' title="bbox 1015 1024 1683 1166">
     <span class='ocr_line' id='line_1_60' title="bbox 1060 1024 1683 1080; baseline -0.005 -17"><span class='ocrx_word' id='word_1_286' title='bbox 1060 1025 1311 1080; x_wconf 77' lang='grc' dir='ltr'><em>τιμημάτων]</em></span> <span class='ocrx_word' id='word_1_287' title='bbox 1335 1024 1536 1070; x_wconf 75' lang='grc' dir='ltr'><em>τμημάτων</em></span> <span class='ocrx_word' id='word_1_288' title='bbox 1567 1026 1683 1064; x_wconf 86' lang='lat' dir='ltr'>iidem.</span> 
     </span>
     <span class='ocr_line' id='line_1_61' title="bbox 1015 1071 1681 1118; baseline -0.003 -9"><span class='ocrx_word' id='word_1_289' title='bbox 1015 1076 1055 1110; x_wconf 91' lang='lat' dir='ltr'><em>In</em></span> <span class='ocrx_word' id='word_1_290' title='bbox 1078 1076 1170 1108; x_wconf 80' lang='lat' dir='ltr'><strong>Fior.</strong></span> <span class='ocrx_word' id='word_1_291' title='bbox 1195 1075 1237 1109; x_wconf 82' lang='lat' dir='ltr'><em>R.</em></span> <span class='ocrx_word' id='word_1_292' title='bbox 1259 1073 1336 1107; x_wconf 82' lang='grc' dir='ltr'><em>τῶν</em></span> <span class='ocrx_word' id='word_1_293' title='bbox 1359 1071 1538 1117; x_wconf 80' lang='grc' dir='ltr'><em>ἐνεχύρων</em></span> <span class='ocrx_word' id='word_1_294' title='bbox 1562 1084 1681 1118; x_wconf 87' lang='lat' dir='ltr'>super-</span> 
     </span>
     <span class='ocr_line' id='line_1_62' title="bbox 1016 1121 1191 1166; baseline -0.012 -11"><span class='ocrx_word' id='word_1_295' title='bbox 1016 1121 1191 1166; x_wconf 85' lang='lat' dir='ltr'>scriptum.</span> 
     </span>
    </p>
   </div>
   <div class='ocr_carea' id='block_1_22' title="bbox 1014 1187 1684 1508">
    <p class='ocr_par' dir='ltr' id='par_1_28' title="bbox 1014 1187 1684 1508">
     <span class='ocr_line' id='line_1_63' title="bbox 1063 1187 1680 1233; baseline -0.002 -10"><span class='ocrx_word' id='word_1_296' title='bbox 1063 1187 1224 1233; x_wconf 84' lang='grc' dir='ltr'><em>πένητι]</em></span> <span class='ocrx_word' id='word_1_297' title='bbox 1273 1188 1328 1221; x_wconf 83' lang='lat' dir='ltr'><em>Ita</em></span> <span class='ocrx_word' id='word_1_298' title='bbox 1375 1187 1454 1221; x_wconf 82' lang='lat' dir='ltr'><strong>Par.</strong></span> <span class='ocrx_word' id='word_1_299' title='bbox 1493 1188 1533 1221; x_wconf 92' lang='lat' dir='ltr'><strong>A.</strong></span> <span class='ocrx_word' id='word_1_300' title='bbox 1578 1187 1680 1223; x_wconf 85' lang='lat' dir='ltr'><strong>Vind.</strong></span> 
     </span>
     <span class='ocr_line' id='line_1_64' title="bbox 1017 1234 1680 1278; baseline -0.003 -8"><span class='ocrx_word' id='word_1_301' title='bbox 1017 1236 1124 1272; x_wconf 76' lang='lat' dir='ltr'><strong>BEF.</strong></span> <span class='ocrx_word' id='word_1_302' title='bbox 1165 1238 1250 1278; x_wconf 84' lang='lat' dir='ltr'><strong>Aug.</strong></span> <span class='ocrx_word' id='word_1_303' title='bbox 1287 1235 1329 1268; x_wconf 92' lang='lat' dir='ltr'><em>B.</em></span> <span class='ocrx_word' id='word_1_304' title='bbox 1377 1235 1458 1269; x_wconf 81' lang='lat' dir='ltr'><strong>Vat.</strong></span> <span class='ocrx_word' id='word_1_305' title='bbox 1499 1235 1544 1267; x_wconf 90' lang='lat' dir='ltr'><strong>H.</strong></span> <span class='ocrx_word' id='word_1_306' title='bbox 1587 1234 1680 1268; x_wconf 81' lang='lat' dir='ltr'><strong>Flor.</strong></span> 
     </span>
     <span class='ocr_line' id='line_1_65' title="bbox 1015 1278 1683 1324; baseline -0.003 -9"><span class='ocrx_word' id='word_1_307' title='bbox 1015 1282 1187 1315; x_wconf 87' lang='lat' dir='ltr'><strong>ACRTV.</strong></span> <span class='ocrx_word' id='word_1_308' title='bbox 1222 1278 1353 1323; x_wconf 82' lang='grc' dir='ltr'><em>πένησι</em></span> <span class='ocrx_word' id='word_1_309' title='bbox 1382 1279 1504 1324; x_wconf 73' lang='lat' dir='ltr'>reliqui</span> <span class='ocrx_word' id='word_1_310' title='bbox 1537 1280 1683 1322; x_wconf 87' lang='lat' dir='ltr'>codices,</span> 
     </span>
     <span class='ocr_line' id='line_1_66' title="bbox 1016 1325 1682 1371; baseline -0.005 -10"><span class='ocrx_word' id='word_1_311' title='bbox 1016 1329 1077 1364; x_wconf 86' lang='lat' dir='ltr'><em>sed</em></span> <span class='ocrx_word' id='word_1_312' title='bbox 1102 1328 1185 1361; x_wconf 86' lang='lat' dir='ltr'><strong>Ven.</strong></span> <span class='ocrx_word' id='word_1_313' title='bbox 1213 1326 1253 1361; x_wconf 88' lang='lat' dir='ltr'><em>C.</em></span> <span class='ocrx_word' id='word_1_314' title='bbox 1279 1325 1523 1360; x_wconf 75' lang='lat' dir='ltr'>correctionem</span> <span class='ocrx_word' id='word_1_315' title='bbox 1547 1337 1682 1371; x_wconf 82' lang='lat' dir='ltr'>passus,</span> 
     </span>
     <span class='ocr_line' id='line_1_67' title="bbox 1014 1373 1683 1417; baseline -0.001 -10"><span class='ocrx_word' id='word_1_316' title='bbox 1014 1374 1154 1408; x_wconf 86' lang='lat' dir='ltr'>Ficinus</span> <span class='ocrx_word' id='word_1_317' title='bbox 1180 1373 1426 1417; x_wconf 79' lang='lat' dir='ltr'><em>(pauperibus)</em></span> <span class='ocrx_word' id='word_1_318' title='bbox 1452 1376 1488 1405; x_wconf 84' lang='lat' dir='ltr'><em>et</em></span> <span class='ocrx_word' id='word_1_319' title='bbox 1519 1373 1683 1406; x_wconf 82' lang='lat' dir='ltr'>editiones</span> 
     </span>
     <span class='ocr_line' id='line_1_68' title="bbox 1017 1418 1684 1454; baseline -0.001 -1"><span class='ocrx_word' id='word_1_320' title='bbox 1017 1431 1141 1454; x_wconf 85' lang='lat' dir='ltr'><strong>omnes.</strong></span> <span class='ocrx_word' id='word_1_321' title='bbox 1208 1419 1313 1453; x_wconf 87' lang='lat' dir='ltr'>Cuius</span> <span class='ocrx_word' id='word_1_322' title='bbox 1354 1418 1522 1452; x_wconf 86' lang='lat' dir='ltr'>retinendi</span> <span class='ocrx_word' id='word_1_323' title='bbox 1562 1430 1684 1452; x_wconf 82' lang='lat' dir='ltr'>caussa</span> 
     </span>
     <span class='ocr_line' id='line_1_69' title="bbox 1017 1464 1635 1508; baseline 0 -9"><span class='ocrx_word' id='word_1_324' title='bbox 1017 1467 1109 1500; x_wconf 80' lang='lat' dir='ltr'>nulla</span> <span class='ocrx_word' id='word_1_325' title='bbox 1131 1466 1204 1500; x_wconf 80' lang='lat' dir='ltr'>visa</span> <span class='ocrx_word' id='word_1_326' title='bbox 1229 1470 1294 1499; x_wconf 86' lang='lat' dir='ltr'><strong>est.</strong></span> <span class='ocrx_word' id='word_1_327' title='bbox 1345 1464 1399 1497; x_wconf 90' lang='lat' dir='ltr'><strong>Cf.</strong></span> <span class='ocrx_word' id='word_1_328' title='bbox 1426 1476 1461 1508; x_wconf 92' lang='lat' dir='ltr'><em>p.</em></span> <span class='ocrx_word' id='word_1_329' title='bbox 1485 1466 1566 1501; x_wconf 84' lang='lat'><strong>551.</strong></span> <span class='ocrx_word' id='word_1_330' title='bbox 1593 1465 1635 1499; x_wconf 90' lang='lat' dir='ltr'><em>C.</em></span> 
     </span>
    </p>
   </div>
   <div class='ocr_carea' id='block_1_23' title="bbox 1062 1515 1749 1567">
    <p class='ocr_par' dir='ltr' id='par_1_29' title="bbox 1062 1515 1749 1567">
     <span class='ocr_line' id='line_1_70' title="bbox 1062 1515 1749 1567; baseline 0 -11"><span class='ocrx_word' id='word_1_331' title='bbox 1062 1520 1251 1567; x_wconf 81' lang='grc' dir='ltr'><em>μέτεστιν]</em></span> <span class='ocrx_word' id='word_1_332' title='bbox 1288 1519 1455 1566; x_wconf 85' lang='grc' dir='ltr'><em>μετέστιν</em></span> <span class='ocrx_word' id='word_1_333' title='bbox 1488 1521 1564 1556; x_wconf 81' lang='lat' dir='ltr'><strong>Ald.</strong></span> <span class='ocrx_word' id='word_1_334' title='bbox 1601 1522 1681 1556; x_wconf 86' lang='lat' dir='ltr'><strong>Bas.</strong></span> <span class='ocrx_word' id='word_1_335' title='bbox 1710 1515 1749 1556; x_wconf 89' lang='lat' dir='ltr'>D</span> 
     </span>
    </p>
   </div>
   <div class='ocr_carea' id='block_1_24' title="bbox 1019 1570 1567 1717">
    <p class='ocr_par' dir='ltr' id='par_1_30' title="bbox 1019 1570 1567 1717">
     <span class='ocr_line' id='line_1_71' title="bbox 1019 1570 1430 1660; baseline -0.007 -11"><span class='ocrx_word' id='word_1_336' title='bbox 1019 1570 1239 1660; x_wconf 46' lang='grc' dir='ltr'><em>ἑὼττρῶτον]</em></span> <span class='ocrx_word' id='word_1_337' title='bbox 1265 1627 1330 1649; x_wconf 89' lang='lat' dir='ltr'><em>om.</em></span> <span class='ocrx_word' id='word_1_338' title='bbox 1353 1613 1430 1647; x_wconf 88' lang='lat' dir='ltr'><strong>Fic.</strong></span> 
     </span>
     <span class='ocr_line' id='line_1_72' title="bbox 1066 1671 1567 1717; baseline -0.002 -11"><span class='ocrx_word' id='word_1_339' title='bbox 1066 1672 1183 1717; x_wconf 55' lang='lat' dir='ltr'><em>Noun]</em></span> <span class='ocrx_word' id='word_1_340' title='bbox 1210 1684 1274 1706; x_wconf 87' lang='lat' dir='ltr'><em>om.</em></span> <span class='ocrx_word' id='word_1_341' title='bbox 1303 1671 1389 1705; x_wconf 86' lang='lat' dir='ltr'><strong>Lob.</strong></span> <span class='ocrx_word' id='word_1_342' title='bbox 1416 1672 1492 1705; x_wconf 79' lang='lat' dir='ltr'><strong>Vat.</strong></span> <span class='ocrx_word' id='word_1_343' title='bbox 1519 1671 1567 1707; x_wconf 91' lang='lat' dir='ltr'><strong>M.</strong></span> 
     </span>
    </p>
   </div>
   <div class='ocr_carea' id='block_1_25' title="bbox 1022 1726 1684 1821">
    <p class='ocr_par' dir='ltr' id='par_1_31' title="bbox 1022 1726 1684 1821">
     <span class='ocr_line' id='line_1_73' title="bbox 1066 1726 1684 1773; baseline 0.003 -10"><span class='ocrx_word' id='word_1_344' title='bbox 1066 1731 1263 1773; x_wconf 80' lang='grc' dir='ltr'><em>ταμιεῖον]</em></span> <span class='ocrx_word' id='word_1_345' title='bbox 1299 1742 1331 1764; x_wconf 89' lang='grc' dir='ltr'><em>τ.</em></span> <span class='ocrx_word' id='word_1_346' title='bbox 1363 1726 1480 1765; x_wconf 76' lang='grc' dir='ltr'><em>ἐκεῖνο</em></span> <span class='ocrx_word' id='word_1_347' title='bbox 1516 1729 1616 1765; x_wconf 85' lang='lat' dir='ltr'><strong>Vind.</strong></span> <span class='ocrx_word' id='word_1_348' title='bbox 1639 1730 1684 1765; x_wconf 87' lang='lat' dir='ltr'><em>F.</em></span> 
     </span>
     <span class='ocr_line' id='line_1_74' title="bbox 1022 1777 1172 1821; baseline -0.007 -11"><span class='ocrx_word' id='word_1_349' title='bbox 1022 1777 1107 1821; x_wconf 84' lang='lat' dir='ltr'><strong>Ang.</strong></span> <span class='ocrx_word' id='word_1_350' title='bbox 1132 1777 1172 1810; x_wconf 92' lang='lat' dir='ltr'><em>B.</em></span> 
     </span>
    </p>
   </div>
   <div class='ocr_carea' id='block_1_26' title="bbox 1068 1840 1685 1889">
    <p class='ocr_par' dir='ltr' id='par_1_32' title="bbox 1068 1840 1685 1889">
     <span class='ocr_line' id='line_1_75' title="bbox 1068 1840 1685 1889; baseline -0.002 -10"><span class='ocrx_word' id='word_1_351' title='bbox 1068 1842 1271 1889; x_wconf 69' lang='grc' dir='ltr'><em>ἀπόλλυσι]</em></span> <span class='ocrx_word' id='word_1_352' title='bbox 1297 1840 1441 1878; x_wconf 78' lang='grc' dir='ltr'><em>οἷπόλλν</em></span> <span class='ocrx_word' id='word_1_353' title='bbox 1465 1844 1541 1879; x_wconf 87' lang='lat' dir='ltr'><strong>Ald.</strong></span> <span class='ocrx_word' id='word_1_354' title='bbox 1561 1845 1685 1878; x_wconf 82' lang='lat' dir='ltr'><strong>Bas.a.</strong></span> 
     </span>
    </p>
   </div>
   <div class='ocr_carea' id='block_1_27' title="bbox 1019 1898 1686 2039">
    <p class='ocr_par' dir='ltr' id='par_1_33' title="bbox 1019 1898 1686 2039">
     <span class='ocr_line' id='line_1_76' title="bbox 1069 1898 1683 1946; baseline -0.002 -11"><span class='ocrx_word' id='word_1_355' title='bbox 1069 1898 1223 1946; x_wconf 78' lang='grc' dir='ltr'><em>αὐτοῖς]</em></span> <span class='ocrx_word' id='word_1_356' title='bbox 1251 1899 1311 1936; x_wconf 72' lang='grc' dir='ltr'>αὖ.</span> <span class='ocrx_word' id='word_1_357' title='bbox 1336 1903 1422 1937; x_wconf 91' lang='lat' dir='ltr'><strong>Lob.</strong></span> <span class='ocrx_word' id='word_1_358' title='bbox 1452 1901 1552 1936; x_wconf 89' lang='lat' dir='ltr'><strong>Vind.</strong></span> <span class='ocrx_word' id='word_1_359' title='bbox 1577 1901 1683 1935; x_wconf 82' lang='lat' dir='ltr'><strong>BEF.</strong></span> 
     </span>
     <span class='ocr_line' id='line_1_77' title="bbox 1019 1948 1686 2039; baseline 0.003 -59"><span class='ocrx_word' id='word_1_360' title='bbox 1019 1949 1286 2039; x_wconf 42' lang='lat' dir='ltr'><em>ssgeiufftzs&#39;ffss’</em></span> <span class='ocrx_word' id='word_1_361' title='bbox 1308 1960 1414 1982; x_wconf 80' lang='lat' dir='ltr'>novos</span> <span class='ocrx_word' id='word_1_362' title='bbox 1438 1948 1611 1992; x_wconf 80' lang='lat' dir='ltr'><em>(sumptus</em></span> <span class='ocrx_word' id='word_1_363' title='bbox 1630 1959 1686 1982; x_wconf 81' lang='lat' dir='ltr'><em>re-</em></span> 
     </span>
    </p>
   </div>
   <div class='ocr_carea' id='block_1_28' title="bbox 1023 2060 1690 2789">
    <p class='ocr_par' dir='ltr' id='par_1_34' title="bbox 1023 2060 1690 2789">
     <span class='ocr_line' id='line_1_78' title="bbox 1066 2060 1684 2106; baseline 0.005 -11"><span class='ocrx_word' id='word_1_364' title='bbox 1066 2063 1204 2106; x_wconf 80' lang='grc' dir='ltr'><em>τοῦτο]</em></span> <span class='ocrx_word' id='word_1_365' title='bbox 1229 2060 1351 2097; x_wconf 84' lang='grc' dir='ltr'><em>τούτω</em></span> <span class='ocrx_word' id='word_1_366' title='bbox 1377 2063 1471 2098; x_wconf 90' lang='lat' dir='ltr'><strong>Mon.</strong></span> <span class='ocrx_word' id='word_1_367' title='bbox 1488 2064 1530 2097; x_wconf 92' lang='lat' dir='ltr'><em>B.</em></span> <span class='ocrx_word' id='word_1_368' title='bbox 1551 2063 1630 2098; x_wconf 86' lang='lat' dir='ltr'><strong>Par.</strong></span> <span class='ocrx_word' id='word_1_369' title='bbox 1642 2064 1684 2098; x_wconf 91' lang='lat' dir='ltr'><em>D.</em></span> 
     </span>
     <span class='ocr_line' id='line_1_79' title="bbox 1023 2109 1688 2143; baseline 0 0"><span class='ocrx_word' id='word_1_370' title='bbox 1023 2110 1103 2143; x_wconf 84' lang='lat' dir='ltr'><strong>vat.</strong></span> <span class='ocrx_word' id='word_1_371' title='bbox 1120 2109 1169 2142; x_wconf 91' lang='lat' dir='ltr'><strong>M.</strong></span> <span class='ocrx_word' id='word_1_372' title='bbox 1196 2109 1287 2142; x_wconf 80' lang='lat' dir='ltr'><strong>Flor.</strong></span> <span class='ocrx_word' id='word_1_373' title='bbox 1315 2110 1360 2143; x_wconf 94' lang='lat' dir='ltr'><em>U.</em></span> <span class='ocrx_word' id='word_1_374' title='bbox 1385 2113 1420 2143; x_wconf 83' lang='lat' dir='ltr'><em>et</em></span> <span class='ocrx_word' id='word_1_375' title='bbox 1443 2121 1519 2143; x_wconf 84' lang='lat' dir='ltr'><em>cum</em></span> <span class='ocrx_word' id='word_1_376' title='bbox 1542 2110 1688 2143; x_wconf 82' lang='lat' dir='ltr'>circum-</span> 
     </span>
     <span class='ocr_line' id='line_1_80' title="bbox 1023 2155 1688 2201; baseline 0 -12"><span class='ocrx_word' id='word_1_377' title='bbox 1023 2155 1114 2189; x_wconf 86' lang='lat' dir='ltr'>flexo</span> <span class='ocrx_word' id='word_1_378' title='bbox 1148 2158 1227 2188; x_wconf 84' lang='lat' dir='ltr'>ante</span> <span class='ocrx_word' id='word_1_379' title='bbox 1259 2158 1395 2189; x_wconf 84' lang='lat' dir='ltr'>acutum</span> <span class='ocrx_word' id='word_1_380' title='bbox 1428 2158 1463 2189; x_wconf 90' lang='lat' dir='ltr'><em>et</em></span> <span class='ocrx_word' id='word_1_381' title='bbox 1488 2167 1506 2189; x_wconf 96' lang='grc' dir='ltr'><em>ο</em></span> <span class='ocrx_word' id='word_1_382' title='bbox 1533 2166 1636 2201; x_wconf 87' lang='lat' dir='ltr'>super</span> <span class='ocrx_word' id='word_1_383' title='bbox 1659 2168 1688 2193; x_wconf 80' lang='grc' dir='ltr'><strong>ω</strong></span> 
     </span>
     <span class='ocr_line' id='line_1_81' title="bbox 1024 2201 1690 2247; baseline 0.003 -13"><span class='ocrx_word' id='word_1_384' title='bbox 1024 2201 1111 2235; x_wconf 91' lang='lat' dir='ltr'><strong>Lob.</strong></span> <span class='ocrx_word' id='word_1_385' title='bbox 1146 2201 1187 2234; x_wconf 90' lang='lat' dir='ltr'><em>In</em></span> <span class='ocrx_word' id='word_1_386' title='bbox 1211 2202 1297 2236; x_wconf 88' lang='lat' dir='ltr'><strong>Ven.</strong></span> <span class='ocrx_word' id='word_1_387' title='bbox 1324 2201 1364 2235; x_wconf 90' lang='lat' dir='ltr'><em>C.</em></span> <span class='ocrx_word' id='word_1_388' title='bbox 1397 2213 1501 2247; x_wconf 87' lang='lat' dir='ltr'>super</span> <span class='ocrx_word' id='word_1_389' title='bbox 1526 2213 1546 2236; x_wconf 95' lang='grc' dir='ltr'><em>ο</em></span> <span class='ocrx_word' id='word_1_390' title='bbox 1571 2201 1690 2246; x_wconf 84' lang='lat' dir='ltr'>vulga-</span> 
     </span>
     <span class='ocr_line' id='line_1_82' title="bbox 1024 2248 1688 2292; baseline 0.002 -12"><span class='ocrx_word' id='word_1_391' title='bbox 1024 2252 1083 2280; x_wconf 84' lang='lat' dir='ltr'><em>tae</em></span> <span class='ocrx_word' id='word_1_392' title='bbox 1120 2259 1147 2280; x_wconf 88' lang='grc' dir='ltr'>ω</span> <span class='ocrx_word' id='word_1_393' title='bbox 1182 2248 1343 2292; x_wconf 77' lang='lat' dir='ltr'>scriptum</span> <span class='ocrx_word' id='word_1_394' title='bbox 1384 2251 1448 2282; x_wconf 86' lang='lat' dir='ltr'><strong>est.</strong></span> <span class='ocrx_word' id='word_1_395' title='bbox 1499 2248 1553 2281; x_wconf 84' lang='lat' dir='ltr'><em>Cf.</em></span> <span class='ocrx_word' id='word_1_396' title='bbox 1591 2248 1688 2282; x_wconf 85' lang='lat' dir='ltr'><strong>Crat.</strong></span> 
     </span>
     <span class='ocr_line' id='line_1_83' title="bbox 1024 2289 1689 2349; baseline 0.002 -22"><span class='ocrx_word' id='word_1_397' title='bbox 1024 2305 1062 2349; x_wconf 91' lang='lat' dir='ltr'><em>p.</em></span> <span class='ocrx_word' id='word_1_398' title='bbox 1084 2293 1163 2329; x_wconf 85' lang='lat'><strong>407.</strong></span> <span class='ocrx_word' id='word_1_399' title='bbox 1179 2293 1226 2326; x_wconf 93' lang='lat' dir='ltr'><em>C.</em></span> <span class='ocrx_word' id='word_1_400' title='bbox 1252 2291 1479 2349; x_wconf 78' lang='grc' dir='ltr'><em>παραγαγὼν</em></span> <span class='ocrx_word' id='word_1_401' title='bbox 1508 2291 1546 2328; x_wconf 73' lang='grc' dir='ltr'><em>δὲ</em></span> <span class='ocrx_word' id='word_1_402' title='bbox 1571 2289 1597 2349; x_wconf 82' lang='grc' dir='ltr'><em>ἢ</em></span> <span class='ocrx_word' id='word_1_403' title='bbox 1622 2291 1689 2328; x_wconf 72' lang='grc' dir='ltr'><em>αὕ-</em></span> 
     </span>
     <span class='ocr_line' id='line_1_84' title="bbox 1024 2335 1689 2397; baseline 0.003 -25"><span class='ocrx_word' id='word_1_404' title='bbox 1024 2337 1091 2379; x_wconf 84' lang='grc' dir='ltr'><em>τός</em></span> <span class='ocrx_word' id='word_1_405' title='bbox 1116 2335 1140 2383; x_wconf 82' lang='grc' dir='ltr'>ἤ</span> <span class='ocrx_word' id='word_1_406' title='bbox 1164 2351 1260 2380; x_wconf 83' lang='grc' dir='ltr'><em>τινες</em></span> <span class='ocrx_word' id='word_1_407' title='bbox 1283 2337 1439 2397; x_wconf 86' lang='grc' dir='ltr'><em>ν’στερον</em></span> <span class='ocrx_word' id='word_1_408' title='bbox 1460 2337 1518 2374; x_wconf 79' lang='grc' dir='ltr'><em>ἐπι</em></span> <span class='ocrx_word' id='word_1_409' title='bbox 1539 2337 1582 2374; x_wconf 87' lang='grc' dir='ltr'><em>τὸ</em></span> <span class='ocrx_word' id='word_1_410' title='bbox 1602 2338 1689 2374; x_wconf 78' lang='grc' dir='ltr'><em>κάλ-</em></span> 
     </span>
     <span class='ocr_line' id='line_1_85' title="bbox 1026 2382 1688 2431; baseline 0.003 -13"><span class='ocrx_word' id='word_1_411' title='bbox 1026 2387 1126 2428; x_wconf 86' lang='grc' dir='ltr'><em>λιον,</em></span> <span class='ocrx_word' id='word_1_412' title='bbox 1163 2382 1214 2424; x_wconf 80' lang='grc' dir='ltr'><em>τὸς</em></span> <span class='ocrx_word' id='word_1_413' title='bbox 1238 2383 1382 2431; x_wconf 80' lang='grc' dir='ltr'><em>ᾤοντο,</em></span> <span class='ocrx_word' id='word_1_414' title='bbox 1415 2384 1574 2430; x_wconf 76' lang='grc' dir='ltr'><em>Ἀθηνᾶν</em></span> <span class='ocrx_word' id='word_1_415' title='bbox 1607 2384 1688 2421; x_wconf 79' lang='grc' dir='ltr'><em>ἐκοί-</em></span> 
     </span>
     <span class='ocr_line' id='line_1_86' title="bbox 1025 2420 1689 2477; baseline 0.002 -12"><span class='ocrx_word' id='word_1_416' title='bbox 1025 2433 1141 2465; x_wconf 84' lang='grc' dir='ltr'><em>λεσαν.</em></span> <span class='ocrx_word' id='word_1_417' title='bbox 1191 2420 1330 2465; x_wconf 78' lang='lat' dir='ltr'>Scilicet</span> <span class='ocrx_word' id='word_1_418' title='bbox 1372 2433 1406 2466; x_wconf 92' lang='lat' dir='ltr'>in</span> <span class='ocrx_word' id='word_1_419' title='bbox 1449 2444 1522 2466; x_wconf 83' lang='lat' dir='ltr'><em>eam</em></span> <span class='ocrx_word' id='word_1_420' title='bbox 1557 2437 1689 2477; x_wconf 83' lang='lat' dir='ltr'>partem</span> 
     </span>
     <span class='ocr_line' id='line_1_87' title="bbox 1025 2478 1689 2522; baseline 0.002 -11"><span class='ocrx_word' id='word_1_421' title='bbox 1025 2478 1117 2521; x_wconf 83' lang='lat' dir='ltr'>leges</span> <span class='ocrx_word' id='word_1_422' title='bbox 1155 2489 1196 2511; x_wconf 86' lang='lat' dir='ltr'><em>ex</em></span> <span class='ocrx_word' id='word_1_423' title='bbox 1232 2479 1361 2522; x_wconf 81' lang='lat' dir='ltr'>optima</span> <span class='ocrx_word' id='word_1_424' title='bbox 1396 2478 1547 2512; x_wconf 80' lang='lat' dir='ltr'>civitatis</span> <span class='ocrx_word' id='word_1_425' title='bbox 1581 2480 1689 2512; x_wconf 87' lang='lat' dir='ltr'>forma</span> 
     </span>
     <span class='ocr_line' id='line_1_88' title="bbox 1025 2524 1687 2569; baseline 0.003 -12"><span class='ocrx_word' id='word_1_426' title='bbox 1025 2524 1178 2557; x_wconf 85' lang='lat' dir='ltr'>residuas</span> <span class='ocrx_word' id='word_1_427' title='bbox 1203 2524 1429 2569; x_wconf 82' lang='lat' dir='ltr'>detorquent,</span> <span class='ocrx_word' id='word_1_428' title='bbox 1455 2529 1493 2558; x_wconf 89' lang='lat' dir='ltr'><em>ut</em></span> <span class='ocrx_word' id='word_1_429' title='bbox 1516 2524 1581 2558; x_wconf 85' lang='lat' dir='ltr'>sibi</span> <span class='ocrx_word' id='word_1_430' title='bbox 1601 2526 1687 2559; x_wconf 81' lang='lat' dir='ltr'>suis-</span> 
     </span>
     <span class='ocr_line' id='line_1_89' title="bbox 1025 2571 1686 2615; baseline -0.002 -11"><span class='ocrx_word' id='word_1_431' title='bbox 1025 2583 1092 2615; x_wconf 85' lang='lat' dir='ltr'><em>que</em></span> <span class='ocrx_word' id='word_1_432' title='bbox 1127 2574 1280 2615; x_wconf 84' lang='lat' dir='ltr'>sumptus</span> <span class='ocrx_word' id='word_1_433' title='bbox 1314 2571 1477 2615; x_wconf 81' lang='lat' dir='ltr'>quosdam</span> <span class='ocrx_word' id='word_1_434' title='bbox 1502 2572 1616 2605; x_wconf 89' lang='lat' dir='ltr'>facere</span> <span class='ocrx_word' id='word_1_435' title='bbox 1649 2571 1686 2604; x_wconf 87' lang='lat' dir='ltr'>li-</span> 
     </span>
     <span class='ocr_line' id='line_1_90' title="bbox 1026 2616 1687 2662; baseline 0.003 -13"><span class='ocrx_word' id='word_1_436' title='bbox 1026 2619 1111 2650; x_wconf 86' lang='lat' dir='ltr'><strong>ceat.</strong></span> <span class='ocrx_word' id='word_1_437' title='bbox 1172 2616 1272 2656; x_wconf 83' lang='lat' dir='ltr'>Quae</span> <span class='ocrx_word' id='word_1_438' title='bbox 1312 2617 1453 2650; x_wconf 81' lang='lat' dir='ltr'>mutatio</span> <span class='ocrx_word' id='word_1_439' title='bbox 1492 2617 1603 2662; x_wconf 83' lang='lat' dir='ltr'>legum</span> <span class='ocrx_word' id='word_1_440' title='bbox 1643 2618 1687 2651; x_wconf 83' lang='lat' dir='ltr'><em>ab</em></span> 
     </span>
     <span class='ocr_line' id='line_1_91' title="bbox 1025 2662 1688 2707; baseline 0.003 -12"><span class='ocrx_word' id='word_1_441' title='bbox 1025 2662 1257 2696; x_wconf 82' lang='lat' dir='ltr'>inobedientia</span> <span class='ocrx_word' id='word_1_442' title='bbox 1286 2663 1367 2696; x_wconf 84' lang='lat' dir='ltr'>nihil</span> <span class='ocrx_word' id='word_1_443' title='bbox 1390 2663 1520 2698; x_wconf 82' lang='lat' dir='ltr'><em>differt.</em></span> <span class='ocrx_word' id='word_1_444' title='bbox 1567 2663 1643 2707; x_wconf 85' lang='lat' dir='ltr'>Itaq</span> <span class='ocrx_word' id='word_1_445' title='bbox 1645 2674 1688 2697; x_wconf 88' lang='lat' dir='ltr'><em>ue</em></span> 
     </span>
     <span class='ocr_line' id='line_1_92' title="bbox 1025 2706 1686 2754; baseline 0.003 -13"><span class='ocrx_word' id='word_1_446' title='bbox 1025 2709 1176 2742; x_wconf 78' lang='lat' dir='ltr'>additum</span> <span class='ocrx_word' id='word_1_447' title='bbox 1211 2712 1264 2741; x_wconf 82' lang='lat' dir='ltr'><em>est</em></span> <span class='ocrx_word' id='word_1_448' title='bbox 1293 2706 1561 2751; x_wconf 76' lang='grc' dir='ltr'><em>απειθοῦντες,</em></span> <span class='ocrx_word' id='word_1_449' title='bbox 1597 2709 1686 2754; x_wconf 90' lang='lat' dir='ltr'>quod</span> 
     </span>
     <span class='ocr_line' id='line_1_93' title="bbox 1026 2755 1502 2789; baseline -0.002 0"><span class='ocrx_word' id='word_1_450' title='bbox 1026 2755 1358 2789; x_wconf 83' lang='lat' dir='ltr'>Schleiermacherus</span> <span class='ocrx_word' id='word_1_451' title='bbox 1380 2755 1502 2789; x_wconf 79' lang='lat' dir='ltr'>omisit.</span> 
     </span>
    </p>
   </div>
  </div>
 </body>
</html>
