1764 3176
315 131 404 157 cxu
726 110 1262 159 PRAEFATIO

310 234 429 283 „loco
448 233 594 285 triplici
613 233 796 275 Ratione.
837 292 842 297 K
865 235 995 287 primo
1016 237 1121 275 enim
1139 234 1253 275 Plato
1275 247 1357 275 non
1378 238 1525 278 multos
1546 251 1687 279 nume-

308 339 376 365 ros
399 326 487 364 vitis
506 326 606 376 ipsis
627 326 695 366 hic
712 327 946 378 assignavit,
982 327 1056 366 sed
1083 328 1245 366 unicum
1271 331 1421 368 tantum
1441 329 1527 369 729
1549 342 1689 370 nume-

303 430 391 455 rum
422 418 522 469 ipsis
551 418 641 456 vitis
680 419 982 457 convenientem
1013 431 1107 458 esse
1137 419 1246 458 dixit.
1315 410 1471 459 Deinde
1499 433 1581 460 non
1600 421 1690 460 vitis

302 509 509 547 hominum
537 510 712 558 tantam,
749 510 820 549 sed
848 511 936 549 vitis
966 510 1149 549 absolute
1177 510 1290 549 Plato
1316 510 1413 550 dixit
1432 523 1523 549 eum
1545 524 1690 551 nume-

301 611 390 639 rum
410 602 622 640 convenire
636 630 647 649 ‚
685 603 860 640 omnium
879 601 1032 640 scilicet
1048 614 1181 642 rerum
1201 602 1499 654 generabilium,
1536 605 1576 642 et
1598 616 1689 642 cor-

301 692 545 744 ruptibilium
565 694 681 741 vitis3
718 694 860 744 quibus
882 694 1000 732 etiam
1026 695 1079 732 ait
1105 694 1318 733 convenire
1339 694 1438 742 dies,
1475 697 1516 733 et
1533 697 1689 742 noctes,

304 787 343 823 et
360 797 536 835 menseS,
574 788 614 823 et
635 798 774 824 annos.
843 784 1058 824 Praeterea
1080 798 1162 824 non
1184 799 1323 825 omnes
1345 785 1401 824 illi
1419 786 1593 837 quinque
1613 799 1687 825 nu-

301 876 400 914 meri
421 876 462 924 9,
499 875 567 924 27,
602 876 671 923 81,
708 875 804 923 243,
839 875 923 916 729
948 876 1088 916 Cubici
1114 880 1229 925 sunt,
1263 877 1340 915 nisi
1359 876 1438 915 duo
1455 880 1608 930 tantum
1640 889 1690 917 ex

304 968 387 1015 eis,
422 980 569 1018 nempe
597 966 675 1015 27,
714 970 754 1006 et
784 967 889 1006 729:
923 968 1066 1019 reliqui
1099 968 1193 1007 verb
1226 968 1335 1006 nullo
1365 968 1488 1007 modo
1515 973 1690 1020 possunt

305 1071 398 1099 esse
418 1058 559 1098 Cubici
580 1060 747 1098 numeri.
819 1058 940 1098 Tales
968 1060 1088 1111 igitur
1111 1072 1268 1098 errores
1286 1059 1343 1098 illi
1364 1063 1478 1112 sunt,
1515 1073 1616 1112 quos
1647 1061 1689 1100 in

303 1152 556 1203 expositione
576 1149 694 1189 Foxii
713 1164 788 1190 nos
813 1152 1126 1191 animadvertere
1149 1151 1404 1203 oportebat.“

402 1242 517 1281 Haec
548 1243 763 1292 Barocius3
809 1243 922 1282 cuius
957 1243 1233 1295 interpretatio
1266 1246 1363 1296 post
1400 1240 1467 1290 ea{
1504 1255 1606 1294 quae
1635 1243 1687 1283 de

300 1347 422 1374 sensu
443 1335 655 1374 verborum
683 1330 898 1375 ἐπίπεδον
923 1324 998 1389 ἄρ’
1028 1339 1104 1377 etc.
1128 1339 1168 1375 et
1186 1324 1299 1375 κατὰ
1322 1329 1371 1375 δὲ
1394 1324 1593 1387 δύναμιν
1610 1329 1686 1374 καὶ

295 1423 451 1483 τρίτην
480 1416 627 1481 αὔξην
652 1427 842 1474 diximus,
888 1427 1005 1466 nobis
1036 1440 1118 1466 non
1146 1428 1294 1478 magis,
1341 1440 1459 1478 quam
1494 1426 1685 1475 Foximra,

297 1532 399 1569 quae
431 1519 666 1569 ceteroquin
686 1520 905 1570 comparari
926 1532 1017 1558 cum
1047 1532 1094 1558 ea
1116 1520 1276 1570 nequit,
1311 1518 1443 1557 multis
1463 1517 1684 1557 refellenda

295 1610 461 1649 videtur.
531 1609 705 1649 Foxium
735 1613 896 1648 secutus
927 1615 989 1650 est
1008 1611 1334 1663 Francogallicus
1355 1609 1531 1649 Civitatis
1557 1610 1681 1648 inter-

294 1714 390 1753 pres
413 1702 463 1740 de
482 1702 518 1740 la
537 1680 794 1741 Pillouniere
815 1715 854 1753 p.
887 1701 982 1743 280.
1034 1699 1181 1757 (Lond.
1203 1717 1237 1743 a.
1257 1702 1381 1741 1726.
1427 1697 1497 1755 4.)
1533 1700 1680 1740 Socra-

294 1797 375 1832 tem
397 1794 452 1831 ita
463 1798 718 1844 perorantem
740 1793 917 1832 faciens:
940 1793 1087 1833 Soient
1108 1794 1212 1833 donc
1227 1795 1285 1833 les
1297 1794 1465 1847 plaisir-s*
1482 1792 1538 1832 du
1552 1792 1680 1846 Saga,

296 1888 336 1922 et
361 1896 467 1922 ceux
484 1881 536 1921 de
554 1882 846 1935 l'Oppressem·
867 1882 924 1921 du
947 1884 1085 1923 Genre
1103 1884 1285 1933 humain,
1317 1885 1379 1923 les
1402 1881 1515 1921 deux
1538 1886 1680 1922 extre-

294 1986 381 2012 mes
401 1972 523 2012 d'wze
536 1973 812 2025 progressiva
828 1974 1124 2026 geometr-ique.
1186 1972 1303 2012 Cena*
1323 1971 1376 2012 de
1392 1972 1679 2023 l'Ambitieux‚

293 2061 346 2102 de
371 2062 555 2108 l’Avare,
586 2068 626 2102 et
648 2062 704 2102 du
735 2062 776 2102 V
772 2063 1008 2116 oluptueuoe,
1036 2068 1179 2103 seront
1203 2064 1266 2102 les
1286 2064 1452 2102 moffens.
1504 2061 1556 2102 Si
1572 2073 1679 2101 nous

293 2154 336 2192 la
359 2152 582 2192 reduisons
610 2166 662 2192 en
688 2153 905 2200 720mb7·es;
924 2154 975 2206 je
1004 2153 1071 2193 dis
1101 2168 1178 2206 que
1207 2153 1268 2193 les
1297 2153 1469 2207 chiffres
1488 2153 1677 2192 suivant-⁴³

290 2234 627 2297 repre’senteront
647 2257 762 2283 assez
782 2243 874 2283 bien
895 2245 932 2284 le
952 2245 1127 2298 rapport
1152 2243 1352 2285 cherche':

731 2337 779 2376 9:
810 2337 883 2377 27:
914 2338 992 2377 81:
1023 2338 1124 2377 243:
1153 2338 1250 2376 729.

290 2421 399 2463 (fest
418 2425 445 2464 ὰ
466 2423 569 2472 dire,
592 2438 748 2464 comme
767 2425 830 2464 les
845 2424 1206 2466 Machematz‘ciens
1230 2421 1507 2465 tentendront
1519 2420 1674 2474 facile-

285 2519 410 2564 ment‚
443 2514 567 2567 qu'zm
594 2515 723 2555 Tircm
744 2528 852 2563 sera,
883 2514 988 2556 dans
1005 2529 1060 2554 zm
1066 2516 1186 2567 jour,
1216 2514 1320 2555 dans
1340 2527 1397 2554 un
1421 2512 1536 2560 ηιοὶε,
1567 2509 1674 2550 dans

285 2604 344 2644 tel
365 2605 516 2658 espdce
546 2604 599 2645 de
621 2611 753 2660 temps
774 2604 894 2660 qu’on
914 2605 1073 2646 voudra
1088 2618 1300 2658 marquer‚
1331 2609 1420 2658 sept
1439 2607 1554 2642 cents
1575 2600 1673 2653 ving

285 2695 393 2746 neus
406 2695 495 2747 sois
525 2696 657 2734 moins
687 2697 874 2736 keureuoe
894 2696 1017 2749 qu’un
1034 2697 1213 2736 honne⁴te
1241 2695 1414 2742 homme,
1443 2696 1589 2733 reve⁴tu
1618 2690 1671 2731 de

285 2788 326 2826 la
344 2786 598 2828 Souveme’ne
611 2789 845 2841 paissanoe.
879 2789 998 2828 Hunc
1013 2790 1100 2829 iure
1117 2789 1352 2840 vituperavit
1374 2786 1549 2826 Grouius
1571 2797 1668 2838 pro-->
