1764 3176
517 181 551 223 E
581 182 621 224 D
651 182 672 224 I
701 182 738 224 T
769 182 808 225 Ο
839 182 877 225 Β
906 183 927 225 Ι
956 183 998 226 S.
1280 199 1511 227 xxxxvuu

108 301 188 336 Hoc
202 299 305 334 modo
328 298 527 343 simpliciter
546 300 704 343 procedit
725 300 943 342 Aristoteles,
962 305 997 335 et
1017 300 1125 344 primo
1145 300 1282 344 quidem
1299 301 1373 345 ipse
1383 300 1485 335 Plato
1500 327 1507 336 .

110 358 169 400 qui
200 361 316 390 tamen
348 360 471 400 postea
506 357 609 391 aliurn
638 358 773 391 videtur
802 357 941 392 modum
971 359 1197 401 subiungere,
1226 368 1302 392 cum
1330 358 1463 392 scilicet
1488 359 1506 392 ὲ
1551 396 1558 404 ,

110 414 260 448 numeris
277 414 442 455 laterum,
473 424 535 456 pro
556 414 713 456 ratione,
743 425 844 458 quam
862 413 991 449 habent
1010 415 1054 449 ad
1074 415 1260 457 unitatem,
1289 415 1509 460 progreditur

110 480 218 514 usque
236 470 270 504 in
292 470 446 514 quintum
469 471 592 513 locum,
623 470 690 505 hoc
708 471 833 514 mod-o:

788 529 820 562 1.

710 582 744 618 4.
858 585 893 619 3.

689 642 744 675 16.
859 641 892 675 9,

686 694 742 731 64.
828 699 884 731 27.

662 754 742 788 256.
831 756 887 789 81.

297 842 300 844 a
643 807 744 844 1024.
801 811 881 844 243.

109 866 157 900 Hi
182 866 314 900 numeri
341 875 460 899 omnes
487 868 668 908 aggregati
696 878 772 901 cum
795 870 927 902 unitate
949 865 1053 899 etiam
1077 867 1262 907 procreant
1285 862 1385 896 1728.
1404 873 1505 906 quem

109 933 289 957 numerum
312 927 448 956 constat
468 922 649 957 Platonem
671 925 821 958 tribuere
851 923 1013 957 totalibus
1035 923 1146 964 legum
1172 919 1427 961 mutationibus,
1463 930 1505 953 ex

110 984 186 1013 tota
217 980 274 1013 illa
303 979 558 1023 speculatione,
597 991 697 1022 quam
728 981 834 1015 habet
863 981 905 1014 de
936 978 1045 1024 (lianc
1078 977 1365 1021 praepositionem
1393 977 1507 1009 omisit

111 1033 216 1083 liber)
247 1037 431 1070 duratione
457 1036 584 1071 mundi.
644 1038 745 1071 Hanc
772 1038 978 1072 sententiam
1012 1036 1095 1069 dicti
1122 1034 1278 1068 Platonis
1305 1034 1506 1076 simpliciter

112 1094 236 1127 elicere
256 1094 370 1127 conati
397 1104 525 1134 sumus,
555 1094 649 1127 salvo
669 1096 832 1139 cuiusque
852 1094 982 1128 meliori
1001 1092 1140 1126 iudicio.

225 1151 456 1184 Lauterwaldi
489 1151 738 1193 expositionem
771 1163 846 1186 cum
873 1150 1089 1184 Peuceriana
1119 1147 1264 1181 contulit
1284 1145 1333 1179 M.
1356 1145 1505 1179 Bartho-

111 1208 265 1241 lomaeus
296 1208 459 1249 deelo,
473 1206 643 1250 -Regiom
661 1208 821 1251 Prussus,
855 1207 889 1241 in
912 1206 1155 1240 dissertatione
1174 1205 1217 1238 de
1235 1214 1377 1236 numero
1406 1215 1505 1247 quem

111 1265 212 1298 Plato
239 1265 376 1308 rebusp.
395 1265 548 1308 fatalem
572 1265 713 1305 statuit,
759 1266 898 1309 Lipsiae
925 1263 1064 1297 defensa
1096 1272 1126 1294 a.
1157 1259 1417 1294 MDCLXVIII.
1450 1261 1504 1300 ᾗῇ.

114 1320 287 1355 10—30.
345 1319 460 1363 Atque
477 1321 574 1354 initio
593 1322 730 1364 quidem
748 1322 852 1355 falsus
872 1325 936 1364 est,
968 1330 1070 1363 quum
1092 1319 1141 1351 ait
1159 1317 1352 1352 consentire
1373 1321 1506 1349 utrum-

110 1387 178 1419 que
196 1378 230 1410 in
252 1388 311 1419 eo,
342 1377 434 1420 quod
453 1374 630 1419 πυθμένα
652 1380 865 1421 superficiem
887 1376 1158 1420 quadrangulam
1186 1374 1421 1415 rectangulam
1445 1372 1506 1406 de-

110 1438 232 1468 notare
249 1439 389 1477 putent,
417 1434 566 1477 ideoque
583 1435 683 1468 ambo
703 1446 821 1471 vocem
840 1436 931 1468 illam
950 1434 1075 1467 Latine
1094 1431 1282 1465 reddidisse
1302 1429 1506 1463 fundamen-

110 1494 183 1524 tum
199 1491 420 1525 velsundum.
476 1491 669 1525 Peucerum
698 1493 788 1526 enim
819 1503 887 1526 non
919 1491 968 1524 ita
999 1488 1190 1523 reddidisse
1217 1497 1321 1530 supra
1348 1486 1503 1522 vidimus,

111 1548 260 1581 Caetera
280 1549 389 1591 magis
406 1557 497 1590 vere,
526 1552 563 1581 at
585 1549 658 1582 sine
676 1549 801 1583 iudicio
824 1548 942 1589 refert,
973 1551 1011 1580 ut
1032 1546 1151 1579 audire
1168 1555 1245 1578 eum
1270 1545 1303 1577 in
1322 1542 1387 1576 hac
1408 1548 1507 1586 parte

111 1603 194 1639 nihil
223 1605 380 1640 attineat.
438 1605 491 1638 De
505 1606 635 1648 reliqua
664 1606 736 1639 eius
757 1617 862 1649 opera
897 1610 1018 1647 postea
1055 1603 1208 1636 dicetur:
1238 1610 1329 1634 nunc
1357 1600 1505 1633 interro-

110 1665 213 1704 getur
231 1662 330 1704 alius,
361 1662 418 1704 qui
440 1666 474 1694 et
491 1662 564 1704 ipse
595 1662 637 1695 ab
659 1663 778 1695 eodem
805 1662 997 1696 Bredelone
1028 1660 1152 1693 citatus
1174 1662 1237 1699 est,
1267 1658 1415 1691 loannes
1434 1657 1506 1690 Βο-

112 1718 231 1759 dinus,
262 1718 319 1761 qui
347 1718 480 1752 duobus
504 1719 588 1752 locis
619 1719 662 1752 de
688 1719 843 1752 Platonis
884 1726 1026 1751 numero
1055 1715 1261 1759 disputavit,
1295 1713 1441 1756 primum
1471 1713 1505 1747 in

111 1775 276 1809 Methodo
303 1775 489 1816 historica,
519 1775 643 1808 deinde
670 1775 704 1808 in
733 1777 828 1808 libris
862 1776 904 1809 de
926 1773 1114 1817 Republica
1146 1772 1328 1804 vernacula
1359 1770 1505 1812 primum

111 1832 268 1875 scriptis,
298 1836 376 1875 post
401 1831 524 1865 Latine
554 1832 596 1864 ab
613 1832 686 1874 ipso
708 1832 818 1865 editis.
876 1832 914 1864 In
931 1830 1095 1865 Methodo
1112 1828 1248 1872 quidem
1266 1827 1379 1869 capite
1405 1831 1505 1860 sexto

113 1888 156 1923 de
173 1893 267 1923 statu
296 1898 403 1930 agens
420 1899 537 1922 rerum
554 1888 771 1932 publicarum
794 1887 1070 1922 conversionibus
1091 1895 1208 1919 earum
1231 1883 1507 1918 commemoratis

113 1956 148 1989 p.
168 1945 249 1980 223.
267 1943 343 1987 (ed.
367 1944 620 1988 Basil..1576.)
678 1945 742 1978 His
763 1945 954 1988 explicatis,
983 1944 1103 1985 inquit,
1134 1941 1307 1974 videamus
1324 1945 1438 1973 utrum
1462 1950 1504 1973 ex

110 2002 262 2036 numeris
278 2001 521 2046 Pythagoricis
540 2002 779 2035 conversiones
798 2002 1018 2044 imperiorum
1035 1999 1154 2033 haberi
1173 1999 1316 2041 possint.
1372 1996 1506 2030 Absur-

111 2058 193 2093 dum
212 2059 296 2092 saue
314 2058 395 2092 mihi
414 2058 568 2104 videtur,
596 2058 687 2101 quod
712 2059 814 2092 Plato
846 2057 1191 2100 Rerumpublicarum
1214 2056 1325 2088 exitus
1343 2058 1379 2087 et
1403 2054 1506 2087 vicis-

58 2123 64 2126 ·
111 2115 276 2150 situdines
296 2116 369 2149 sola
399 2125 618 2149 numerorum
639 2118 812 2158 potestate
830 2116 981 2149 metitur.
1040 2112 1195 2147 Tametsi
1217 2111 1306 2145 enim
1328 2111 1423 2144 Deus
1443 2111 1508 2143 im-

113 2173 269 2206 mortalis
289 2172 403 2206 omnia
430 2172 600 2216 numeris,
629 2172 749 2206 ordine
784 2183 826 2206 ac
854 2182 1013 2205 mensura
1041 2169 1184 2204 mirabili
1213 2167 1405 2211 colligavit:
1436 2178 1505 2201 non

113 2233 230 2262 tamen
249 2239 467 2263 numerorum
483 2229 631 2270 viribus,
660 2230 766 2262 multo
791 2230 901 2262 minus
919 2228 990 2261 sato
1012 2225 1231 2260 tribuendum
1251 2229 1316 2266 est,
1348 2223 1410 2257 sed
1431 2234 1505 2257 ma-

113 2286 230 2319 iestati
241 2285 388 2327 divinae,
420 2296 508 2328 quae
527 2286 633 2329 ipsa,
655 2291 693 2319 ut
709 2284 919 2329 Augustinus
937 2284 1075 2325 scribit,
1106 2283 1213 2316 satum
1243 2286 1319 2326 est,
1351 2285 1411 2314 aut
1429 2282 1505 2314 nul-

111 2343 182 2375 lum
217 2343 354 2376 omniuo
382 2342 474 2375 aliud
505 2343 628 2376 existit.
690 2343 810 2386 ltaque
827 2343 903 2376 cum
930 2341 1132 2375 Aristoteles
1158 2338 1270 2372 causis
1289 2348 1504 2380 consequen-

112 2399 203 2432 tibus
228 2399 342 2433 omnia
377 2399 558 2440 tribueret,
588 2399 744 2433 Platonis
772 2410 931 2433 numeros
951 2399 1075 2438 irrisit,
1106 2396 1191 2429 libro
1221 2395 1340 2438 quinto
1367 2394 1410 2428 de
1429 2395 1503 2428 Re-

112 2456 267 2499 publica,
299 2466 365 2499 quo
395 2455 477 2489 nihil
497 2457 614 2489 melius
641 2461 692 2489 est
709 2457 742 2489 in
768 2461 840 2489 tota
864 2457 920 2489 illa
942 2454 1193 2497 disputatione,
1224 2456 1283 2485 aut
1308 2452 1504 2485 accuratius

114 2512 158 2546 ab
184 2523 226 2546 eo
257 2516 453 2546 tractatum.
511 2512 642 2546 Causas
678 2518 791 2546 autem
819 2512 1078 2546 conversionum
1112 2511 1234 2543 multas
1263 2508 1384 2549 affert,
1415 2519 1504 2550 quae

113 2568 195 2603 mihi
211 2569 370 2603 videntur
385 2570 567 2612 generibus
586 2570 724 2603 omnino
741 2570 918 2603 contineri.
979 2569 1068 2601 Sunt
1088 2571 1203 2600 autem
1226 2566 1363 2606 iniuria,
1382 2564 1503 2606 honor,

112 2630 241 2667 metus,
272 2629 508 2669 contemptus,
535 2626 659 2660 nimiae
691 2636 877 2669 paucorum
908 2635 1010 2668 opeS‚
1038 2623 1142 2657 nimia
1175 2623 1357 2656 multorum
1377 2621 1503 2664 inopia.

114 2684 216 2719 Quae
234 2682 324 2724 quod
354 2683 398 2715 ab
423 2683 480 2716 illo
499 2683 638 2726 copiose
661 2683 836 2726 disputata
861 2688 941 2716 sunt
961 2682 1093 2715 omitto.
1152 2680 1222 2713 Sed
1245 2679 1321 2712 cum
1342 2678 1444 2712 Plato
1472 2679 1505 2710 in

111 2739 171 2772 illa
190 2739 381 2782 Republica
411 2750 498 2782 quae
523 2740 661 2783 proprie
689 2740 826 2773 Socrati
850 2739 1032 2778 tribuitur,
1061 2736 1172 2770 modis
1201 2735 1357 2770 omnibus
1391 2734 1505 2778 provi-

115 2795 206 2829 disse
229 2796 398 2838 fingatur,
427 2807 472 2829 ne
500 2797 575 2838 quis
606 2797 704 2830 alteri
733 2797 834 2829 ullam
864 2796 1022 2830 iniuriam
1044 2793 1208 2834 inferret,
1238 2803 1281 2826 ne
1302 2792 1376 2834 quis
1401 2791 1503 2824 alium

114 2856 286 2886 metueret
305 2856 364 2885 aut
381 2856 628 2893 contemneret,
650 2854 735 2887 neve
758 2852 897 2886 honoris
927 2856 987 2885 aut
1013 2851 1098 2885 lucri
1121 2860 1224 2884 causa
1242 2848 1504 2892 Rempublicam

184 2914 392 2957 Pmroms
420 2915 499 2956 ΟΡ.
514 2915 586 2956 ΠΙ.
1273 2911 1312 2951 D
