1764 3176
736 108 830 158 Pag.
862 110 947 148 1—-
960 107 1025 149 25.
1576 104 1630 144 63

131 221 224 271 Pag.
245 222 312 270 11,
335 234 371 271 3,
402 224 427 261 7
457 233 478 257 3
505 220 532 256 f.
560 223 646 270 post
676 215 904 270 εὐχώμεθα)
934 220 1098 256 inseras:
1127 240 1182 246 —
1208 214 1240 258 ω’
1268 241 1321 247 —
1346 219 1380 256 in
1409 219 1518 256 litura
1542 217 1627 255 Par.

412 278 455 317 A.
484 275 556 312 Dii.
587 278 627 326 (a
654 288 703 312 m.
734 288 791 324 pr.
820 288 895 312 non
924 275 992 312 suit
1023 274 1064 324 0)

133 334 225 383 Pag.
246 334 313 382 13,
337 347 373 383 3,
404 334 501 425 ἱΙξιῐετ
528 333 658 425 {11ss
686 337 723 368 et
758 333 808 371 19
836 332 998 368 inseras:
1036 330 1197 381 φυτοῖς)
1225 351 1281 358 ——-
1310 345 1335 369 υ
1363 352 1418 358 —-
1452 330 1488 366 in
1520 330 1630 367 litura

132 443 225 494 Pag.
250 443 316 494 14,
338 458 371 491 3,
405 401 824 536 ἱζοπέυνιζὶπτωσι)
871 443 1037 480 inseras:
1079 454 1101 481 σ
1137 463 1189 469 —-
1223 446 1308 480 ante
1358 442 1629 479 correctionem

407 498 825 606 43ἓοεῒ.β1ἔιι>ιζζυβίοις)
855 553 1020 590 inseras:
1050 553 1335 604 βραχυβί-Ζ-οις
1361 552 1447 591 Par.
1477 554 1522 590 A.
1552 551 1630 591 Dii.

403 612 501 648 inter
530 624 564 649 v.
597 613 648 650 17
678 616 714 647 et
746 612 795 648 16
835 621 856 645 3
887 610 912 646 f.
940 610 1104 646 inseras:
1145 607 1347 661 εὐγονίας)
1376 632 1430 638 -—-
1462 624 1482 648 ο
1510 630 1566 635 -—
1593 609 1630 645 in

408 668 517 704 litura
547 667 632 707 Par.
665 667 709 706 A.
740 665 815 701 Dii.

409 723 473 760 ult.
502 724 640 760 addas:
674 722 713 758 In
743 721 910 769 margine
938 720 1022 758 Par.
1053 721 1096 756 A.
1128 720 1202 759 Dii.
1235 722 1282 758 ad
1311 716 1458 767 αὐτούς
1487 720 1632 757 adscri-

403 784 507 829 ptum
543 783 601 814 est
637 790 810 825 σπα-,
845 777 947 826 quod
989 776 1188 814 Diibnerus
1229 790 1304 814 non
1352 778 1500 821 dubitat
1541 777 1630 826 quin

408 836 578 874 σπάνιον
602 835 802 882 significet.

351 893 385 937 b,
406 892 432 930 4
463 895 550 941 post
571 889 763 942 γεννητῷ)
792 890 959 926 inseras:
991 889 1047 926 Ita
1076 902 1097 925 a
1127 901 1175 924 m.
1203 902 1259 938 pr.
1288 888 1372 927 Par.
1394 890 1439 926 A.
1462 889 1535 926 Dii.
1566 903 1632 941 γε-

407 950 511 1000 νητῷ
539 948 638 983 idem
667 950 857 982 correctus
892 945 1030 995 (altero
1060 960 1083 983 v
1113 942 1252 996 eraso).

134 1003 225 1053 Pag.
259 1005 324 1050 16,
345 1017 378 1052 3,
409 1004 458 1043 17
495 1008 582 1052 post
627 1000 823 1052 συζυγεὶς)
863 1002 1026 1038 inseras:
1065 1023 1119 1029 —-
1159 1000 1192 1040 εὶ
1232 1022 1287 1028 ——-
1326 1001 1362 1037 in
1396 1000 1505 1037 litura
1541 1000 1629 1040 Par.

410 1061 455 1095 A.
486 1058 560 1095 Dii.

414 1113 466 1153 14
502 1115 587 1155 a-f,
625 1118 711 1163 post
750 1112 914 1152 ἕκαστον
951 1113 1116 1149 inseras:
1154 1111 1240 1148 Par.
1271 1113 1316 1151 A.
1347 1111 1420 1150 Dii.
1456 1125 1476 1149 3
1506 1125 1629 1162 m.pr.

409 1172 496 1207 item
523 1183 560 1220 p.
592 1172 655 1217 17,
686 1183 719 1213 a,
754 1170 816 1209 15·
849 1170 923 1218 (Eo
953 1170 1072 1205 minus
1104 1168 1269 1204 dubitavi
1301 1166 1394 1216 Leg.
1423 1167 1467 1205 L.
1498 1168 1561 1206 XI.
1593 1182 1631 1218 p,

408 1228 502 1266 932.
540 1225 585 1261 C.
625 1239 694 1275 pro
733 1224 897 1264 ἕκαστον
933 1226 1139 1261 secundum
1178 1223 1343 1260 Bekkeri
1382 1225 1631 1261 coniecturam

410 1282 575 1319 scribere
605 1278 764 1330 ἕκατον)

132 1338 224 1388 Pag.
254 1339 320 1387 18,
342 1351 377 1387 3,
405 1340 430 1378 9
457 1351 479 1374 3
508 1338 533 1373 f.
565 1338 706 1374 addas:
735 1338 819 1373 lar
839 1337 881 1374 A.
900 1334 974 1373 Dii.

408 1396 433 1434 8
463 1406 485 1430 3
513 1394 537 1431 f.
571 1397 659 1441 post
686 1388 866 1445 οἷογύρῳ)
893 1393 1055 1427 inseras:
1089 1384 1254 1443 αργυρῷ
1283 1390 1367 1429 Par.
1400 1391 1443 1432 A
1474 1390 1548 1430 Dii.

133 1451 225 1500 Pag.
259 1451 322 1497 19,
342 1462 377 1499 3,
407 1450 457 1489 15
487 1450 534 1486 ad
562 1448 730 1488 Pa1·.A
758 1449 892 1484 addas:
921 1459 1009 1486 am.
1033 1459 1108 1484 see.
1133 1446 1204 1485 Dii
1234 1441 1435 1495 (φησομεν
1456 1460 1538 1484 am
1555 1447 1631 1498 pr.)

410 1508 435 1546 9
467 1518 488 1542 a
516 1505 543 1541 f.
573 1509 662 1554 post
691 1503 781 1545 Par.
811 1504 857 1544 A.
886 1503 1050 1539 inseras·
1077 1515 1098 1538 3
1124 1515 1173 1538 m.
1202 1515 1276 1540 sec.
1306 1501 1379 1538 Dii.

409 1564 435 1601 7
465 1573 486 1598 a
514 1561 539 1600 f.
571 1565 658 1609 post
687 1558 791 1612 γένει
821 1561 984 1596 inseras:
1024 1558 1108 1594 Par.
1139 1557 1184 1598 A.
1212 1558 1285 1598 Dii.
1311 1570 1333 1594 a
1359 1571 1408 1594 m.
1439 1571 1497 1608 pr.

411 1618 434 1657 5
464 1630 484 1654 a
514 1617 540 1652 f.
569 1621 658 1665 post
688 1617 873 1667 χρυσίου)
902 1616 1067 1652 inseras:
1096 1616 1262 1664 χρυσίοῦ
1290 1614 1374 1650 Par.
1403 1614 1446 1653 A.
1475 1614 1547 1651 Dii.

355 1673 391 1721 b,
412 1674 462 1714 22
494 1676 581 1722 post
611 1671 711 1721 Aug.
741 1671 788 1709 B.
818 1673 957 1708 addas:
988 1675 1025 1707 et
1055 1671 1119 1719 qui
1150 1682 1158 1690 ·
1184 1682 1234 1708 &v
1259 1666 1306 1717 ὂξ
1334 1683 1356 1707 a
1385 1683 1433 1706 m.
1464 1674 1538 1710 vet.
1568 1683 1629 1707 su-

410 1742 477 1779 per
510 1743 576 1767 εον
603 1729 782 1777 scriptum
808 1727 935 1775 habet,
962 1726 1047 1767 Par.
1079 1726 1124 1765 A.
1158 1725 1231 1762 Dii.

412 1786 464 1826 27
491 1788 581 1835 post
607 1782 833 1834 πενομένω)
871 1784 1034 1820 inseras:
1063 1780 1270 1832 πενομένω
1291 1791 1338 1822 -ζ-
1370 1780 1454 1821 Par,
1481 1779 1524 1819 A.
1556 1779 1632 1816 Dii.

409 1841 466 1880 30
491 1845 579 1890 post
606 1837 802 1893 πλουσίω)
834 1840 999 1876 inseras:
1035 1839 1229 1877 πλουσίωι
1257 1841 1343 1875 ante
1368 1837 1516 1873 lituram
1546 1835 1633 1873 Par.

412 1896 457 1936 A.
491 1896 563 1935 Dii.

135 1955 228 2006 Pag.
258 1955 325 2003 21,
352 1967 387 2002 3,
409 1953 508 1989 inter
536 1964 571 1990 v.
602 1951 625 1990 5
657 1954 694 1988 et
724 1949 750 1990 4
779 1962 801 1987 3
831 1950 854 1988 f.
881 1951 1043 1986 inseras:
1077 1949 1107 1986 E
1139 1945 1279 2001 ἄρχοις)
1310 1950 1433 1998 Super
1463 1948 1578 1998 priori
1609 1963 1633 1985 α

410 2008 548 2057 aliquid
576 2019 723 2044 erasum
753 2010 811 2043 est
837 2007 873 2043 in
903 2006 988 2043 Par.
1017 2005 1061 2045 A.
1091 2004 1164 2042 Ι)ιι.

410 2077 498 2114 pen.
538 2063 666 2100 deleas
697 2062 788 2100 Par.
825 2064 872 2098 A.
904 2062 1042 2111 quippe
1070 2062 1133 2109 qui
1168 2059 1349 2097 Diibnero
1377 2063 1473 2097 teste
1498 2073 1635 2110 κεκτη·

414 2118 538 2169 μένην
571 2119 708 2156 habeat
738 2131 818 2155 cum
849 2118 1047 2167 plerisque.

356 2176 395 2225 b,
415 2173 467 2214 14
496 2187 563 2224 pro
591 2175 656 2215 53.
685 2174 825 2211 scribas
854 2174 921 2213 52.

414 2231 466 2271 25
497 2231 634 2267 addas:
664 2230 782 2267 Abest
807 2233 903 2266 teste
923 2227 1116 2267 Diibnero.
1160 2226 1305 2264 Tamen
1334 2229 1422 2275 post
1447 2240 1538 2272 τους
1570 2238 1635 2264 σο-

417 2301 521 2333 φους
550 2291 587 2322 et
617 2290 703 2322 ante
733 2301 826 2332 τους
854 2305 910 2311 —-
938 2278 1170 2332 πεφυκότας
1198 2282 1309 2320 etiam
1333 2282 1370 2317 in
1394 2281 1450 2318 his
1471 2286 1634 2333 θυμοει-

416 2341 499 2380 δέσι
528 2342 676 2390 generis
706 2341 928 2389 significatio
962 2340 1083 2388 aptior
1102 2340 1261 2378 videtur.

141 2399 233 2448 Pag.
258 2399 327 2446 22,
349 2409 384 2445 3,
412 2398 462 2437 15
495 2398 620 2434 deleas
651 2395 739 2433 Par.
769 2396 815 2435 A.
848 2401 885 2433 et
913 2408 949 2433 v.
976 2396 1026 2434 18
1055 2399 1143 2444 post
1168 2394 1306 2432 codices
1335 2393 1498 2431 inseras:
1530 2391 1634 2442 (Par.

416 2453 462 2489 A.
494 2452 566 2490 Dii.
597 2453 833 2500 nitidissime,

360 2508 398 2555 b,
419 2507 469 2547 14
499 2512 586 2558 post
614 2522 652 2546 οι
681 2507 872 2556 τοιοῦτοι)
901 2506 1062 2541 inseras:
1089 2503 1131 2543 οἱ
1153 2532 1163 2541 .
1194 2506 1305 2544 οὗτοι
1331 2516 1410 2541 cum
1433 2518 1492 2542 τοι
1522 2516 1635 2553 super

415 2569 553 2613 puncto
583 2563 669 2601 Par.
700 2563 747 2602 A.
778 2562 853 2599 D'u'.

144 2620 236 2669 Pag.
265 2620 332 2667 23,
355 2632 390 2665 3,
411 2619 506 2656 inter
536 2620 647 2659 v.12
677 2624 715 2655 et
749 2618 800 2657 13
829 2618 991 2653 inseras:
1021 2614 1081 2665 ἐν)
1111 2614 1152 2655 ἐν
1181 2623 1247 2646 —·-
1276 2615 1362 2652 Par.
1394 2613 1438 2650 A.
1464 2612 1540 2652 Dii.

359 2674 398 2721 b,
416 2675 439 2713 5
468 2678 555 2724 post
580 2670 715 2727 λάθρα
743 2675 904 2709 inseras:
931 2671 1019 2708 Par.
1048 2672 1093 2709 A.
1123 2671 1198 2712 Dii.

146 2730 240 2779 Pag.
275 2730 342 2778 25,
361 2741 394 2776 3,
416 2730 441 2768 4
467 2742 536 2779 pro
561 2715 780 2766 Αᾶπηαίιΐιιε
810 2727 974 2766 scribas:
1007 2728 1184 2765 Socrates

421 2785 473 2825 25
504 2789 590 2835 post
615 2797 717 2824 τισιν
747 2784 912 2822 inseras:
942 2782 1028 2821 Par.
1058 2782 1104 2824 A.
1136 2782 1211 2822 Dii.
1240 2796 1262 2820 3
1292 2795 1339 2819 m.
1369 2794 1427 2832 pr.
