1764 3176
181 2348 215 2390 E

237 96 321 138 1:36
671 91 1166 136 -PLATONIS

235 204 335 258 περὶ
380 201 522 247 αὐτοῦ
572 207 860 255 σκοποῦντας.
937 201 1011 247 -Ἐκ
1051 204 1207 254 τίνων,
1268 202 1334 255 Ἐξ
1379 200 1477 254 ἕνὸς
1524 201 1620 246 ἑκά-

237 284 342 316 στου
400 275 489 315 τῶν
539 272 748 324 ῑδιωτιὸν,
796 270 896 314 ὅσοι
955 270 1162 315 πλούσιοι
1219 270 1266 314 ἐν
1323 271 1502 314 πόλεσιν
1549 269 1620 314 ἄν·

235 339 438 394 δράποδα
474 338 615 383 πολλὰ
657 338 898 395 κέκτηνται.
970 334 1095 384 οὗτοι
1134 340 1217 395 γὰρ
1257 338 1389 382 τοῦτό
1432 356 1480 395 γε
1515 354 1621 394 προ-

237 407 421 463 σόμοιον
453 407 599 463 ἔχουσι
632 412 724 458 τοῖς
753 407 1013 461 τυράννοις,
1045 407 1093 452 τό
1124 410 1300 451 πολλῶν
1331 404 1500 462 ἄρχειν
1532 409 1622 450 δια-

237 474 361 532 φέρει
403 474 449 519 δὲ
494 474 544 519 τὸ
587 473 756 518 ἐκείνου
796 479 981 530 πλῆθος.
1050 475 1267 532 Διαφέρει
1306 473 1405 530 γάρ.
1478 472 1621 518 Οἶσθα

237 546 344 595 οὐν,
394 542 462 587 ὅτι
503 537 627 586 οὗτοι
663 540 800 594 ἀδεῶς
842 543 988 599 έχουσι
1024 545 1098 588 καὶ
1137 544 1191 587 οὐ
1232 546 1480 600 φοβοῦνται
1519 542 1622 593 τοὺς

239 609 431 662 οἰκέτας,
477 612 528 654 Τί
556 610 641 666 γὰρ
675 610 730 654 ἂν
769 614 1009 667 φοβοῖντο,-
1055 610 1216 665 Οὐδὲν,
1248 610 1393 655 εἶπον·
1425 609 1533 654 ἀλλὰ
1568 609 1618 653 τὸ

239 680 383 736 αἴτιον
424 679 608 730 ἐννοεῖς,
655 679 768 721 Ναί·
807 678 877 722 ὅτι
913 696 960 735 ’γε
997 684 1115 724 πᾶσα
1151 680 1178 736 ἡ
1210 679 1335 730 πόλις
1364 678 1428 722 ἑνὶ
1457 676 1622 735 ἑκάστῳ

240 750 401 804 βοηθεῖ
439 751 529 790 τῶν
571 747 769 789 ἰδιωτῶν.
842 750 1017 799 Καλῶς,
1059 744 1115 804 ἦν
1154 746 1195 790 δ’
1236 746 1344 802 ἐγώ,
1384 747 1532 801 λέγεις.
1582 747 1624 789 τί

238 815 307 868 δέ,
347 816 386 858 εἴ
414 831 477 866 τις
504 818 625 858 θεῶν
654 814 797 869 ἄνδρα
827 815 926 867 ἕνα,
966 815 1051 870 ὅτῳ
1082 816 1199 859 ἔστιν
1229 813 1488 867 ἀνδράποδα
1517 829 1623 856 πεν-

237 883 429 940 τήκοντα
467 881 496 939 ἢ
536 883 691 933 πλείω,
733 882 845 936 ἄρας
885 883 931 927 ἐκ
969 887 1045 939 τῆς
1084 880 1251 932 πόλεως
1292 876 1429 925 αὐτόν
1469 898 1512 924 τε
1550 881 1624 924 καὶ

237 957 429 1008 γυναῖκα
461 950 534 995 καὶ
574 953 734 1003 παῖδας
774 954 872 1008 θείη
913 952 974 1002 εἰς
1012 951 1196 1007 ἐρημίαν
1237 949 1342 1007 μετὰ
1378 953 1454 1007 τῆς
1492 948 1624 1006 ἄλλης

282 1097 342 1143 Ἐξ
365 1098 470 1145 ἑνὸς]
496 1097 620 1143 ἔξενός
644 1100 743 1135 Vind.
767 1101 810 1135 F.

284 1166 400 1203 τοῦτό
439 1170 502 1214 γε]
555 1174 633 1215 post
673 1167 904 1214 προσόμοιον

239 1213 362 1260 ἔχουσι
386 1215 486 1251 Vind.
513 1216 557 1250 E.

284 1284 446 1328 πλῆθος]
473 1284 630 1324 πλεῖθος
653 1283 753 1319 idem.

289 1350 430 1397 Οἶσθα]
458 1349 564 1387 οἶσθ’
587 1352 685 1388 Vind.
698 1353 803 1387 BEF.
816 1353 901 1397 Ang.

240 1399 283 1433 B.
321 1400 398 1433 Vat.
423 1399 467 1434 H.
502 1399 598 1432 Flor.
623 1399 795 1433 ACRTV.
819 1410 905 1444 quos

241 1450 467 1525 xcssggssffiess
491 1445 755 1488 Stallbaumius3
779 1447 906 1479 fortas-

287 1556 408 1599 οΞδεῶς
433 1557 576 1604 ἔχουσι]
604 1560 716 1594 securi
745 1572 819 1594 cum
840 1561 908 1604 fa-

239 1607 336 1640 milia
358 1607 478 1640 vivunt
499 1606 571 1640 Fic.

288 1671 335 1709 ου’
375 1674 612 1719 φοβοῦνται]
667 1671 907 1720 ω’φελοῦνται

240 1721 326 1756 Lob.
351 1721 428 1754 Vat.
455 1721 503 1754 M.

289 1786 459 1832 οἰκέτας]
485 1786 636 1829 οἷκότας
669 1789 744 1823 Ald.
771 1789 850 1823 Bas.
874 1800 905 1822 a.

242 1834 384 1879 Signum
416 1835 649 1879 interrogandi
685 1847 750 1869 non
785 1840 837 1869 est
870 1835 906 1869 in

240 1881 320 1915 Ald.
347 1881 468 1925 steph.
495 1882 568 1915 Ast.
595 1893 646 1926 pr.
671 1893 738 1915 sec.

273 1945 440 2029 ΜΟόδὲν,
467 1946 594 1994 εἷπον]
623 1962 687 1984 οπι.
715 1949 802 1983 Lob.
827 1949 904 1983 Vat.

288 2040 390 2075 Ναί·
437 2036 518 2085 ὅτι]
572 2040 663 2076 Ναί.
699 2035 786 2075 ’Ότι
830 2039 904 2073 ΑΜ.

242 2087 324 2121 Bas.
350 2088 403 2121 ab.
428 2087 549 2132 Steph.
597 2087 713 2120 Etiam
739 2085 836 2120 Vind.
864 2085 906 2119 Ε.

241 2133 371 2177 εἲὲηιιιῃ
396 2138 547 2167 mutatae
572 2145 738 2178 personae
765 2132 907 2166 interie-

243 2184 334 2212 ctum
366 2180 481 2212 habet.
530 2180 597 2212 Pro
632 2181 704 2212 colo
731 2179 846 2212 Astius
872 2178 907 2211 in

241 2236 311 2259 sec.
340 2230 376 2258 et
398 2231 491 2267 tert„
513 2226 692 2259 Bekkerus
720 2229 755 2259 et
783 2224 907 2258 Stallb.

245 2282 373 2304 comma
397 2273 564 2305 fecerunt.

291 2335 415 2382 λέγεις.
440 2339 498 2384 τί]
527 2337 659 2384 λέγειςε
681 2337 719 2373 τί
742 2337 843 2373 Vind.
863 2337 907 2372 Ε.

246 2382 370 2428 λέγεις.
400 2385 447 2418 Τι’
470 2386 551 2419 Bas.
576 2387 630 2419 ab.
655 2385 775 2429 Steph.

290 2430 407 2485 θεῶν]
433 2431 509 2465 τῶν
532 2432 573 2466 θ,
599 2433 676 2465 Par.
701 2431 745 2464 K.

293 2472 381 2522 ὅτῳ]
412 2473 510 2511 ου’τω
538 2478 634 2512 Vind.
654 2478 702 2511 Ε.

289 2541 406 2589 ε’στιν]
434 2545 488 2579 Ita
513 2545 753 2579 Stallbaumius
776 2545 811 2579 in
835 2556 904 2579 sec.

242 2591 282 2625 In
302 2590 444 2636 reliquis
469 2591 671 2625 editiombus
696 2595 732 2625 et
755 2592 788 2625 in
812 2592 907 2625 codi-

244 2637 342 2671 cibus
366 2637 448 2671 meis
473 2634 569 2671 ἐστὶν
593 2638 728 2682 legitur.

290 2700 336 2750 ἢ]
371 2705 482 2751 Vulgo
507 2706 659 2739 additum
691 2705 753 2741 καὶ
784 2719 907 2741 secun-

244 2751 322 2785 dum
356 2752 435 2785 Par.
471 2752 512 2785 A.
546 2752 643 2786 Vind.
670 2754 710 2787 B.
745 2754 823 2787 Vat.
859 2754 904 2787 H.

961 1100 1055 1135 Flor.
1078 1101 1150 1135 AV.
1177 1103 1212 1134 et
1236 1100 1389 1134 Ficinum
1413 1100 1520 1142 omis3,
1545 1098 1625 1145 qu3a

960 1159 1249 1192 supervacaneum
1293 1148 1324 1181 h.
1366 1147 1388 1180 1.
1443 1150 1477 1179 et
1522 1156 1624 1190 quum

961 1194 1111 1235 omnino,
1136 1197 1206 1226 tum
1228 1198 1306 1238 post
1339 1189 1362 1236 ἢ
1389 1204 1492 1237 saepe
1516 1192 1625 1225 inter-

959 1239 1111 1283 polatum
1146 1245 1211 1273 est.
1278 1239 1335 1273 Cf.
1380 1238 1455 1273 Vol.
1499 1238 1547 1272 ΙΙ.
1589 1249 1624 1283 p.

1000 1349 1152 1409 αυτόν]
1204 1365 1267 1388 αν.
1304 1353 1391 1387 Lob.
1435 1352 1534 1386 Vind.
1584 1352 1625 1385 B.

963 1397 1102 1434 σοῖυτόν
1128 1410 1202 1433 cum
1226 1399 1361 1444 punctis
1377 1399 1468 1432 circa
1486 1408 1506 1434 σ
1527 1398 1625 1431 Vind.

962 1446 1007 1481 Ε.

1011 1511 1120 1559 ὅπου]
1147 1509 1237 1548 ὅποι
1261 1513 1362 1546 Vind.
1388 1510 1461 1548 ΒΕ.
1487 1510 1624 1547 Ven.B·.

963 1561 1042 1596 Vat.
1059 1561 1106 1595 H.
1133 1561 1226 1594 Flor.
1238 1560 1343 1594 ACV.
1370 1555 1445 1602 ὅπη
1470 1559 1612 1595 Flor.T
1616 1584 1625 1593 .

1008 1628 1145 1673 μέλλοι]
1169 1626 1289 1672 μέλλει
1312 1629 1397 1662 Lob.
1417 1628 1494 1661 Vat.
1511 1627 1624 1661 BHM.

963 1676 1048 1710 Ven.
1067 1677 1107 1709 B.
1132 1676 1211 1708 Par.
1236 1675 1281 1709 K.
1306 1675 1399 1709 Flor.
1415 1674 1521 1710 ACT.
1543 1672 1626 1717 μέλ-

962 1723 1005 1766 λη
1030 1721 1131 1757 Vind.
1158 1721 1202 1755 Ε.

1009 1787 1234 1836 βοηθήσειν]
1261 1788 1419 1834 βοηθεῖν
1443 1788 1538 1822 Flor.
1557 1788 1602 1823 T.

1011 1854 1073 1903 ἅν]
1101 1870 1165 1894 om.
1191 1858 1290 1891 Vind.
1314 1858 1358 1891 F.
1384 1857 1471 1902 Ang.
1496 1857 1536 1892 B.

1008 1935 1162 1984 ὁπόσῳ]
1209 1934 1248 1970 ἐν
1288 1935 1392 1991 πόσῳ
1429 1939 1508 1971 vat.
1545 1937 1625 1971 ΒΜ.

963 1974 1255 2020 Lob.F‘1or.T
1300 1972 1405 2028 πόσῳ
1449 1984 1541 2017 Mon.
1583 1984 1625 2017 B.

963 2031 1055 2065 Flor.
1074 2029 1119 2064 U.
1160 2029 1215 2062 Cf.
1243 2029 1316 2062 Vol.
1340 2029 1366 2062 Ι.
1393 2041 1426 2074 Ρ
1448 2031 1528 2071 320,
1547 2041 1578 2063 a.

1011 2098 1103 2142 οἴει]
1140 2109 1172 2132 ο.
1206 2092 1253 2130 ὃὶν
1288 2098 1373 2131 Ven.
1398 2099 1439 2132 B.
1475 2098 1561 2142 Ang.
1587 2098 1627 2132 B.

963 2145 1063 2178 Vind.
1100 2144 1174 2177 EF.
1217 2143 1309 2178 Flor.
1340 2144 1384 2179 R.
1429 2144 1512 2178 editi
1549 2150 1628 2179 ante

963 2191 1168 2226 Bekkerum.

1010 2256 1154 2303 αὐτοῦ]
1181 2255 1243 2293 αὖ.
1267 2258 1366 2292 Vind.
1391 2259 1466 2293 EF.

1009 2326 1201 2374 γυναικὸς]
1225 2325 1378 2372 γυαικὸς
1401 2328 1474 2361 Ald.

1012 2395 1241 2441 ἀπόλοιντο]
1269 2393 1492 2431 οἷπόλλοιντο
1526 2397 1627 2433 Vind.

964 2444 1009 2478 Ε.

1003 2520 1150 2569 αὐτῶν]
1175 2524 1371 2571 Stephanus
1388 2528 1500 2558 annot.
1512 2536 1546 2570 p.
1559 2526 1614 2561 26.
1628 2532 1694 2567 579

964 2570 1013 2603 αὖ
1050 2581 1111 2614 pro
1146 2570 1273 2604 αὐτῶν
1309 2582 1329 2603 a
1363 2571 1507 2604 Platone
1540 2571 1627 2604 scri-

963 2621 1078 2661 ptum,
1113 2616 1232 2649 Astius
1270 2616 1303 2649 in
1350 2621 1432 2650 tert.
1476 2617 1627 2661 proxima

965 2663 1074 2695 verba
1099 2662 1176 2696 τῶν
1211 2660 1357 2696 δούλων
1386 2674 1452 2696 non
1485 2664 1527 2696 ab
1552 2663 1626 2707 ipso

962 2709 1120 2752 profecta
1145 2719 1221 2742 esse
1245 2708 1460 2753 suspicatur,
1485 2720 1626 2754 quorum

962 2758 1118 2788 neutrum
1137 2754 1315 2799 probabile
1334 2754 1477 2788 videtur.
1514 2755 1627 2796 Quum
