1764 3176
495 190 820 235 CIVITAS
866 190 991 233 LIB.
1021 190 1156 234 VIIII.
1184 195 1253 232 579

1479 192 1564 233 139

185 301 326 349 πολλοὶ
356 301 416 354 ὦς
454 302 566 360 γυνή
596 307 670 360 ζῇ,
712 306 902 359 φθονῶν
940 302 1013 347 καὶ
1051 307 1142 355 τοῖς
1178 302 1325 355 ἄλλοις
1355 304 1563 355 πολίταις,
1596 305 1628 346 C

187 371 265 417 ἐάν
295 388 360 422 τις
399 371 479 424 ἔξω
517 370 724 429 ἀποδημῇ
767 372 842 415 καί
881 388 922 414 τι
960 369 1133 427 ἀγαθόν
1169 371 1276 430 ὁρᾷς
1306 372 1568 416 Παντάπασι

187 440 268 497 μὲν
309 434 392 485 οὖν
403 473 414 493 ,
457 440 554 496 ἔφη.

633 438 813 483 Οὐκοῦν
850 443 943 490 τοῖς
988 440 1206 491 τοιούτοις
1241 446 1395 492 κακοῖς
1434 441 1567 484 πλείω

187 512 438 564 καρποῦται
469 505 604 563 ἀνὴρ,
633 507 680 559 ὃς
712 506 767 551 ἂν
797 512 941 559 κακῶς
972 508 1018 551 ἐν
1047 507 1187 566 ἑαυτῷ
1217 509 1569 565 πολιτευόμενος,

187 575 240 620 ὃν
270 580 353 619 νῦν
385 576 438 632 δή
471 578 525 619 σύ
554 576 827 620 ἀθλιώτατον
858 576 1051 631 ἔκρινας,
1083 575 1159 619 τὸν
1187 577 1478 630 τυραννικόν,
1511 577 1569 628 ὠς

187 644 246 701 μὴ
276 641 452 699 ἰδιώτης
480 647 697 702 καταβιῷ,
736 643 834 688 ἀλλ’
867 643 1128 700 ἀναγκασθῇ
1158 642 1249 688 ὑπό
1279 662 1399 696 τινος
1435 645 1570 700 τύχης

186 715 482 766 τυραννεῦσαι
515 712 587 755 καὶ
618 712 778 756 ἑαυτοῦ
809 711 871 756 ὢν
900 711 1107 768 ἀκράτωρ
1147 711 1290 755 ἄλλων
1321 712 1570 770 ἐπιχειρήσῃ

187 779 356 837 ἄρχειν·
391 779 536 835 ὥσπερ
586 781 627 823 εἴ
662 797 726 832 τις
773 780 987 838 κάμνοντι
1028 779 1196 837 στόματι
1234 781 1309 826 καὶ
1356 780 1571 837 ἀκράτορι

186 929 314 964 κακῶν
342 939 382 963 π.
410 931 467 963 κ.“
522 928 623 962 Haud
656 930 767 974 paullo
791 941 849 964 re—

188 976 275 1009 ctius
309 976 351 1009 de
383 977 458 1009 loco
481 975 692 1018 Thucydidis
723 977 848 1010 sentie-

186 1023 249 1055 bat
281 1021 395 1056 dativo
420 1021 537 1055 eadem
569 1021 700 1055 ratione
728 1022 781 1055 usi
807 1023 847 1056 L

185 1068 213 1102 Ι.
239 1079 268 1102 c.
286 1069 344 1103 36.
368 1071 455 1101 extr.
472 1065 674 1123 δεξαμενοι
693 1065 730 1101 δὲ
751 1064 848 1112 ἡμᾶς

187 1111 284 1155 ἕξετε
307 1112 404 1169 πρὸς
432 1110 574 1153 αὖτοὺς
595 1114 736 1148 πλείοσι
759 1126 848 1148 ναυ-

187 1158 224 1193 σὶ
250 1163 333 1199 ταῖς
363 1156 560 1203 ἡμετέραις
589 1156 846 1203 ἀγωνίζεσθαι.

187 1217 289 1250 quam
319 1206 509 1239 lectionem·
531 1206 651 1239 merito
684 1216 791 1251 nuper
827 1218 847 1240 a

185 1252 350 1306 Poppone
393 1254 566 1296 receptam
618 1252 715 1285 alteri
765 1255 848 1291 ταῖς

185 1293 382 1341 υμετέραις
418 1297 551 1331 minime
582 1298 848 1343 postponendam

184 1343 377 1388 intelligens
407 1343 457 1377 ita
479 1342 692 1388 explicabat,
724 1349 763 1377 ut
787 1344 848 1377 da-

185 1389 258 1423 tivo
292 1389 328 1422 id
359 1389 546 1432 significari
585 1390 847 1431 demonstraret,

184 1445 250 1480 per
282 1434 371 1479 quod
406 1435 519 1480 plures
551 1447 655 1469 naves
700 1415 848 1469 habituri

186 1484 302 1515 essent
334 1480 570 1515 Athenienses.
624 1482 755 1516 Eadem
789 1493 848 1515 ex-

186 1526 371 1572 plicatione
412 1527 655 1561 Stallbaumius
701 1529 744 1562 ad
787 1539 849 1562 no-

186 1578 297 1607 atrum
319 1573 426 1606 locum
446 1573 597 1606 adhibita
620 1579 715 1608 recte
738 1579 849 1607 muta-

186 1618 333 1652 tionibus
352 1630 373 1651 a
390 1619 567 1663 Stephano
592 1624 627 1654 et
653 1620 749 1654 Astio
769 1631 849 1664 pro-

186 1664 310 1710 positis
334 1675 417 1709 opus
443 1676 518 1698 esse
542 1666 688 1709 negavit.
733 1666 849 1700 Dativi

187 1720 270 1744 usus
301 1710 356 1743 hic
383 1710 466 1743 nihil
496 1710 614 1744 differt
637 1713 680 1745 ab
706 1723 767 1753 e0‚
793 1711 849 1766 qui

187 1755 222 1789 in
245 1755 448 1790 dictionibus
479 1757 693 1813 pervulgatis
717 1755 848 1791 τοσού-

187 1814 240 1848 τῳ
269 1801 402 1844 πλείω,
428 1803 574 1848 πολλῷ,
607 1801 734 1849 ὀλίγῳ,
772 1799 848 1848 όσῳ

188 1836 302 1882 πλείω
327 1827 478 1890 obtinet,
500 1855 535 1881 et
560 1849 625 1883 iam
651 1850 703 1883 bis
726 1850 760 1882 in
785 1850 848 1882 hoc

188 1905 293 1937 opere
316 1905 337 1927 a
361 1893 456 1927 nobis
479 1895 682 1929 observatus
706 1899 769 1930 est.
808 1895 848 1929 V.

189 1939 394 1984 V01.11.p.
419 1941 500 1983 228,
526 1952 557 1974 a.

234 1982 343 2030 ἀνὴρ]
371 1986 426 2019 lta
449 1986 527 2019 Par.
550 1987 589 2020 A.
615 1986 718 2020 Vind.
741 1987 847 2021 BEF.

185 2031 274 2076 Ang.
299 2032 338 2065 B.
372 2032 452 2064 vat.
477 2032 522 2067 H.
553 2032 649 2067 Flor.
673 2034 848 2068 ACRTV.

185 2078 286 2112 Stob.
321 2090 340 2112 ο
376 2074 473 2121 ἀνὴρ
505 2077 627 2123 reliqui
649 2090 725 2112 cum
750 2080 849 2113 editis

187 2129 269 2157 ante
291 2123 494 2157 Bekkerum.
518 2125 572 2158 vir
597 2126 657 2159 ille
682 2125 756 2159 Fic.
791 2126 847 2159 Cf.

188 2170 265 2205 Vol.
287 2170 315 2202 Ι.
363 2171 477 2224 ‚316‚
500 2171 533 2204 b.

235 2181 371 2270 ἑαυτῷ]
397 2212 498 2249 αὐτῶ
524 2215 623 2250 Vind.
636 2216 679 2250 F.
704 2216 792 2260 Ang.
807 2217 849 2251 B.

237 2256 304 2305 ον]
332 2249 424 2295 οἷον
462 2262 612 2295 malebat
653 2263 848 2307 Stephanus

188 2317 222 2352 p.
237 2308 293 2341 26.
319 2318 383 2340 non
407 2307 591 2363 respiciens
616 2308 766 2342 additum
785 2321 848 2353 ap-

187 2352 365 2398 positionis
386 2353 494 2387 instar
517 2352 585 2388 τὸν
610 2354 845 2398 τυραννικόν,

188 2399 231 2432 de
263 2411 329 2444 quo
364 2400 406 2433 cf.
440 2400 568 2434 VoLI.
592 2399 733 2445 p.204‚
757 2413 790 2439 3.
811 2403 846 2437 b.

188 2449 225 2479 et
247 2444 446 2488 Bernhardy
469 2451 557 2489 synt.
581 2458 615 2490 p.
639 2447 719 2482 302.

233 2491 317 2535 νῦν]
335 2503 408 2525 om.
432 2491 518 2525 Lob.
542 2493 622 2526 Vat.
644 2492 722 2527 ΒΜ.

235 2533 286 2576 αἷς
305 2535 353 2580 μὴ
375 2535 537 2582 ἰδιώτης]
556 2537 605 2582 μὴ
628 2535 679 2578 ὠς
695 2538 744 2572 ἰδ.
764 2540 847 2574 Sto-

189 2583 295 2617 baeus
319 2589 365 2625 et,
389 2595 463 2627 sup.
486 2584 508 2629 β
533 2596 557 2617 α
581 2596 684 2639 super
706 2583 755 2639 μῂ
783 2598 846 2628 ως,

188 2630 268 2665 Vat.
294 2629 334 2662 B.
368 2628 409 2662 In
433 2629 523 2663 Flor.
537 2630 578 2663 R.
604 2629 655 2670 ὥς
678 2632 847 2675 omissum,

189 2675 224 2709 in
242 2675 335 2709 Mon.
345 2675 386 2708 Β.
404 2675 539 2720 punctis
555 2677 766 2721 postmodum
788 2678 846 2711 de·

189 2721 268 2755 letis
300 2725 452 2754 notatum
484 2722 550 2755 fuit
578 2734 689 2767 neque
715 2735 734 2756 a
754 2724 848 2757 Fici-

190 2779 232 2802 no
264 2767 560 2823 (haudquaquam
574 2770 753 2812 privatus)
787 2781 848 2803 ex—

189 2825 343 2867 pressum
367 2818 431 2846 est.
455 2811 505 2858 μὴ
532 2826 583 2854 ως
602 2815 650 2848 ἰδ.
672 2816 847 2849 Stallbau-

188 2859 274 2894 mins
290 2859 324 2894 in
339 2870 409 2893 sec.
434 2871 476 2894 ex
500 2860 574 2894 cod.
600 2861 676 2895 Vat.
686 2862 727 2896 Β.
748 2874 846 2907 quem

903 929 1016 963 subito
1032 929 1152 963 librum
1163 929 1490 974 praestantissimum
1505 941 1568 975 ap-

904 977 1021 1020 pellat,
1046 976 1196 1020 recepit:
1222 977 1264 1009 de
1284 977 1433 1010 Stobaeo
1450 977 1566 1010 Astius

904 1022 986 1055 nihil
1011 1022 1222 1066 prodiderat.
1270 1022 1327 1055 Me
1355 1023 1494 1066 vulgata
1518 1023 1569 1055 le·-

904 1067 972 1102 ctio
1020 1072 1203 1112 propterea
1252 1068 1360 1101 minus
1411 1069 1566 1111 offendit,

904 1113 994 1159 quod
1018 1115 1148 1147 initium
1174 1114 1304 1158 periodi
1321 1114 1369 1147 ita
1390 1126 1568 1159 compara-

904 1164 974 1193 tum
1002 1166 1068 1202 est,
1094 1166 1132 1193 ut
1156 1161 1328 1194 affirmare
1352 1161 1479 1204 aliquid
1505 1172 1565 1204 po—

905 1205 996 1246 tius,
1021 1218 1121 1249 quam
1144 1218 1271 1249 negare
1295 1206 1381 1239 velle
1406 1207 1568 1239 Socrates

904 1252 1078 1292 videatur,
1105 1263 1247 1296 eumque
1272 1252 1491 1285 miserrimum
1516 1253 1570 1285 di-

905 1309 1005 1339 cere,
1029 1298 1087 1342 qui
1118 1301 1153 1330 et
1188 1298 1334 1331 animum
1358 1298 1568 1342 tyrannicum

905 1347 1005 1396 gerat
1028 1347 1063 1377 et
1087 1344 1179 1377 vitae
1204 1344 1426 1377 conditionem
1449 1350 1485 1388 t>
1491 1354 1570 1378 ran—

906 1391 1016 1423 nicam
1040 1389 1156 1423 subire
1180 1396 1333 1443 cogatur.
1368 1391 1489 1433 ltaque
1504 1403 1570 1424 non

904 1436 1045 1477 mirum,
1079 1435 1108 1468 si
1142 1448 1217 1469 eum
1248 1449 1298 1475 ως
1330 1434 1379 1480 μὴ
1416 1434 1571 1480 ἰδιώτην

905 1481 1139 1525 καταβιῶναι
1162 1482 1276 1526 ponit,
1302 1482 1335 1515 in
1360 1494 1447 1527 quo,
1473 1483 1502 1516 si
1527 1483 1571 1516 fi-

905 1528 956 1561 nis
981 1528 1113 1572 periodi
1132 1532 1236 1569 esset,
1260 1540 1302 1561 ne
1326 1529 1571 1562 Stallbaumius

906 1574 1041 1618 quidem
1069 1574 1279 1608 offendisset.
1315 1574 1384 1607 Iam
1407 1576 1496 1619 quod
1520 1575 1571 1608 31-

906 1624 1015 1653 terum
1040 1620 1083 1653 ad
1108 1620 1369 1664 descriptionem
1387 1621 1573 1665 perficien-

907 1665 984 1699 dam
1008 1665 1235 1699 necessarium
1268 1666 1375 1711 ριίοιί
1399 1678 1464 1700 ιιοιι
1490 1679 1571 1701 con-

906 1715 1069 1754 iunctum,
1097 1712 1157 1745 sed
1182 1712 1375 1757 oppositum
1400 1718 1464 1754 est,
1488 1713 1573 1747 facit

905 1757 987 1790 illud
1011 1737 1167 1803 quidem,
1200 1763 1239 1791 ut
1271 1758 1410 1802 negatio
1445 1759 1572 1803 potius,

906 1814 1008 1847 quam
1043 1804 1227 1838 affirmatio
1260 1804 1489 1850 praecessisse
1521 1805 1571 1839 vi-

905 1849 1048 1890 deatur3
1087 1853 1123 1883 at
1155 1861 1256 1903 quum
1282 1862 1320 1883 re
1355 1862 1437 1884 vera
1469 1863 1572 1896 prae-

906 1895 1064 1929 cessisset
1080 1896 1228 1939 negatio,
1254 1897 1411 1940 quamvis
1434 1909 1473 1930 ea
1492 1909 1570 1930 ver-

902 1942 983 1974 bum
1016 1953 1081 1975 non
1118 1942 1293 1983 afficeret,
1335 1942 1437 1976 facile
1470 1943 1570 1977 intel-

907 1987 1046 2031 ligitur,
1070 1999 1171 2032 quam
1204 1968 1365 2032 proclivis
1391 1989 1433 2022 ad
1457 1993 1569 2044 muta—-

905 2034 1031 2067 tionem
1048 2045 1102 2066 res
1120 2039 1220 2068 esset.
1254 2034 1345 2068 Nam
1361 2032 1435 2068 ἀλλ’
1457 2031 1569 2079 ἀνοιγ-

905 2079 1030 2124 κασθῇ
1051 2080 1142 2113 haud
1162 2080 1266 2114 dubie
1289 2080 1337 2113 ita
1361 2080 1487 2114 dietum
1505 2087 1570 2123 est,

906 2127 1002 2170 quasi
1020 2131 1119 2159 antea
1143 2124 1192 2170 μὴ
1219 2138 1270 2165 ως
1290 2124 1441 2170 ἰδιώτης
1456 2139 1570 2161 κατα-

907 2172 976 2218 βιῷ
1002 2175 1093 2205 esset
1113 2172 1250 2206 dictum.
1299 2173 1401 2206 Talia
1426 2184 1506 2207 vero
1534 2174 1570 2207 in

906 2207 960 2252 his
977 2218 1186 2251 sermonibus
1198 2219 1469 2260 frequentissima
1479 2224 1569 2255 sunt.

953 2272 1061 2320 ἀλλ’]
1089 2272 1181 2309 ἀλλὰ
1208 2275 1292 2308 Lob.
1319 2275 1418 2308 vind.
1444 2277 1489 2310 F.

949 2333 1212 2376 τυραννεῦσαι]
1233 2333 1464 2376 τυραννῆσαι
1482 2334 1568 2369 Lob.

901 2381 991 2460 gpdg.
1021 2380 1062 2413 B.
1096 2380 1177 2413 vat.
1213 2379 1261 2413 M.
1296 2381 1571 2423 τυρανννεῦσαι

950 2479 1179 2527 ἐπιχειρήσῃ]
1213 2478 1435 2527 ἐπιχειρήσει
1482 2485 1568 2520 Lob.

902 2530 1004 2565 Vind.
1032 2529 1102 2561 BF.
1129 2529 1207 2562 vat.
1218 2528 1261 2562 H.
1286 2528 1380 2566 Flor.
1394 2531 1439 2567 R.
1466 2532 1565 2567 Stob.

903 2576 977 2610 cod.
1002 2575 1043 2609 Α.
1067 2573 1186 2608 Trinc.

951 2629 1153 2687 ἀκράτορι]
1187 2628 1377 2677 ἀκράτωρι
1400 2634 1498 2668 Vind.
1523 2636 1567 2669 E.

905 2674 1082 2722 οἷκράτρι,
1107 2690 1181 2723 sup.
1219 2690 1238 2713 ο
1265 2691 1285 2712 3
1307 2691 1351 2712 ιιι.
1378 2691 1405 2712 s.
1431 2681 1519 2713 inter
1544 2695 1564 2715 τ

904 2729 940 2758 et
973 2737 1014 2769 ρ,
1047 2724 1138 2758 Mon.
1172 2725 1212 2757 Β.
1274 2726 1390 2759 Etiam
1422 2726 1455 2759 in
1479 2738 1522 2760 m.
1547 2740 1568 2762 a

903 2782 947 2806 m.
982 2782 1009 2804 s.
1042 2769 1105 2803 καὶ
1138 2766 1297 2826 ἀκράτρι
1329 2772 1432 2805 habet
1467 2773 1567 2829 eique

903 2816 1151 2872 subscriptum:
1186 2814 1254 2861 ἐγώ
1279 2815 1462 2861 θαυμάζω
1496 2817 1567 2863 τὴν

905 2861 1011 2905 ιιξιν
