1764 3176
239 111 321 152 192

239 217 373 276 ἀνὴρ,
416 215 535 271 ἄλλ’,
587 216 612 262 ὃ
651 218 784 274 λέγω,
825 216 992 275 ῥητέον.

226 285 382 330 ’Ἀκουε
421 285 500 342 δή,
547 289 713 341 μᾶλλον
763 285 809 330 δὲ
852 285 1104 341 ἀποκρίνου.

689 106 1175 149 PLATONIS‘

1073 216 1205 260 Πάνυ
1241 216 1320 272 μὲν
1357 211 1466 271 οὖν,
1514 216 1612 274 ἔφη.

1170 284 1346 339 Ἐρώτα.
1414 286 1616 342 Μίμησιν

239 354 350 404 ὅλως
381 354 492 409 ἔχοις
526 353 582 397 ἄν
612 371 687 410 μοι
718 356 852 397 εἰπεῖν
880 354 961 397 ’ὅτι
990 353 1091 396 ποτ’
1127 353 1266 404 ἐστίνς
1297 352 1402 397 οὐδὲ
1430 351 1516 409 γάρ
1547 369 1616 396 τοι

239 420 370 472 αὐτὸς
400 420 518 464 πάνυ
547 439 588 465 τι
618 424 802 476 ξυννοιό,
832 423 873 465 τί
907 419 1110 477 βούλεται
1141 419 1267 465 εἶναι.

241 490 345 545 ἔφη.
387 488 469 545 ἐγώ
515 491 754 546 ξυννοήσω.

238 642 307 677 τες
336 625 545 680 πρότεροι
575 623 706 669 εἶδον.

237 772 410 818 φώτατος
427 773 574 819 ἔφησεν.
601 786 801 820 quamquam
818 786 898 808 ver-

237 823 301 863 ba,
336 821 459 866 quibus
492 821 616 862 utitur,
643 821 749 864 magis
775 820 898 854 similia

238 872 318 900 sunt
343 867 569 901 Aristotelicis
598 867 632 900 in
655 867 738 901 Eth.
766 867 809 899 ad
832 866 899 900 Ni-

240 925 324 946 com.
357 913 398 946 L.
427 913 453 945 I.
480 925 508 946 c.
531 912 564 946 4.
591 912 644 945 ed.
675 913 823 945 Bekker.
862 923 896 956 p.

242 960 342 994 1096.
368 970 399 997 a,
422 959 483 992 1:2
508 957 640 1000 καίπερ
665 955 900 1000 προσάντους

238 1004 304 1048 τῆς
336 1002 514 1060 τοιαύτης
544 1002 725 1057 ζητήσεως
756 1002 899 1047 γινομέ-

238 1062 305 1094 νης
330 1048 391 1084 διὰ·
413 1048 455 1084 τὸ
480 1050 612 1092 φίλους
637 1046 777 1091 ἀνδρας
802 1049 898 1083 εἰσα-

239 1099 363 1151 γαγεῖν
381 1094 428 1129 τὰ
421 1095 534 1144 εἴδη
560 1092 730 1136 δόξειεδ’
751 1092 899 1135 ὃὶνῖσως

239 1140 383 1198 βέλτιον
403 1139 497 1175 εἶναι
514 1141 578 1175 καὶ
597 1142 674 1174 δεῖν
702 1138 762 1175 ἐπὶ
784 1151 899 1184 σωτη-

241 1187 304 1234 ρίᾳ
332 1199 370 1243 γε
398 1188 463 1231 τῆς
487 1184 666 1242 ἀληθείας
688 1186 751 1220 καὶ
772 1185 818 1220 τὰ
845 1186 898 1221 οἰ-

238 1237 320 1267 κεῖα
347 1231 533 1288 ἀναιρεῖν,
560 1229 678 1271 ἄλλως
697 1244 735 1266 τε
756 1231 819 1266 καὶ
838 1245 899 1287 φι-

237 1278 425 1336 λοσόφονς
467 1275 600 1318 ὄντας
645 1275 789 1322 αμφοῖν
826 1276 896 1322 γοὶρ

237 1322 363 1359 ὄντοιν
406 1325 529 1368 φίλοιν
574 1320 677 1359 ὅσιον
711 1325 898 1378 προτιμᾶν

237 1369 304 1415 τήν
331 1368 524 1415 ἀλήθειαν.
573 1371 643 1403 Sed
672 1371 756 1404 haec
780 1371 854 1415 ipsa
878 1382 899 1403 a

237 1417 380 1451 Platone
405 1417 552 1461 repetita
576 1428 652 1450 esse
677 1417 899 1459 probabiliter

237 1463 360 1497 statuit
383 1462 576 1496 Ammonius
599 1462 634 1495 in
659 1463 732 1495 vita
756 1462 897 1496 Aristot.

237 1509 312 1542 loco
336 1521 356 1543 a
381 1509 488 1542 Zellio
520 1520 554 1553 p
579 1511 636 1543 26.
672 1508 840 1563 indicato:
867 1507 902 1541 εἰ

239 1553 278 1588 δὲ
303 1554 366 1588 καὶ
390 1551 493 1609 αὕτω
522 1554 580 1609 τῷ
598 1551 772 1587 Πλατωνι
799 1566 899 1587 αντι-

239 1598 352 1644 λέγει,
399 1588 511 1634 ου’δεν
550 1590 718 1633 ἄτοπον
762 1598 841 1633 καὶ.
860 1596 899 1633 ἐν

238 1645 388 1686 τούτοις
418 1658 489 1701 γαρ
521 1644 568 1679 τὰ
597 1646 666 1679 τοῦ
699 1643 901 1684 Πλάτωνος

240 1696 383 1749 φρονεῖ.
419 1690 539 1726 αὐτοῦ
572 1689 644 1735 γάρ
678 1688 753 1726 ἐστι
778 1689 899 1735 λόγος,

242 1736 300 1772 ὅτι
339 1737 478 1781 μᾶλλον
516 1738 574 1771 δεῖ
610 1738 678 1793 τῆς
720 1736 902 1792 ἀληθείας

241 1785 469 1829 φροντίζειν,
496 1779 589 1827 ἥπερ
612 1779 725 1817 ἄλλον
741 1781 854 1822 τινός.

289 1850 422 1896 οἷνὴρ,]
449 1849 555 1886 αὐτό.
580 1852 659 1885 Bas.
681 1853 714 1885 b.
740 1848 836 1895 οινήρ
864 1851 900 1885 in

241 1899 391 1934 Aristide
409 1897 545 1943 scripsit
563 1898 769 1938 Dindorfius,
787 1897 900 1931 nescio

243 1958 287 1979 an
305 1945 391 1978 idem
409 1945 444 1977 in
456 1944 599 1977 Platone
617 1944 810 1976 faciendum
829 1943 901 1976 exi-

241 1992 391 2025 stimans.
439 1991 515 2034 Ego
540 1993 568 2022 si
590 1989 772 2022 Homerum
795 1989 901 2022 soium

242 2036 471 2081 significatum
496 2047 517 2068 a
540 2035 708 2081 scriptore
731 2040 900 2079 putarem,

242 2083 417 2117 articulum
450 2094 516 2115 non
540 2082 648 2115 minus
671 2082 900 2115 necessarium

243 2129 448 2169 arbitrarer,
474 2139 573 2172 quam
598 2127 638 2160 L.
659 2127 686 2160 I.
712 2139 745 2171 p.
759 2128 897 2162 331 E.

243 2175 312 2209 Sed
337 2174 437 2208 latius
462 2173 631 2207 sententia
654 2178 774 2217 patere
794 2179 829 2207 et
848 2174 901 2206 vir

243 2221 374 2254 omnino
395 2219 535 2253 veritati
560 2219 810 2263 postponendus
834 2219 902 2252 dici

242 2267 398 2300 videtur:
443 2267 498 2298 die
531 2265 657 2298 Person
687 2266 775 2308 darf
807 2266 903 2299 m'cht

244 2314 327 2346 fiber
344 2313 400 2345 die
425 2312 604 2345 Wakrheit
621 2312 746 2355 gehen.
780 2312 902 2357 Itaque

244 2358 422 2393 articulum
447 2369 511 2391 non
536 2358 683 2402 requiro.

291 2433 387 2480 ἀλλ’,
416 2433 435 2472 ὃ
456 2435 557 2481 λέγω,
584 2435 742 2482 ῥητέον]
768 2433 888 2471 Ante
878 2450 897 2472 ο

244 2480 335 2527 λέγω
355 2495 429 2516 cum
454 2483 675 2517 Stallbaulnio
701 2484 735 2517 in
759 2495 826 2517 sec.
850 2484 902 2517 in-

244 2529 404 2563 cisionem
427 2530 507 2572 feci,
531 2542 596 2574 quo
621 2529 753 2562 facilius
776 2529 904 2564 intelli-

243 2579 345 2617 gatur
360 2586 494 2608 sensum
514 2587 579 2608 non
599 2587 674 2609 eum
694 2587 780 2616 esse,
803 2588 903 2620 quem

243 2621 384 2654 Ficinus
395 2621 654 2654 demonstravit:
681 2633 799 2665 quare,
812 2623 902 2666 quod

244 2668 399 2708 institui,
425 2667 605 2700 dicendum
626 2673 685 2701 est.
720 2671 779 2700 aut
803 2679 902 2712 quem

244 2713 590 2746 Schleiermacherus:
627 2715 699 2746 also
729 2725 820 2748 muss
847 2715 902 2747 ich

244 2760 309 2792 wol
339 2770 450 2803 sagen
479 2771 552 2793 was
585 2759 638 2792 ich
667 2760 785 2794 denke.
843 2760 898 2793 Cf.

1318 416 1379 464 ῒΗ
1401 438 1489 465 που
1524 421 1614 477 ἄρ’,

829 489 971 533 Οὐδέν
1008 507 1076 545 γε,
1112 485 1168 546 ἦν
1210 489 1252 533 δ’
1286 488 1392 543 ἐγώ,
1434 489 1614 538 ἄτοπον,

149 565 218 599 596
242 558 332 601 ἐπεὶ
361 556 498 601 πολλοὶ
538 575 606 601 τοι
643 557 851 610 ὀξύτερον
892 558 1142 613 βλεπόντων
1173 556 1448 614 ἀμβλύτερον
1478 557 1617 613 ὁρῶν-

755 625 925 678 ’Ὲστιν,
957 626 1059 684 ἔφη,
1090 625 1254 676 οὕτως·
1285 624 1392 669 ἀλλὰ
1423 628 1505 669 σοῦ
1534 641 1618 668 πα-

955 775 1100 809 v01.11.
1133 787 1167 820 p.
1195 775 1276 809 354.
1304 794 1353 799 -
1385 774 1453 807 Ρι·ο
1483 771 1616 818 ῥητέον

954 822 1055 857 Vind.
1081 822 1124 854 F.
1153 818 1277 864 ἰητέον
1300 820 1415 853 habet.

992 863 1119 900 ’Ἄκουε
1142 865 1202 910 δὴ,
1227 865 1390 921 μᾶλλον]
1418 860 1531 899 α’κονε
1558 862 1617 908 δή.

955 914 1113 946 Μαλλον
1141 913 1218 946 Ald.
1254 908 1366 945 ἄκουε
1396 909 1441 954 δὴ
1478 911 1619 954 μᾶλλον

957 957 1017 1002 δὴ.
1048 959 1187 1002 μᾶλλον
1221 969 1294 991 eum
1319 958 1408 991 linea
1439 958 1502 990 sub
1525 957 1618 1000 μᾶλ-

957 1006 1021 1038 λον
1043 1004 1088 1048 δὴ
1111 1005 1204 1037 Μοῐι.
1225 1004 1264 1036 Β.

1002 1047 1057 1094 δε]
1068 1018 1129 1094 ηδὴ
1156 1050 1254 1083 Vind.
1281 1050 1324 1083 E.
1350 1045 1389 1083 δ’
1414 1050 1508 1083 Mon.
1534 1049 1576 1082 C.

1004 1104 1111 1151 όλως]
1136 1111 1214 1152 post
1239 1105 1333 1150 ε’χοις
1357 1108 1444 1141 Ven.
1469 1107 1511 1140 B.
1537 1106 1616 1140 vat.

955 1155 1002 1188 H.
1030 1154 1123 1187 Flor.
1148 1154 1287 1187 ACTV.

1002 1196 1118 1253 ε’χοις]
1162 1197 1251 1242 ἔχεις
1288 1199 1389 1232 Vind.
1425 1198 1471 1232 Ε.

955 1249 1034 1279 ante
1059 1241 1163 1284 ὅλως.

1001 1288 1090 1324 ποτ’
1117 1288 1236 1334 ἐστίν]
1277 1287 1371 1324 ποτέ
1402 1287 1498 1324 ἐστιν
1529 1290 1616 1324 Lob.

956 1335 1048 1370 ποτ’
1074 1334 1169 1370 ε’στιν
1194 1337 1286 1370 Μοη.
1312 1336 1351 1369 C.
1379 1337 1557 1369 Bekkerus
1583 1340 1619 1369 et

957 1383 1219 1423 Stallbaumius‚
1255 1382 1346 1437 quod
1380 1382 1464 1415 ferri
1490 1386 1616 1426 potest.

957 1429 1027 1462 Sed
1059 1429 1207 1462 additum
1231 1425 1320 1461 ποτ’
1344 1427 1497 1461 indicare
1521 1428 1619 1461 vide-

957 1480 1013 1508 tur
1057 1475 1216 1507 maiorem
1270 1485 1345 1507 esse
1396 1474 1618 1517 pronominis,

957 1530 1056 1565 quam
1079 1520 1179 1553 verbi
1204 1518 1281 1559 vim,
1302 1523 1337 1552 et
1355 1520 1532 1552 Socratem
1555 1520 1618 1553 hoc

957 1567 1091 1600 dicere:
1131 1565 1352 1599 imitationem
1380 1565 1507 1609 aliquid
1542 1577 1618 1599 esse

957 1624 1096 1646 necesse
1112 1616 1183 1645 est:
1208 1611 1267 1644 sed
1284 1611 1366 1655 quid
1385 1611 1521 1645 tandem
1537 1612 1618 1646 est?

1003 1659 1083 1702 τοι]
1112 1670 1148 1691 τι
1173 1657 1272 1691 Vind.
1296 1657 1334 1690 B.
1360 1657 1452 1690 Mon.
1474 1659 1513 1692 Β.
1538 1658 1617 1691 Par.

958 1703 1000 1737 D.
1027 1705 1119 1737 Flor.
1141 1704 1184 1737 U.
1210 1703 1285 1736 Ald.
1310 1704 1391 1736 Bas.
1416 1705 1471 1737 ab.

1004 1762 1052 1805 τι]
1077 1772 1136 1794 τοι
1159 1761 1244 1794 Lob.
1271 1761 1350 1794 Vat.
1376 1760 1455 1794 ΒΜ.
1479 1760 1617 1795 Ven.B.

958 1807 1036 1840 Par.
1061 1807 1104 1841 K.
1143 1814 1178 1840 et
1202 1819 1223 1840 a
1246 1819 1290 1840 m.
1314 1818 1340 1839 S.
1375 1807 1469 1841 Mon.
1494 1807 1533 1840 B.
1568 1807 1619 1850 (τι

958 1864 979 1886 a
1003 1865 1045 1886 m.
1074 1853 1142 1897 pr.)
1198 1853 1252 1885 Cf.
1288 1852 1363 1886 Vol.
1389 1853 1418 1888 Ι.
1450 1865 1485 1898 p.
1509 1855 1563 1896 11,
1584 1864 1615 1886 a.

957 1910 1022 1931 om.
1049 1899 1148 1933 Vind.
1174 1899 1216 1931 E.
1241 1899 1334 1932 Mon.
1357 1898 1397 1931 C.

1004 1954 1171 1998 ξυννοῶ]
1206 1954 1326 1997 ξυνοῶ
1354 1956 1446 1989 Μοη.
1474 1956 1514 1989 C.
1539 1960 1574 1990 et
1597 1967 1618 1990 a

957 2013 1000 2034 m.
1025 2012 1076 2045 pr.
1103 2001 1141 2033 Β.
1167 2001 1241 2034 Ald.
1269 2002 1346 2035 Bas.
1374 2013 1405 2035 a.

998 2046 1064 2135 539]
1082 2042 1242 2126 ὁζτινγεέῖ.
1266 2046 1318 2125 IFNJ.

1089 2105 1112 2135 η
1170 2104 1204 2125 111

1001 2150 1090 2206 που]
1115 2161 1188 2183 πον
1210 2149 1285 2184 Ald.

1003 2192 1051 2252 ἄρ
1062 2192 1093 2239 ’]
1123 2192 1188 2239 αρ’
1214 2195 1312 2228 Vind.
1338 2195 1380 2229 E.
1406 2196 1498 2230 Mon.
1528 2197 1569 2231 C.

1004 2238 1088 2285 εγὼ]
1114 2254 1178 2275 om.
1206 2241 1289 2274 Lob.
1314 2243 1393 2276 Vat.
1417 2242 1467 2276 M.

1004 2297 1215 2353 ξυννοήσω]
1254 2310 1354 2334 συνν.
1388 2299 1488 2335 Vind.
1514 2300 1616 2335 BEF.

959 2342 1127 2389 ξυνοήσω
1161 2345 1253 2379 Μοη.
1290 2346 1329 2380 C.
1365 2346 1439 2379 Ald.
1470 2346 1550 2379 Bas.
1584 2358 1614 2380 a.

960 2394 1044 2425 haec
1063 2403 1138 2424 cum
1153 2391 1384 2435 interrogandi
1400 2391 1507 2435 signo,
1527 2392 1618 2437 quod

961 2438 1040 2470 Bas.
1067 2438 1099 2470 b.
1135 2437 1254 2480 Steph.
1289 2443 1323 2470 et
1356 2437 1472 2471 Astius
1498 2443 1619 2471 tenue-

961 2488 1057 2523 runt,
1084 2495 1146 2516 nec
1170 2494 1234 2516 non
1259 2483 1617 2525 Ficinus‚.Sch1eier-

960 2530 1135 2563 macherus
1159 2535 1193 2562 et
1225 2529 1464 2563 Stallbaumius
1488 2529 1521 2562 in
1544 2541 1613 2563 sec.

959 2575 994 2609 in
1021 2575 1237 2608 annotatione
1265 2575 1374 2608 secuti
1396 2579 1484 2608 sunt.
1531 2575 1615 2609 Mihi

960 2618 1034 2665 ἄρα
1058 2621 1317 2654 affirmationem
1340 2621 1452 2665 potius
1474 2632 1615 2666 eamque

958 2667 1120 2700 ironicam
1142 2666 1293 2700 indicare
1320 2667 1464 2700 videtur.
1511 2667 1615 2700 Simi-

957 2713 1033 2747 litei
1059 2709 1141 2745 ἀλλ’
1165 2712 1188 2755 η’
1215 2724 1287 2746 που
1312 2732 1358 2737 ——
1387 2709 1495 2745 πόλλ’
1524 2710 1613 2755 (ἔγ-α

956 2757 1012 2793 θὰ
1049 2755 1124 2793 α’πὸ
1161 2758 1228 2801 τῆς
1267 2755 1447 2801 υμετέρας
1479 2759 1614 2802 σοφίας

1513 1198 1618 1243 idque
