1764 3176
262 99 344 139 180

715 93 1186 136 PLATONIS

262 203 345 250 οὐκ
382 204 438 248 ἄν
478 202 597 262 αὐτῷ
637 202 872 249 ἐλυσιτέλει
909 204 1007 250 οὐδ’
1053 205 1108 249 ἂν
1146 202 1357 260 πάμπολυ
1395 203 1464 247 ἐπὶ
1500 202 1643 261 τούτῳ

262 273 527 331 λαμβάνειν,
569 274 605 317 εἰ
645 273 692 317 δὲ
727 272 777 317 τὸ
808 273 970 318 ἑαυτοῦ
1007 271 1240 317 θειότατον
1277 271 1365 316 ὑπὸ
1403 276 1465 330 τῷ
1503 270 1644 316 ἀθεω-

263 342 377 400 τάτῳ
408 358 452 385 τε
481 341 555 385 καὶ
584 340 844 399 μιαρωτάτῳ
873 344 1114 386 δουλοῦται
1142 341 1216 384 καὶ
1244 339 1380 395 μηδὲν
1406 340 1526 395 ἐλεεῖ,
1560 337 1644 384 οὐκ

172 417 240 453 590
264 409 350 464 ἄρα
381 407 537 460 ἄθλιός
566 408 655 452 ἐστι
680 410 752 454 καὶ
779 410 894 454 πολύ
922 409 991 453 ἐπὶ
1021 409 1249 466 δεινοτέρῳ
1281 406 1449 469 ὀλέθρῳ
1479 409 1646 465 χρυσὸν

262 478 526 532 δωροδοκεῖ,
564 475 593 533 ἢ
627 475 842 534 Ἐριφύλη
883 477 951 521 ἐπὶ
986 481 1039 534 τῇ
1080 480 1162 545 τοῦ
1202 475 1369 531 ἀνδρὸς
1409 481 1525 533 ψυχῇ
1565 475 1645 520 τόν

261 545 402 602 ὅρμου
441 544 668 601 δεξαμένη,·
710 545 836 588 Πολὺ
877 545 1048 601 μέντοι,
1087 546 1114 600 ἠ
1156 543 1198 588 δ’
1238 543 1310 598 ὃς,
1348 543 1371 587 ὁ
1404 543 1641 588 Γλαύκων·

262 613 345 669 ἐγώ
374 611 457 669 γάρ
487 624 558 657 σοι
599 613 706 668 ὑπὲρ
748 613 918 657 ἐκείνου
949 612 1289 668 ἀποκρινοῦμαι.

308 735 397 773 οὐδ’
428 734 475 772 ἕὶν
506 737 682 783 πάμπολυ
713 737 773 774 ἐπὶ
798 736 918 785 τούτῳ

260 782 482 830 λαμβάνειν]
524 786 579 818 Ita
623 786 701 819 Pa..
733 789 774 820 A.
818 774 915 820 Vinci.

261 833 329 865 BF.
369 832 450 864 Ven.
486 832 528 864 C.
564 832 635 866 Pal.
670 833 711 866 A.
754 833 833 867 V-..it
872 832 916 864 H.

260 877 351 910 Fulox
372 877 477 910 ACV.
502 878 599 910 Stob.
624 877 743 911 Trinc.
770 884 803 910 et
828 878 920 910 Bek-

260 924 382 963 ke1·‚us
407 923 560 965 sublato,
586 923 676 967 quod
698 924 798 967 vulgo
823 929 920 956 ante-

260 969 408 1022 positum
435 974 529 1007 er‚at
564 981 635 1002 con
638 972 738 1002 mate
761 990 806 995 ——
830 971 918 1012 λαμ-

260 1013 379 1059 βάνην
404 1015 488 1057 Ang.
514 1015 552 1048 B.
579 1035 611 1039 -
639 1012 807 1060 λαμβάνῃ
832 1015 918 1048 Lob.

263 1062 361 1094 Ἢιιό.
386 1061 425 1094 Ε.
452 1061 529 1095 vat.
556 1060 636 1094 ΒΜ.
665 1061 756 1094 Flor.
782 1052 858 1095 RT.
885 1066 920 1093 et.

260 1106 513 1140 Stallbaumins.
549 1126 594 1130 —
625 1104 809 1151 λαμβάνοι
839 1107 920 1140 reli-

260 1153 318 1197 qui
342 1153 499 1194 codices,
533 1153 632 1185 Stob.
658 1153 733 1188 Ald.
758 1154 838 1187 Bas.
864 1154 918 1186 ab.

259 1200 380 1244 Steph.
417 1199 486 1242 (hic
522 1210 596 1231 cum
640 1198 919 1243 interrogationis

257 1246 355 1288 nota)
393 1250 428 1277 et
463 1244 596 1285 Asffius,
640 1246 698 1289 qui
739 1250 852 1278 tamen
885 1246 919 1278 in

256 1294 337 1323 totmt
362 1287 553 1335 λαμβάνῃ,
588 1291 677 1335 quod
703 1291 737 1324 in
760 1303 828 1325 sec.
852 1291 919 1324 iam

258 1342 430 1381 receptum
463 1336 496 1368 iu
522 1337 692 1370 addendis
717 1348 833 1370 tunsus
857 1337 918 1370 im-

191 1418 194 1423 ,
257 1383 485 1426 probavenat,
518 1382 699 1426 genuinum
735 1382 919 1416 existimat.

258 1428 468 1461 Alterum-am
502 1427 623 1461 harum
656 1428 835 1462 lectionum
863 1440 918 1462 se-

259 1479 357 1507 cutus
400 1474 534 1507 videtur
575 1474 734 1508 Ficinus:
786 1475 918 1517 (haud-

258 1533 429 1565 quaquam
474 1521 625 1563 acceptio
675 1522 740 1554 ista
776 1523 919 1564 procles-

258 1572 348 1609 set‚)
381 1579 490 1610 neque
525 1567 660 1600 etiamsi
689 1569 835 1600 mullum
859 1579 918 1600 ca-

255 1617 365 1657 peret.
415 1612 656 1646 Stullbaumius
686 1625 767 1646 vero
790 1613 825 1646 in
851 1625 920 1648 sec.

258 1658 446 1702 optativum
467 1658 596 1692 inserta
619 1659 714 1692 simul
738 1660 920 1692 secuudum

259 1705 353 1739 Mon.
371 1706 412 1738 B.
438 1710 474 1738 et
499 1716 519 1738 a
543 1716 585 1740 m.
610 1716 637 1738 s.
670 1705 766 1739 Flor.
792 1705 836 1739 U.
868 1705 921 1738 in-

259 1756 313 1783 ter
346 1745 392 1783 ὂὶν
424 1755 459 1783 et.
481 1748 659 1793 πάμπολυ
685 1751 921 1785 coniunctione

260 1796 295 1830 εἰ
325 1795 425 1829 unice
469 1807 588 1830 verum
629 1801 739 1841 putat.
815 1797 921 1831 Nulla

260 1853 381 1876 caussa
405 1847 469 1883 est,
485 1853 547 1875 cur
571 1843 614 1875 ab
638 1843 837 1886 optimorum
864 1855 918 1876 co-

258 1888 369 1921 dicum
400 1887 546 1921 lectione
581 1889 788 1922 recedamus.
832 1890 921 1932 λαμ-

260 1930 388 1979 βάνειν
414 1934 457 1966 ad
482 1930 675 1968 ἐλυσιτέλει
698 1935 840 1968 subiecti
869 1935 920 1968 in-

259 1984 332 2013 star
355 1979 504 2013 additum
530 1985 565 2013 et
591 1976 676 2013 0136'
701 1977 748 2013 ἂν
772 1978 920 2023 πάμπο-

260 2027 302 2059 λυ
327 2038 389 2070 pro
415 2023 503 2059 οὐδ’
531 2026 566 2059 εἰ
586 2024 762 2082 πάμπολυ
789 2026 844 2081 εἰη
869 2027 922 2059 di-

260 2077 351 2104 ctum
390 2076 461 2114 est,
502 2075 540 2106 ut
574 2069 662 2107 οὐδ’
700 2069 747 2106 ἂν
790 2069 921 2107 ὁτιοῦν

260 2118 410 2172 Euthyd.
436 2130 468 2174 p.
487 2120 571 2174 Ι287.
593 2119 634 2152 D.
664 2118 699 2151 in
722 2119 835 2152 verbis
858 2118 921 2152 καὶ

259 2164 330 2197 νῦν
364 2161 455 2197 οὐδ’
482 2159 529 2197 ὂὶν
558 2160 689 2198 ὁτιοῦν
722 2161 918 2219 ἀποκρίνῃ,

261 2205 326 2243 α’τε
341 2207 570 2266 γιγνώσκων,
603 2206 663 2244 ὁτι
687 2207 733 2244 οὐ
758 2211 834 2251 δεῐ,·
857 2223 919 2255 pro

263 2253 350 2289 οὐδ’
386 2256 420 2289 εἰ
455 2253 585 2290 ὁτιοῦν
619 2256 686 2299 εἴη.
742 2257 795 2291 Ad
823 2257 920 2290 huius

262 2302 350 2335 enim
374 2302 439 2335 loci
463 2302 629 2336 rationem
652 2306 805 2336 nostrum
819 2314 920 2336 revo-

261 2359 343 2381 care
375 2347 504 2389 malim,
529 2360 630 2393 quam
655 2360 685 2383 e.
710 2360 753 2402 g.
769 2349 812 2382 ad
835 2349 920 2404 Leg.

261 2394 302 2428 L.
322 2395 363 2428 V.
392 2405 423 2438 p.
446 2394 525 2428 744.
543 2395 592 2428 A.
618 2394 680 2428 καὶ
704 2390 803 2428 οὕτω
833 2391 918 2449 τάχ’

263 2435 310 2473 ἂν
337 2439 424 2477 ισως
452 2436 490 2473 ἐκ
517 2441 584 2484 τῆς
604 2441 830 2496 νομοθεσίας
854 2437 921 2474 αύ-

261 2483 326 2524 τός
343 2496 381 2518 τε
402 2482 568 2539 ἐκβαίνοι
588 2486 652 2520 καὶ
670 2484 761 2526 τοὺς
789 2483 922 2526 ἄλλους

262 2528 507 2586 άπαλλάττοι,
531 2530 615 2566 κατ’
641 2528 753 2566 ἄλλον
778 2531 817 2567 δὲ
837 2530 922 2586 τρό-

262 2589 335 2611 πον
362 2573 448 2610 οὐδ’
475 2574 522 2610 ἂν
543 2576 608 2612 ἕνα
625 2577 729 2614 ποτέ.
754 2579 812 2613 ubi
827 2580 922 2624 piius

264 2619 311 2657 ἂν
332 2623 462 2666 longius
486 2624 595 2657 abest.

311 2667 469 2718 ἑαυτοῦ]
518 2666 637 2703 αὑτοῦ
680 2671 779 2704 Stob.
815 2671 922 2704 Gesn.

265 2715 376 2749 Gaisf.
402 2715 522 2748 αυτοῦ
544 2716 663 2750 Trinc.

311 2757 541 2807 ἀθεωτάτῳ]
588 2759 809 2796 άθλιωτάτω
843 2763 921 2797 Par.

1359 611 1539 656 Οὐκοῦν
1568 612 1643 656 καὶ

976 740 1020 773 K.
1067 751 1136 774 sec.
1185 739 1297 773 Bekk.
1343 735 1494 785 ἀθεάτῳ
1536 738 1636 772 Stob.

976 785 1105 820 Trinc.

1022 828 1265 885 μιαρωτάτῳ]
1292 827 1510 875 μικρωτάτῳ
1542 829 1640 862 Stob.

976 878 1239 964 Τιδιδῗλοῦται]
1266 921 1449 956 δουλοῦτο
1467 923 1555 965 Ang.
1575 920 1618 954 B.

1023 967 1111 1012 ἐστι]
1139 970 1203 1002 erit
1230 969 1304 1002 Fic.

1023 1013 1082 1048 ἐπὶ
1096 1012 1303 1069 δεινοτέρῳ]
1317 1011 1466 1048 ἐπιδειν.
1479 1012 1578 1050 Vind.
1589 1013 1632 1046 F.
1643 1008 1712 1043 590

1023 1059 1060 1104 ἢ]
1092 1057 1115 1105 ἡ
1145 1060 1386 1094 Stob.T1inc.

1022 1104 1221 1150 Ἐριφύλη]
1266 1103 1420 1150 ε’ριφυλὴ
1464 1104 1562 1138 Vind.
1598 1104 1642 1158 F.

977 1150 1121 1197 ε’ριφίλη
1149 1153 1233 1187 Ven.
1258 1153 1297 1185 B.
1324 1153 1423 1186 Vind.
1445 1151 1486 1185 Ε.
1512 1148 1551 1195 ἐρ
1556 1163 1567 1183 ι
1571 1147 1641 1194 φύ-

976 1201 1042 1233 λου
1077 1200 1175 1232 Stob.
1217 1199 1334 1232 Trinc.
1371 1163 1551 1242 ἐριφύλῃρ
1562 1196 1638 1230 Ald.

975 1243 1151 1289 Ἐριφύλῃ
1186 1245 1265 1278 Bas.
1302 1245 1356 1279 ab.
1391 1263 1436 1268 ——
1473 1243 1643 1276 Homerus

979 1292 1104 1334 Odyss.
1130 1291 1170 1323 L.
1200 1290 1261 1323 XI.
1296 1304 1329 1324 v.
1352 1291 1442 1324 326:
1477 1286 1638 1343 Μαῖράν

976 1348 1015 1370 τε
1036 1327 1241 1392 Κλυμένην
1275 1347 1313 1369 τε
1348 1335 1431 1369 ι’δον
1465 1331 1642 1378 στυγερήν

977 1380 1014 1416 τ’
1048 1380 1268 1438 Ἐριφύλην,
1293 1378 1317 1426 ἣ
1357 1379 1495 1436 χρυσὸν
1528 1381 1642 1425 φίλου

978 1425 1118 1483 άνδρὸς
1141 1425 1290 1469 ἐδέξατο
1314 1425 1500 1470 τιμήεντα.

1024 1471 1156 1529 ὅρμον]
1180 1470 1293 1517 ὅρκον
1319 1475 1417 1507 Stob.
1442 1473 1561 1507 Trinc.

1023 1518 1217 1576 δεξαμένη]
1242 1516 1420 1575 δεξαμένῃ
1440 1520 1520 1552 Bas.
1546 1519 1602 1553 ab.

1024 1564 1127 1600 Πολὺ
1159 1587 1204 1591 -
1234 1563 1543 1610 άποκρινοῦμαι.]
1574 1575 1640 1599 om.

976 1613 1048 1646 Pal.
1074 1613 1115 1646 A.

1025 1655 1044 1693 ὁ
1077 1654 1278 1713 Γλαυκων]
1314 1670 1342 1691 ω
1378 1659 1430 1711 γλ.
1466 1657 1564 1692 Vind.
1596 1656 1640 1691 Ε.

975 1706 1065 1738 Ante
1091 1701 1110 1739 ὁ
1138 1716 1266 1738 comma
1289 1705 1399 1748 posui.

1023 1751 1094 1794 σοι]
1120 1762 1180 1784 τοι
1204 1751 1302 1784 Stob.
1327 1750 1400 1784 cod.
1424 1750 1466 1783 B.

1028 1795 1180 1832 Ουκοῦν
1203 1795 1278 1840 και]
1304 1795 1367 1830 καὶ
1391 1807 1455 1829 om.
1482 1794 1581 1828 Vind.
1594 1795 1639 1829 Ε.

978 1862 1023 1868 —
1047 1843 1251 1877 lamblichus
1277 1842 1296 1875 l.
1319 1854 1348 1876 c.
1374 1854 1408 1887 p.
1421 1844 1484 1878 86.
1504 1842 1639 1899 (πλημ-

976 1890 1105 1932 μελεῖ.)
1125 1887 1188 1922 καὶ
1207 1887 1280 1932 μὴν
1300 1885 1343 1922 τό
1364 1899 1402 1932 γε
1420 1885 1640 1922 άκολασταί-

977 1946 1054 1968 νειν
1080 1932 1143 1969 διὰ
1167 1946 1214 1967 τα
1244 1935 1404 1968 τοιαῦτα
1428 1932 1546 1968 πάλαι
1570 1932 1638 1988 ψέ-

976 1992 1090 2024 γεται,
1117 1976 1174 2014 ὅτι
1203 1977 1346 2014 α’νίεται
1373 1978 1412 2014 ἐν
1438 1981 1491 2026 τῷ
1512 1976 1638 2013 τοιού-

977 2039 1027 2072 τῳ
1050 2026 1093 2061 τὸ
1124 2024 1393 2081 ἐπιθυμητικὸν
1422 2014 1474 2065 εἰς
1493 2023 1640 2060 ἐλευθε-

978 2061 1063 2115 ρίαν
1096 2069 1192 2116 πέρα
1229 2069 1351 2116 (παρα
1382 2071 1455 2105 οο(1.
1495 2071 1568 2105 Ciz.
1602 2074 1639 2104 et

978 2119 1030 2151 ed.
1056 2118 1193 2171 Arce1.)
1225 2118 1294 2151 τοῦ
1328 2114 1491 2157 δέοντος.
1515 2115 1578 2151 καὶ
1609 2113 1636 2161 ἤ

978 2161 1168 2198 αυθάδεια
1193 2161 1232 2197 δε
1254 2162 1315 2197 καὶ
1336 2163 1510 2198 δυσκολία
1530 2161 1637 2218 ψέγε-

977 2223 1051 2252 ται,
1077 2206 1170 2244 ὅταν
1197 2207 1216 2244 ὁ
1246 2207 1370 2253 θυμός
1397 2207 1638 2254 άναρμόστως

978 2253 1229 2300 (άνάρμοστος
1276 2257 1350 2290 cod.
1393 2256 1465 2290 Ciz.
1505 2262 1540 2291 et
1582 2256 1636 2290 ed.

977 2303 1095 2336 Arcen.
1128 2303 1218 2357 quod
1241 2302 1423 2336 secundum
1447 2301 1637 2357 analogiam

976 2348 1131 2382 dictionis
1164 2347 1276 2392 μέγας
1312 2344 1488 2392 αὔξεται,
1519 2345 1638 2388 πολυς

977 2391 1131 2436 αὔξεται
1152 2399 1186 2428 et
1205 2395 1360 2428 similimn
1378 2394 1461 2428 feni
1474 2397 1618 2439 poterat.

978 2437 1136 2496 αὔξηται
1155 2440 1217 2474 καὶ
1226 2441 1488 2496 συντείνῃται.
1512 2452 1636 2496 τρυφη

978 2485 1017 2521 δε
1043 2484 1102 2521 ἐπὶ
1110 2500 1165 2544 τη
1187 2483 1305 2521 αὐτοῦ
1330 2485 1449 2521 άνέσει
1472 2484 1636 2530 ψεγεται,

979 2529 1072 2567 ὅταν
1102 2530 1140 2566 ἐν
1175 2530 1276 2579 ατῖτῳ
1320 2533 1460 2566 δειλίαν
1499 2532 1636 2577 (δειλία

980 2579 1073 2622 Ciz.)
1098 2577 1241 2625 εμποιῇ.
1255 2568 1437 2613 κολακεία
1464 2578 1636 2622 (nonanta

979 2626 1032 2659 ed.
1062 2626 1197 2664 Arcer.)
1230 2623 1270 2659 δὲ
1299 2624 1363 2659 καὶ
1395 2622 1638 2668 ἀνελευθερία

980 2673 1213 2715 παρενοχλεῖ,
1243 2671 1469 2726 (παρενοχλῇ
1492 2671 1544 2704 ed.
1569 2673 1637 2704 Ar-

981 2729 1050 2753 cer.
1077 2723 1111 2751 et
1135 2718 1208 2751 cod.
1235 2718 1327 2772 Ciz.)
1360 2713 1452 2752 ὅταν
1483 2729 1536 2756 τις
1559 2717 1635 2760 (pro

981 2763 1033 2797 his
1057 2764 1217 2798 Armenius
1238 2776 1377 2807 ταυτης
1401 2763 1523 2805 edidit,
1545 2761 1636 2808 quod
