1764 3176
288 150 371 191 234

284 265 348 303 θα
376 258 450 302 καὶ
482 260 675 311 τιθεῖμεν
713 255 1010 313 ἀντίστροφον
1041 256 1176 301 αὐτὸν
1205 260 1265 314 τῷ
1295 255 1509 313 ζωγράφῳ
1527 270 1538 280 ·

732 144 1201 193 PLATONIS

1589 255 1664 300 καὶ

284 326 369 382 γάρ
400 329 460 383 τῷ
501 329 649 380 φαῦλα
685 331 829 369 ποιεῖν
866 328 977 380 πρὸς
1007 326 1220 384 ἀλήθειαν
1251 324 1392 368 ἔοικεν
1421 321 1560 382 αὐτῷ,
1591 323 1664 366 καὶ

221 401 257 443 Β
289 398 349 449 τῷ
387 393 500 447 πρὸς
543 393 694 447 ἕτερον
727 398 932 438 τοιοῦτον
963 394 1130 451 ὁμιλεῖν
1163 397 1236 448 τῆς
1265 396 1427 449 ψυχῆς,
1466 389 1573 434 ἀλλὰ
1604 388 1662 446 μή

283 461 395 517 πρὸς
423 461 473 506 τό
503 461 745 518 βέλτιστον,
773 463 846 506 καὶ
875 464 1014 522 ταύτῃ
1044 463 1272 519 ὡμοίωται.
1313 461 1390 504 καὶ
1419 457 1558 521 οὕτως
1579 456 1664 514 ἤδη

283 529 339 574 ἂν
368 530 415 574 ἐν
445 531 544 587 δίκῃ
576 526 629 573 οὐ
659 533 1014 588 παραδεχοίμεθα
1045 535 1104 584 εἷς
1122 532 1363 588 μέλλουσαν
1382 527 1664 582 εὐνομεῖσθαι

279 598 432 651 πόλιν,
494 599 562 642 ὅτι
610 596 734 641 τοῦτ’
777 598 929 655 ἐγείρει
974 604 1050 657 τῆς
1094 604 1235 656 ψυχῆς
1277 599 1350 642 καὶ
1395 597 1544 652 τρέφει
1588 594 1663 637 καὶ

279 667 462 724 ἰσχυρὸν
492 670 634 710 ποιῶν
666 665 878 711 ἀπόλλυσι
906 669 955 711 τὸ
986 668 1254 725 λογιστικόν,
1287 667 1431 719 ὥσπερ
1461 664 1509 708 ἐν
1538 663 1663 707 πόλει

281 735 389 778 ὅταν
417 751 481 785 τις
508 734 766 790 μοχθηρούς
796 736 1015 791 ἐγκρατεῖς
1044 741 1185 779 ποιῶν
1218 737 1450 793 παραδιδῷ
1479 731 1558 788 τὴν
1587 729 1663 774 πό-

280 808 372 855 λιν,
411 801 516 853 τούς
547 803 593 846 δὲ
622 803 925 859 χαριεστέρους
962 807 1151 861 φθείρῃ·
1192 802 1354 846 ταύτὸν
1384 801 1458 844 καὶ
1487 800 1564 843 τὸν
1596 817 1662 855 μι-

279 870 463 927 μητικὸν
492 870 680 927 ποιητήν
710 871 909 928 φήσομεν
931 872 1073 928 κακὴν
1103 872 1325 916 πολιτείαν
1354 870 1443 925 ἰδίᾳ
1475 866 1662 912 ἑκάστου

324 974 504 1017 τιθεῖμεν]
530 974 695 1017 τίθειμεν
720 975 804 1009 Ven.
829 975 869 1010 C.
890 988 941 1008 τι-

278 1020 435 1064 θείημεν
471 1021 554 1053 Lob.
591 1022 669 1056 vat.
694 1021 774 1055 ΒΜ.
801 1026 836 1055 et
860 1022 942 1055 editi

277 1070 358 1100 ante
382 1066 472 1099 Astii
491 1077 559 1102 sec.

275 1150 277 1152 ,
326 1110 590 1158 ἀντίστροφον]
616 1110 737 1156 „dv-ci.
763 1112 833 1146 τοῦ
862 1110 940 1147 ἰσό-
962 1136 963 1139 =

278 1161 479 1203 Gzoozpov“
512 1160 747 1200 scholiastes„
772 1159 828 1204 qui
861 1159 940 1192 dum

277 1217 398 1238 nomen
435 1206 524 1249 apud
559 1206 717 1238 classicos
752 1206 939 1250 scriptores

277 1263 344 1285 non
369 1251 469 1285 facile
500 1252 740 1284 inveniendum
765 1252 806 1284 ad
833 1252 938 1296 expli-

277 1297 419 1330 candum
455 1298 540 1331 satis
582 1298 743 1330 usitatum
788 1298 939 1340 adhibet,

276 1354 339 1377 sua
381 1347 496 1377 aetate
541 1340 791 1386 ἀντίστροφον
832 1344 940 1377 minus

273 1391 539 1434 frequentatum,
556 1387 782 1433 ἰσόστροφον
801 1390 941 1433 vulgare

274 1435 382 1469 fuisse
396 1439 648 1469 commonstrat.
682 1435 842 1469 Similiter
852 1437 941 1469 Sex—

274 1487 330 1515 tus
355 1482 455 1527 Emp.
480 1483 522 1515 ab
541 1481 696 1515 Albertio
720 1482 877 1516 laudatus
899 1482 942 1515 ad

275 1527 365 1572 Hes>
365 1528 426 1561 ch.
462 1528 497 1561 in
523 1526 772 1574 ἀντίστροφος
796 1528 836 1562 L.
862 1528 940 1562 V.11

275 1574 655 1631 adv.1viath.p.139:
679 1575 725 1617 ῆς
749 1572 940 1630 αντίστρο-

275 1631 350 1675 φον
376 1617 471 1653 εἶναι
496 1618 564 1664 τὴν
589 1618 832 1674 διαλεκτικὴν.
853 1633 939 1654 του-

275 1664 397 1700 τέστιν
423 1663 648 1722 ἰσόστροφον
676 1692 684 1699 .
705 1693 713 1700 .
735 1694 743 1701 .
765 1693 772 1700 .
800 1664 851 1706 ιὸς
875 1664 939 1700 καὶ

275 1709 454 1746 ἀντίθεον
499 1709 517 1747 ὁ
559 1725 718 1767 ποιῃτης
759 1710 831 1757 ε’φη
870 1712 938 1747 τὸν

272 1755 467 1801 Ὀδυσσέα,
494 1755 585 1803 ὅπερ
610 1759 657 1802 ἡν
680 1756 845 1793 ἰσόθεον.

322 1803 524 1851 ζωιράφῳ·
538 1807 550 1849 ]
615 1803 807 1851 ζωγράφῳ

275 1851 396 1895 steph.
422 1851 624 1897 ζωγράφῳς
659 1853 739 1884 Bas.
767 1853 820 1885 ab.
846 1852 938 1884 Bek—

274 1897 377 1931 kerus
405 1904 441 1931 et
464 1898 717 1931 Stallbaumius.
743 1898 798 1931 Cf.
811 1897 936 1942 p.604.

320 1989 372 2034 τῷ
384 1989 525 2034 φαῦλα]
537 1987 578 2024 τὸ
590 2001 629 2033 φ.
640 1989 737 2023 Vind.
749 1989 791 2023 E.
804 1990 889 2032 Aug.
898 1989 938 2024 B.

319 2035 383 2069 καὶ
409 2036 474 2082 τῷ]
501 2035 563 2069 καὶ
587 2034 630 2069 τὸ
657 2036 757 2070 iidem
782 2041 817 2069 et
837 2036 936 2070 Vind.

272 2081 417 2172 1³27:ng
442 2125 580 2172 ἕτερον]
607 2126 754 2171 προσὲτ.
780 2128 934 2162 Vind.F.

863 1805 938 1839 Ald.

320 2173 485 2219 ὁμιλεῖν]
523 2176 632 2218 (quod
669 2176 763 2219 parti
797 2176 937 2208 animae

200 2238 202 2240 ·
269 2222 418 2254 rationis
450 2222 581 2265 experti
607 2221 783 2265 similiter)
810 2222 938 2265 suffra-

269 2273 404 2311 gantur
438 2269 502 2310 (SC.
544 2267 681 2312 poetica
725 2272 760 2301 et
798 2267 936 2313 pictoris

268 2313 425 2355 imitatio)
454 2314 524 2347 Fic.

320 2358 359 2394 ἐν
384 2360 480 2404 δίκῃ]
508 2356 631 2404 ἐνδίκῃ
656 2359 731 2394 Ald.

319 2405 644 2487 περαόδείοίμεθα]
670 2405 938 2450 παραδεχοίμε-

271 2463 321 2486 να
379 2464 409 2485 ιη

319 2498 392 2553 εἰς]
419 2497 454 2531 εἰ
480 2499 565 2533 Lob.

318 2542 442 2600 πόλιν]
469 2557 533 2579 om.
561 2544 659 2579 Vind
684 2545 726 2579 F.

316 2587 449 2634 τοῦτ’]
476 2591 589 2625 τοῦτο
615 2592 701 2626 Lob.
717 2590 932 2626 V1nd.BEF

316 2635 469 2681 τρέφει]
496 2635 645 2681 στρέφει
672 2637 747 2671 Ald.
773 2639 852 2672 Bas.
879 2639 932 2671 ab.

270 2683 632 2749 Steph.„13egitur
666 2681 814 2727 στρέφει
847 2685 933 2717 falso

270 2727 513 2774 ρι·.οτρε’φειιί
543 2731 796 2764 Cornariusecl.
808 2743 841 2775 p.
853 2730 931 2765 775.

268 2775 475 2818 (Fiscbeius
498 2787 532 2821 p.
559 2778 837 2821 102pe1peram
861 2777 930 2810 edi-

270 2822 320 2856 dit
338 2841 384 2846 —
408 2833 470 2866 pro
496 2819 650 2866 τρέπει.)
707 2824 806 2865 „Pro
833 2821 932 2866 στρέ-

998 987 1061 1019 φει
1086 975 1223 1009 Ficinus
1248 984 1382 1019 quoque
1406 971 1490 1016 legit
1512 968 1663 1036 τρέφειιε

998 1023 1088 1067 quod
1152 1020 1421 1055 substituendum
1486 1029 1619 1052 censeo.

997 1069 1116 1112 Steph.
1133 1072 1246 1101 annot.
1266 1079 1300 1111 p.
1314 1068 1371 1101 27.
1388 1066 1452 1099 alit
1469 1064 1545 1098 Fic.
1567 1065 1661 1108 (alat

997 1114 1198 1158 Serranus.)

1042 1160 1176 1203 ποιῶν]
1202 1157 1315 1193 ποιὸν
1339 1159 1417 1191 Vat.
1442 1157 1491 1190 M.
1522 1155 1660 1190 ποιοῦν

997 1207 1075 1240 Par.
1100 1206 1205 1240 ΑΒΚ.
1240 1217 1316 1239 cum
1341 1204 1439 1237 editis
1464 1208 1543 1237 ante
1567 1203 1660 1235 Bek-

996 1253 1139 1295 kerum,
1164 1252 1254 1297 quod
1279 1263 1345 1285 non
1370 1251 1475 1283 habet
1514 1261 1580 1294 quo
1604 1260 1661 1282 re-

994 1300 1138 1332 feratur.

1043 1342 1272 1388 λογιστικόν,]
1293 1340 1516 1396 λογιστικόν
1537 1341 1658 1385 steph.

997 1392 1071 1424 Ast.
1092 1403 1141 1433 pr.
1162 1402 1230 1424 sec.
1250 1386 1464 1433 λογιστικόν.
1488 1389 1560 1421 Ast.
1579 1393 1660 1422 tert..

998 1437 1055 1482 qui
1088 1437 1210 1470 deinde
1243 1440 1320 1480 post
1353 1435 1492 1479 φθείρῃ
1531 1445 1660 1467 comma

999 1483 1122 1527 posuit,
1148 1483 1182 1516 in
1205 1482 1490 1526 interpretatione
1514 1491 1658 1524 sequen-

997 1529 1078 1562 tium
1103 1534 1216 1562 autem
1234 1530 1323 1561 enim
1341 1531 1419 1572 post
1437 1527 1660 1570 quemadmo-

997 1576 1077 1609 dum
1101 1575 1328 1619 interpolavit.
1376 1573 1540 1607 Similiter
1563 1573 1594 1604 F
1597 1572 1659 1605 ici-

996 1633 1080 1655 nus.
1072 1634 1080 1642 ·
1107 1627 1210 1665 atque
1228 1627 1265 1654 ut
1289 1622 1359 1660 ille,
1386 1621 1443 1664 qui
1463 1621 1498 1652 in
1519 1620 1660 1652 civitate

992 1673 1150 1712 potentes
1161 1668 1301 1709 faciens
1320 1667 1507 1710 improbos,
1532 1667 1659 1709 prode-

995 1720 1048 1748 ret
1071 1715 1266 1754 civitatem,
1290 1714 1495 1766 probosque
1504 1713 1658 1745 destrue-

995 1766 1069 1794 ret.-
1094 1761 1145 1794 ita
1171 1766 1204 1793 et
1228 1739 1294 1793 et'c.
1351 1760 1439 1792 Ante
1463 1754 1585 1803 ὥσπερ
1610 1760 1657 1792 sic

995 1818 1106 1851 agens
1129 1818 1226 1850 supp
1217 1806 1360 1839 l.endum

1043 1852 1195 1897 φθείρῃ]
1227 1853 1279 1885 lta
1304 1852 1382 1884 Par.
1403 1852 1442 1885 A.
1470 1854 1658 1894 correctus,

997 1898 1083 1932 Lob.
1109 1899 1209 1931 vind.
1236 1899 1309 1932 BE.
1342 1899 1421 1933 Vat.
1447 1898 1484 1931 B.
1509 1899 1594 1932 Ven.
1616 1899 1656 1932 B.

997 1945 1090 1979 Flor.
1125 1944 1263 1978 ACTV.
1308 1945 1388 1977 Bas.
1429 1945 1462 1977 b.
1508 1945 1658 1987 φθείρει

998 1991 1082 2023 Ven.
1110 1990 1149 2023 C.
1174 1990 1272 2024 Vind.
1300 1990 1339 2023 F.
1372 1991 1456 2034 Ang.
1481 1991 1521 2023 B.
1547 1991 1656 2033 φθεί-

997 2048 1057 2079 ροι
1092 2035 1212 2079 reliqui
1246 2035 1324 2068 libri
1356 2036 1476 2080 scripti
1504 2036 1656 2082 editique

995 2086 1073 2116 ante
1098 2081 1183 2115 Astii
1207 2093 1275 2114 sec.

1039 2125 1193 2171 ταύτὸν]
1218 2127 1365 2161 ταυτῶν
1388 2128 1468 2161 Bas.
1493 2128 1548 2163 ab.

1038 2172 1259 2218 μιμητικὸν]
1294 2175 1345 2206 lta
1370 2174 1468 2207 Vind.
1495 2174 1532 2208 F.
1567 2186 1587 2208 a
1611 2186 1653 2208 m.

992 2232 1045 2265 pr.
1075 2221 1134 2254 sed
1162 2233 1180 2254 e
1206 2220 1438 2263 correctione3
1463 2224 1542 2254 ante
1567 2232 1654 2254 corr.

991 2265 1152 2310 μιμητὴν
1176 2272 1262 2300 erat.

1039 2314 1084 2358 τῇ
1110 2313 1225 2358 ψυχῇ]
1250 2310 1320 2356 τὴν
1342 2308 1467 2356 ψυχην
1491 2312 1591 2347 vind.
1612 2313 1651 2346 B.

993 2360 1072 2393 Vat.
1099 2361 1145 2393 H.

1040 2406 1091 2452 τῷ
1117 2402 1289 2450 οἷνοητῳ]
1322 2405 1375 2438 τῶ
1401 2401 1549 2459 οἷρρήτω
1575 2405 1653 2438 Vat.

993 2451 1042 2487 M.
1090 2453 1127 2486 In
1162 2453 1254 2486 Mon.
1280 2452 1320 2485 B.
1354 2451 1406 2496 τῷ
1432 2448 1527 2495 ανοή
1551 2451 1586 2484 in
1609 2461 1653 2486 m.

993 2510 1014 2532 a
1038 2511 1079 2533 m.
1105 2510 1154 2543 pr.
1180 2498 1293 2552 posita
1317 2502 1405 2531 sunt.

1039 2542 1361 2588 διαγιγνώσκοντι]
1399 2543 1530 2587 διαγιν.
1562 2543 1656 2577 Mon.
1688 2543 1718 2584 C

990 2591 1032 2625 B.
1060 2591 1155 2627 Flor,
1181 2591 1224 2627 U.
1249 2591 1325 2623 Ald.
1352 2591 1431 2623 Bas.
1457 2591 1511 2624 ab.
1531 2590 1649 2634 steph.

991 2634 1301 2693 διαγιγνώσκοντα
1333 2637 1412 2670 Par.
1437 2637 1481 2670 K.

1036 2695 1119 2717 τοτε
1138 2703 1184 2707 ——
1202 2681 1299 2726 τοτε]
1324 2680 1409 2717 τότε
1396 2680 1652 2716 —w'teLob.

990 2730 1088 2763 Vind.
1122 2730 1164 2762 F.
1232 2730 1297 2762 Pro
1332 2728 1438 2774 priori
1475 2728 1574 2763 Vind.
1607 2727 1649 2761 E.

990 2773 1082 2810 ποτέ
1106 2776 1221 2810 habet.

1038 2820 1184 2866 σμικρὰ,
1208 2821 1356 2866 εἴδωλα]
1382 2819 1494 2864 μικρὰ
1516 2819 1650 2854 εἴδωλα
