1764 3176
283 113 339 153 28

281 219 388 276 μήτε
417 217 698 275 ἀτιμάζοντα,
730 219 772 271 ἐξ
802 219 1007 265 ἁπάντων
1036 221 1204 266 τούτων
1234 219 1479 278 ἀχθομένης
1513 235 1558 264 τε
1587 222 1730 264 καὶ494

729 110 1198 154 PLATONIS

283 288 516 343 λεγούσης,
549 287 608 338 ὠς
639 286 858 343 ἄνανδρός
887 306 930 333 τε
962 288 1082 346 αὐτῷ
1111 289 1134 332 ὁ
1166 287 1310 343 πατὴρ
1333 289 1406 332 καὶ
1434 289 1533 332 λίαν
1553 285 1662 332 ἄνει·

218 360 252 401 Ε
282 355 436 411 μένος,
476 355 548 397 καὶ
580 354 689 400 ἄλλα
719 356 772 413 δή
790 391 801 409 ,
832 356 914 401 ὅσα
941 359 1012 401 καὶ
1044 356 1117 401 οἶα
1147 361 1356 412 φιλοῦσιν
1386 359 1431 400 αἱ
1459 361 1662 412 γυναῖκες

282 423 383 478 περὶ
409 426 496 466 τῶν
526 423 741 468 τοιούτων
768 424 937 480 ὑμνεῖν.

278 508 378 543 τος,
419 489 559 535 πολλα
597 509 640 536 τε
679 494 752 536 καὶ
792 492 925 548 ὅμοια
964 494 1150 545 ἑαυταῖς.

1002 426 1088 468 Καὶ
1118 424 1237 480 μάλ’,
1273 424 1355 481 ἔφη
1389 424 1414 468 ὁ
1446 423 1663 479 Ἀδείμαν-

1213 490 1358 536 Οἶσθα
1388 488 1495 544 οὖν,
1533 486 1589 547 ἦν
1619 489 1659 535 δ’

279 559 386 615 ἐγώ,
428 559 496 603 ὅτι
532 560 604 604 καὶ
646 563 689 604 οἱ
729 560 892 604 οἰκέται
937 565 1026 604 τῶν
1067 561 1281 605 τοιούτων
1336 562 1472 604 ἐνίοτε
1515 559 1662 614 λάθρα

278 627 390 681 πρὸς
425 627 531 679 τούς
568 630 677 679 υἱεῖς
710 633 892 672 τοιαῦτα
922 629 1145 684 λέγουσιν,
1196 631 1239 672 οἱ
1275 631 1508 680 δοκοῦντες
1540 625 1662 672 εὖνοι

281 694 412 747 εἶναι,
443 697 516 739 καὶ
546 695 622 740 ἐάν
647 714 745 740 τινα
773 699 927 740 ἴδωσιν
956 696 984 753 ἢ
1014 697 1251 754 ὀφείλοντα
1287 696 1504 753 χρήματα,
1537 691 1572 755 ᾦ
1601 695 1659 752 μή

280 764 546 819 ἐπεξέρχεται
577 762 600 807 ὁ
632 763 798 819 πατήρ,
830 763 858 820 ἤ
887 783 927 808 τι
958 764 1063 809 ἄλλο
1097 765 1355 816 ἀδικοῦντα,
1387 762 1662 808 διακελεύον-

279 850 370 884 ται,
404 832 523 883 ὅπως
564 832 738 875 ἐπειδᾶν
776 831 885 889 ἀνὴρ
923 834 1121 890 γένηται,
1167 832 1456 889 τιμωρήσεται
1494 831 1662 881 πάντας

190 914 258 948 550
281 899 386 951 τοὺς
414 899 646 950 τοιούτους
675 901 748 943 καὶ
778 899 888 958 οἷνήρ
918 906 1088 958 μᾶλλον
1117 903 1237 946 ἔσται
1265 904 1345 943 τοῦ
1375 898 1551 953 πατρός.
1587 898 1662 942 καὶ

282 969 407 1020 ἐξιών
438 968 560 1021 ἕτερα
600 972 782 1012 τοιαῦτα
823 969 975 1014 οἷκούει
1006 972 1079 1015 καὶ
1109 970 1217 1027 ὁρᾷ,
1247 968 1351 1019 τοὺς
1381 968 1459 1024 μὲν
1488 967 1541 1010 τὰ
1573 965 1661 1010 αὑ-

280 1040 369 1079 τῶν
408 1035 676 1091 πράττοντας
715 1036 760 1079 ἐν
800 1043 853 1095 τῇ
889 1038 1011 1083 πόλει
1049 1037 1253 1095 ἠλιθίους
1290 1053 1334 1080 τε
1364 1036 1662 1091 καλουμένους

280 1105 354 1148 καὶ
383 1104 430 1148 ἐν
460 1109 630 1161 σμικρῷ
660 1104 775 1163 λόγῳ
806 1106 960 1158 ὄντας,
1003 1108 1107 1159 τοὺς
1144 1107 1189 1151 δὲ
1231 1104 1288 1162 μή
1331 1104 1385 1148 τὰ
1423 1102 1567 1148 αὐτῶν
1603 1120 1659 1146 τι·

328 1251 540 1299 ἀνειμένος]
575 1255 613 1287 In
646 1255 745 1290 Vind.
770 1256 812 1289 Ε.
839 1268 945 1296 -ως

280 1312 324 1334 an
348 1312 448 1339 -ος
473 1301 619 1334 voluerit
642 1301 811 1344 librarius,
837 1303 943 1336 alubi-

279 1358 380 1391 guum
405 1350 467 1380 est.

215 1401 250 1442 E
326 1389 479 1436 ύμνεῖν]
508 1389 615 1435 ὑμεῖν
638 1393 731 1426 Μοιι.
758 1394 797 1428 Β.

324 1436 431 1482 μάλ’]
457 1435 607 1481 μάλιστ’
631 1439 726 1474 Flor.
751 1441 827 1475 TV.

325 1483 362 1518 οἱ
384 1484 547 1528 οἰκέται]
577 1483 612 1518 οἱ
634 1497 698 1521 om.
723 1486 816 1519 Flor.
842 1485 885 1519 T.

324 1528 473 1575 λάθρα]
502 1536 539 1564 ut
564 1543 596 1575 p.
624 1532 703 1565 543.
729 1533 769 1565 Β.

322 1576 506 1625 τοιαῦτα]
537 1577 650 1610 τοῦτο
685 1578 781 1610 Flor.
805 1578 850 1611 T.

323 1623 454 1665 εἰναι,]
481 1620 596 1663 εἶναι,·
621 1624 714 1657 Mon.
740 1625 780 1657 Β.

323 1666 573 1713 ἐπεξέρχεται]
600 1666 830 1713 ἕξεπέρχεται
844 1669 942 1703 Vind.

276 1715 349 1840 {157¹
374 1757 483 1840 'efflcr'ff
509 1773 569 1795 τοι
594 1761 695 1796 Vind.
722 1762 765 1794 Ε.
792 1763 870 1797 Vat.
895 1762 940 1796 H,

325 1818 373 1840 or.
463 1833 472 1841 .

326 1862 633 1908 διακελεύονται]
691 1861 941 1898 διακελεύεται

279 1922 354 1944 cum
380 1923 423 1944 ov
446 1922 546 1956 super
570 1910 753 1954 penultima
776 1911 876 1943 Vind.
900 1911 938 1944 F.

289 2010 306 2024 x
328 1965 422 2012 οἷνήρ
456 1967 627 2012 γένηται,
673 1966 938 2012 τιμωρήσεται]

280 2014 433 2095 ῗῖνδόρεςΒ
446 2012 627 2059 γένωνται
663 2012 942 2058 τιμωρήσωνται

311 2073 345 2094 1n
372 2089 379 2097 .
437 2087 444 2094 .

325 2115 472 2158 πάντας
491 2115 582 2157 τοὺς
609 2114 830 2162 τοιούτους]
857 2119 942 2152 haec

280 2166 397 2198 omnia
422 2165 560 2208 (ulcisci
588 2165 728 2208 debere)
755 2165 826 2198 Fie.

330 2220 424 2267 οἷνὴρ
468 2222 609 2266 μᾶλλον
642 2220 763 2266 ἔσται]
810 2217 942 2267 ἄνδρες

279 2281 315 2313 μ.
342 2267 489 2303 ἔσονται
524 2269 625 2302 Vind.
657 2269 698 2302 B.

324 2312 452 2359 ἐξιών]
492 2312 653 2356 ἐξελθὼν
678 2315 764 2348 Lob.
790 2314 868 2349 vat.
891 2314 940 2348 M.

323 2362 507 2405 τοιαῦτα]
536 2373 601 2394 om.
629 2362 707 2396 vat.
731 2361 771 2395 B.

324 2404 476 2451 ἀκούει]
523 2403 653 2441 οἷκούει
692 2418 731 2441 τε
765 2407 859 2440 Flor.
895 2408 940 2443 Τ.

278 2451 414 2488 ἀκούοι
451 2454 537 2487 Lob.
583 2454 661 2487 Vat.
702 2453 780 2488 ΒΜ.
822 2449 939 2499 οἷκούῃ

277 2501 356 2534 Par.
391 2500 499 2533 ADK.
532 2511 600 2534 sec.
632 2500 739 2533 Bekk.
770 2499 863 2534 Mon.
898 2500 939 2534 B.

278 2547 366 2580 Ven.
412 2546 451 2579 C.
491 2546 566 2580 Ald.
611 2547 689 2580 Bas.
736 2546 790 2580 ab.
840 2557 939 2590 quem

279 2592 527 2626 conjunctivum
560 2593 634 2626 Vol.
662 2593 708 2626 II.
733 2603 767 2636 p.
791 2593 880 2634 352,
904 2594 940 2626 b.

279 2650 345 2672 non
388 2650 409 2671 a
441 2638 612 2672 codicibus
644 2638 749 2672 solum
774 2650 940 2672 commen-

278 2684 448 2718 dationem
471 2684 597 2717 habere
628 2684 771 2718 ostendi.
817 2684 941 2719 Move-

280 2731 341 2763 bat
364 2730 506 2776 primum
534 2730 608 2775 ipsa
638 2730 727 2764 modi
750 2730 939 2774 insolentia,

281 2787 370 2822 quae
395 2781 431 2810 et
453 2775 534 2811 alibi
560 2782 595 2811 et
617 2775 672 2810 illo
706 2775 746 2810 1..
772 2776 849 2811 VII.
890 2777 940 2811 10-

188 2230 257 2267 550

1001 1269 1040 1291 co
1072 1256 1219 1290 librariis
1253 1256 1365 1290 fraudi
1402 1254 1544 1294 fuisset,
1590 1254 1661 1285 tum

1000 1303 1116 1337 similis
1148 1303 1313 1347 quaedam
1348 1302 1383 1335 in
1413 1299 1567 1344 proximo
1594 1298 1661 1330 So-

1000 1350 1104 1383 cratis
1129 1360 1283 1382 sermone
1317 1347 1452 1381 licentia
1469 1371 1478 1387 ‚
1511 1355 1578 1389 qua
1603 1342 1659 1376 αἰ-

1000 1393 1188 1438 σθάνηται
1222 1395 1270 1427 ita
1300 1394 1404 1434 dicit,
1436 1395 1474 1424 ut
1499 1391 1528 1424 si
1554 1385 1659 1430 ὅταν,

1000 1453 1067 1486 quo
1093 1441 1186 1475 initio
1210 1450 1290 1474 usus
1319 1443 1390 1480 est,
1423 1437 1466 1471 ad
1489 1437 1552 1469 hoc
1576 1447 1661 1479 quo-

999 1499 1066 1532 que
1091 1487 1213 1520 referri
1245 1486 1349 1526 velit3
1388 1483 1476 1529 quod
1512 1482 1542 1515 si
1577 1481 1660 1515 lice—

999 1537 1064 1575 ret,
1089 1533 1190 1566 etiam
1215 1532 1269 1565 hic
1292 1542 1399 1576 genus
1421 1528 1588 1573 quoddam
1612 1526 1659 1560 el-

999 1579 1126 1624 lipseos
1154 1579 1259 1612 statui
1291 1582 1327 1610 et
1357 1573 1544 1609 coniunctio
1579 1584 1660 1606 con-

998 1625 1147 1659 iunctivo
1193 1623 1383 1657 necessaria
1425 1632 1467 1654 ex
1507 1619 1661 1664 proxima

1001 1668 1068 1704 ἐὰν
1092 1670 1242 1716 suppIeri
1260 1680 1361 1714 posse
1377 1667 1577 1706 videbatur3
1600 1664 1660 1697 de-

1000 1717 1104 1762 nique
1127 1718 1306 1749 verborum
1339 1712 1422 1748 τότε
1452 1711 1497 1756 δὴ
1534 1707 1553 1746 ὁ
1575 1708 1659 1750 νέος

1000 1768 1067 1797 etc.
1099 1763 1188 1796 ratio
1220 1761 1359 1806 apodosi
1388 1759 1520 1804 magis,
1559 1768 1660 1802 quam

1000 1821 1108 1842 novae
1166 1806 1387 1842 enuntiationi
1448 1803 1661 1839 conveniens.

1000 1856 1107 1888 Simul
1131 1855 1252 1888 aderat
1277 1856 1371 1887 locus
1396 1863 1429 1896 p.
1454 1852 1534 1886 553.
1561 1850 1601 1884 C.
1624 1849 1660 1882 in

999 1913 1065 1946 quo
1105 1901 1338 1934 coniunctivus
1382 1895 1595 1940 ξυλλέγηται
1639 1906 1660 1928 a

999 1947 1169 1980 codicibus
1193 1946 1295 1979 etiam
1316 1944 1444 1977 firmior
1467 1945 1582 1976 nostro
1604 1943 1659 1975 to—

999 1993 1104 2026 tidem
1149 1993 1203 2025 vel
1248 1989 1554 2024 commendationes
1605 1986 1659 2020 vel

998 2038 1234 2072 excusationes
1267 2036 1448 2081 reciperet.
1503 2034 1573 2067 Sed
1605 2037 1656 2067 ta-

998 2096 1074 2117 men
1110 2096 1198 2129 quae
1230 2083 1277 2116 ibi
1319 2084 1505 2127 sequuntur
1550 2080 1658 2113 verba

1000 2125 1069 2174 ἆρ’
1096 2127 1164 2164 ούκ
1189 2129 1260 2163 οἴει
1291 2134 1356 2162 etc.
1371 2154 1380 2171 ‚
1418 2138 1506 2172 quae
1528 2128 1658 2159 tantam

999 2176 1156 2222 apodosis
1187 2175 1334 2220 speciem
1362 2185 1446 2219 prae
1471 2184 1508 2206 se
1531 2173 1658 2213 ferunt,

999 2226 1038 2256 ut
1062 2235 1103 2256 ea
1125 2223 1239 2256 Astius
1263 2221 1299 2253 in
1323 2231 1375 2265 pr.
1402 2219 1456 2253 vel
1490 2219 1533 2252 ab
1570 2217 1657 2251 indi-

1000 2269 1109 2303 cativo
1141 2266 1349 2311 ξυλλέγεται
1387 2267 1551 2299 commate
1581 2267 1658 2297 tan-

998 2320 1069 2348 tum
1093 2314 1330 2358 distinguenda
1358 2310 1549 2357 putaverit,
1571 2309 1659 2343 nihi-

998 2363 1030 2395 lo
1048 2362 1154 2395 minus
1178 2371 1280 2404 posse
1303 2370 1364 2404 pro
1391 2358 1527 2401 integra
1552 2367 1655 2389 enun-

998 2407 1140 2441 tiatione
1156 2405 1275 2439 haberi
1295 2404 1408 2448 arguit
1424 2404 1516 2437 locus
1532 2414 1564 2447 p.
1577 2403 1656 2437 562.

998 2453 1038 2487 D.
1066 2447 1123 2497 ἆρ’
1142 2449 1210 2486 ούκ
1233 2448 1375 2494 ἀνάγκη
1399 2453 1464 2484 etc.
1480 2449 1538 2482 ubi
1555 2445 1656 2482 ἐπαι-

996 2502 1055 2533 νεῖ
1085 2504 1242 2533 constans
1285 2497 1429 2531 omnium
1461 2495 1561 2529 lectio
1591 2499 1656 2536 est,

997 2558 1058 2591 pro
1082 2545 1344 2589 προπηλακίζει
1367 2554 1453 2576 unus
1476 2541 1656 2576 Lob.con—

995 2592 1180 2626 iunctivum
1205 2591 1352 2623 exhibet.
1399 2589 1521 2632 Itaque
1552 2587 1657 2621 vacil—

995 2639 1089 2672 lante
1113 2640 1308 2681 argumento
1327 2634 1430 2668 tertio
1446 2633 1557 2667 vereri
1578 2645 1657 2667 coe-

997 2684 1055 2729 pi,
1080 2695 1122 2717 ne
1145 2683 1276 2728 reliqua
1298 2693 1364 2715 non
1389 2681 1598 2720 sufficerent,
1621 2682 1657 2712 et

997 2729 1213 2764 indicativum
1244 2728 1298 2762 hic
1337 2727 1472 2772 quidem
1503 2725 1658 2766 omnium,

998 2776 1055 2822 qui
1080 2775 1163 2811 alias
1185 2775 1264 2810 Par.
1289 2775 1329 2808 A.
1357 2771 1513 2808 comitari
1536 2773 1657 2812 solent,
