1764 3176
431 207 762 252 CIVITAS
800 207 928 250 LIB.
968 207 1103 250 VIIII.
1133 212 1199 247 591

120 322 289 379 φωνίας
325 318 652 377 ἁρμοττόμενος
691 320 914 376 φαίνηται.

120 390 397 448 ἓ’φη,’ἐάνπερ
428 388 561 446 μέλλῃ
590 392 644 446 τῇ
674 386 855 445 ἀληθείᾳ
886 387 1100 443 μουσικός
1131 386 1256 431 εἶναι.

1422 209 1506 249 187

983 317 1246 363 Παντάπασι
1285 318 1366 374 μὲν
1406 312 1505 370 οὖν,

1314 384 1507 438 Οὐκοῦν,

120 457 262 510 εἶπον,
295 458 370 502 καὶ
397 457 477 513 τὴν
506 458 554 501 ἐν
584 461 638 514 τῇ
665 461 754 500 τῶν
784 456 1017 512 χρημάτων
1048 454 1195 510 κτήσει
1227 454 1427 508 ξύνταξίν
1465 470 1508 497 τε

119 527 193 572 καὶ
233 527 510 582 ξυμφωνίαν,·
548 526 621 568 καὶ
657 527 735 568 τὸν
777 524 913 580 ὄγκον
951 526 1031 566 τοῦ
1072 523 1274 578 πλήθους
1316 522 1399 566 οὐκ
1438 522 1509 566 ἐκ-

118 593 414 650 πληττόμενος
443 593 535 637 ὑπὸ
564 597 645 636 τοῦ
683 597 774 637 τῶν
803 597 980 637 πολλῶν
1012 597 1294 647 μακαρισμοῦ
1328 590 1510 646 ἄπειρον

120 661 319 719 αὐξήσει,
350 661 571 716 ἀπέραντα
601 661 714 705 uana*
746 662 877 717 ἔχωνς
911 660 1005 704 Οὐκ
1037 663 1210 716 οἴομαι,
1243 660 1339 716 ἔφη.

1397 658 1508 703 Ἀλλ’

121 730 383 787 ἀποβλέπων
411 745 481 786 γε,
514 727 666 783 εἶπον,
697 729 809 783 πρὸς
841 729 922 785 τήν
952 729 998 772 ἐν
1031 727 1151 787 αὐτῷ
1180 731 1405 772 πολιτείαν
1434 729 1508 771 καὶ
1537 731 1571 770 Ε

119 798 378 856 φυλάττων,
409 798 467 855 μή
498 816 539 842 τι
568 803 794 855 παρακινῇ
826 797 1086 841 αὖτοῦιτῶν
1117 798 1206 841 ἐκεῖ
1238 797 1310 840 διοὶ
1341 801 1509 853 πλῆθος

120 865 273 919 οὐσίας
312 867 340 924 ἢ
370 866 430 911 δι’
463 866 720 925 ὀλιγότητα,
752 866 866 911 οὕτω
897 868 1127 923 κυβερνῶν
1158 864 1407 922 προσθήσει
1436 865 1509 908 καὶ

158 1024 283 1084 Faces]
310 1034 403 1083 ὅπερ
426 1039 505 1074 Par.
522 1039 567 1073 K.
592 1051 660 1074 sec.
680 1039 759 1085 Bip.

165 1084 250 1130 καὶ]
291 1097 357 1120 om.
401 1086 500 1121 Vind.
540 1086 581 1119 B.
624 1087 702 1120 Vat.
737 1086 782 1119 H.

119 1131 212 1212 {1¹1ss2
239 1131 495 1211 ξὺᾶὶῖἱοῧιιιιίῐιιιε
510 1133 784 1222 ΡῖιὴΑκαξῗῖταξθ

118 1221 324 1304 Ξξὲἷιῑήσειν
342 1222 460 1267 μέλλει
481 1235 524 1257 ex
543 1235 632 1258 corr.
648 1225 785 1287 *habere

162 1323 286 1372 μέλλῃ]
311 1324 433 1370 μέλλει
455 1327 551 1362 Flor.
571 1328 614 1363 V.
639 1330 676 1361 et
694 1338 783 1362 corr.

166 1413 266 1461 ἀπ’]
290 1413 365 1451 ὑπ’
389 1418 476 1463 Ang.
500 1420 541 1453 Β.

164 1471 250 1509 ἀλλ’
270 1471 341 1519 οἷεὶ]
368 1471 461 1509 ἀλλὰ
488 1475 523 1509 εἰ
545 1475 639 1510 Flor.
651 1475 695 1509 T.
720 1472 783 1509 027.-

120 1519 166 1556 λά
196 1518 255 1555 ἀεὶ
278 1521 366 1556 Lob.
390 1522 483 1556 Μοη.
509 1523 550 1556 Β.

165 1567 396 1622 ξυμφωνίας]
423 1564 617 1624 ἁρμονίας,
642 1567 676 1601 in
700 1579 742 1602 m.
764 1579 784 1602 a

118 1625 163 1648 m.
173 1625 225 1659 pr.
243 1610 428 1657 γράφεται
439 1614 670 1669 συμφωνίας,
682 1614 783 1648 Vind.

118 1660 160 1695 B.
186 1658 403 1704 συμφωνίας
425 1656 607 1703 αρμονίας
625 1660 723 1693 Vind.
741 1660 783 1694 Ε.

167 1716 361 1761 φαίνηται]
386 1717 560 1760 φαίνεται
585 1728 660 1751 cum
684 1730 706 1761 η
726 1729 784 1750 su-

121 1774 185 1808 per
217 1773 233 1796 ε
273 1763 374 1798 Vind.
401 1763 442 1797 F.
479 1763 654 1807 φαίνοιτο
690 1764 783 1797 Mon.

120 1810 162 1844 B.
187 1809 281 1844 Flor.
303 1809 348 1842 U.
374 1811 548 1852 φανεῖται
571 1809 691 1843 Iambl.
709 1812 784 1843 Ast.

121 1867 190 1889 sec.
228 1858 308 1888 tert.
347 1855 470 1889 Stallb.
539 1855 783 1889 Coniunctivus

121 1901 249 1956 pendet
280 1912 322 1934 ex
354 1900 414 1934 illo
449 1897 552 1941 ὅπως
583 1906 663 1954 post
694 1912 780 1944 πρε-

122 1944 266 1992 σβεύων
309 1950 345 1980 et
381 1948 533 1982 futurum
570 1947 703 2000 excipit
744 1953 784 1981 ut

121 1994 212 2028 Tim.
235 2005 270 2038 p.
291 1995 345 2028 18.
365 1993 416 2026 E:
441 1992 681 2037 μηχανᾶσθαι
698 1990 783 2050 κλή-

121 2051 202 2084 ροις
211 2038 330 2096 τισὶν,
356 2035 459 2079 ὅπως
482 2039 518 2073 οἱ
542 2038 650 2073 κακοὶ
674 2039 784 2082 χωρὶς

122 2085 166 2120 σι’
180 2082 221 2119 τ’
250 2082 393 2140 ἀγαθοὶ
418 2088 502 2124 ταῖς
525 2082 673 2128 ὁμοίαις
701 2083 783 2119 εκά-

121 2143 222 2175 τεροι
232 2129 473 2187 ξυλλήξονται
491 2131 554 2165 καὶ
571 2129 621 2176 μή
641 2144 698 2171 τις
717 2129 784 2165 αὖ

121 2180 202 2216 τοῖς
229 2175 345 2221 ε’χθροι
371 2175 435 2211 δια
457 2178 580 2211 ταῦτα
605 2178 785 2221 γίγνηται.

123 2224 236 2264 Quem
260 2235 363 2268 quum
387 2235 452 2257 non
474 2224 661 2258 verendum
678 2229 783 2266 esset,

123 2281 166 2303 ne
189 2269 265 2313 quis
299 2270 342 2302 ab
375 2266 442 2303 ἐὰν
452 2274 552 2323 post
584 2267 684 2303 ε’σται
711 2270 785 2314 regi

123 2320 280 2360 putaret,
305 2320 384 2360 post
412 2311 539 2349 αὐτῶν
569 2328 699 2349 comma
720 2328 783 2360 pro

125 2361 210 2403 colo,
227 2372 299 2405 quo
324 2362 519 2405 Stephanus
544 2366 580 2395 et
603 2362 784 2396 Bekkerus

125 2407 179 2441 usi
210 2411 310 2449 sunt,
341 2407 419 2440 feci.
450 2426 497 2431 -
530 2407 668 2441 Ficinus
699 2409 784 2442 haec

124 2453 204 2486 inde
241 2453 284 2486 ab
318 2449 384 2486 ἐὰν
415 2453 465 2486 ita
497 2457 683 2487 convertit:
717 2455 784 2487 nisi

124 2511 195 2533 una
221 2510 296 2533 cum
323 2500 376 2532 his
407 2501 498 2533 colat
526 2506 557 2534 et
587 2506 786 2543 temperan—

125 2547 233 2589 tiam,
259 2546 311 2579 ita
336 2551 374 2578 ut
395 2546 543 2589 eorporis
569 2547 786 2580 harmoniam

120 2598 264 2637 propter
282 2592 391 2625 animi
413 2597 578 2636 temperet
598 2605 787 2627 consonan-

122 2640 222 2675 tiam.

172 2692 397 2730 Παντάπασι
415 2691 457 2737 μὲ
460 2706 480 2727 ν
498 2706 580 2738 ουν,
602 2692 701 2738 ε’φη,]
721 2706 788 2729 om.

125 2742 244 2776 Iamb!.
278 2746 313 2774 et
347 2752 417 2773 una
456 2751 530 2774 cum
568 2741 788 2785 sequentibus

125 2800 234 2834 usque
259 2787 300 2820 ad
328 2784 433 2820 εἶπον
456 2786 528 2820 Pal.
552 2789 592 2820 A.

171 2835 240 2880 τῇ]
268 2845 323 2872 τις
346 2833 462 2866 lambi.
488 2833 540 2866 ed.
567 2832 691 2866 Kiessl.
716 2832 788 2866 sine

127 2887 218 2916 nota.
244 2879 306 2924 (τῇ
333 2879 430 2922 Arc.)

891 1036 1057 1083 Ου’κοῦν]
1086 1034 1227 1073 οὔκουν
1250 1038 1337 1072 Lob.
1363 1040 1398 1071 et
1423 1049 1442 1071 a
1462 1048 1506 1071 m.

840 1097 893 1131 pr.
919 1086 1012 1120 Mon.
1031 1086 1073 1118 B.

888 1139 1006 1186 εἶπον]
1033 1154 1096 1176 om.
1120 1143 1239 1176 Iambl.

887 1188 978 1243 τῶν]
1006 1201 1071 1221 om.
1096 1189 1216 1223 Iambl
1244 1188 1296 1222 ed.
1320 1190 1362 1222 A.
1363 1199 1401 1221 e.

887 1231 1025 1288 κτήσει]
1053 1246 1117 1269 om.
1143 1235 1243 1268 vind.
1268 1234 1308 1267 F.

887 1278 1060 1321 ξύνταξιν
1079 1301 1120 1305 -
1142 1276 1312 1324 ἄπειρον]
1333 1276 1506 1333 σύνταξιν

842 1323 912 1360 ov’n
944 1326 995 1365 εἰς
1028 1322 1185 1371 ἄπειρον
1219 1326 1340 1360 lambl.
1374 1326 1510 1359 omissis

840 1372 989 1417 reliquiS.

886 1429 1105 1473 ξυμφωνίαν
1117 1430 1154 1474 ,·]
1182 1430 1326 1474 Signum
1359 1428 1510 1462 interro—

841 1476 946 1519 gandi
969 1476 1002 1508 h.
1033 1477 1055 1508 l.
1090 1477 1280 1521 ponendum
1315 1487 1392 1509 esse
1423 1474 1511 1508 vidit

841 1522 1032 1556 Bekkerus.
1057 1522 1196 1557 Priores
1220 1522 1275 1556 vel
1299 1533 1427 1555 comma
1446 1521 1507 1554 ha-

840 1568 924 1601 bent
958 1568 1036 1607 vel,
1069 1574 1107 1601 ut
1138 1569 1227 1602 Astii
1262 1579 1315 1612 pr.
1357 1571 1393 1600 et
1427 1578 1510 1607 sec.,

840 1614 967 1647 nullam
1009 1613 1274 1650 distinctionem.
1353 1612 1510 1647 Subaudi

842 1656 1057 1713 ἁρμόσεται.

886 1702 1070 1761 πλήθους]
1095 1704 1277 1745 πλείθους
1301 1705 1381 1739 Bas.
1407 1705 1462 1738 ab.

840 1797 868 1831 B
890 1748 1075 1854 ἒόἑῖζτειρον]
1097 1748 1238 1796 οἷπείρω
1264 1752 1343 1786 Par.
1369 1751 1415 1786 K.
1439 1762 1509 1785 sec.

872 1810 889 1830 e

890 1841 1001 1886 ἔχωνς
1000 1843 1026 1898 ]
1065 1840 1167 1887 ε’.χων
1208 1843 1400 1877 Ald.13as.
1447 1843 1508 1877 ab.

839 1886 1237 1933 Steph.s'xmv,1ambl.

839 1993 856 2027 Ι
891 1944 971 2026 Οὔκ
990 1947 1131 1991 οἴομαι,
1158 1944 1256 1992 ἔφη]
1282 1959 1348 1982 om.
1373 1947 1448 1982 Pal.
1463 1948 1506 1981 A.

859 2004 912 2027 am

888 2035 981 2073 ”Αλλ
1004 2034 1244 2084 ἀποβλέπων]
1265 2036 1351 2073 ἀλλ’
1373 2035 1396 2073 ὁὶ
1417 2050 1510 2094 προ-

841 2082 989 2130 βλέπων
1024 2085 1144 2118 Iambl.
1190 2085 1265 2121 cod,
1300 2087 1380 2120 Par.
1417 2082 1509 2119 ἄλλα

843 2128 1087 2176 προσβλέπων
1112 2131 1166 2164 ed.
1191 2133 1270 2166 Arc.

888 2178 942 2226 γε]
968 2189 1032 2210 om.
1061 2177 1181 2210 Iambl.

890 2220 1019 2267 εἶπον]
1057 2220 1161 2266 οἶμαι
1193 2223 1280 2258 Lob.
1315 2224 1397 2259 V.at
1431 2222 1510 2257 BM.

842 2281 906 2304 om.
932 2269 1005 2304 Pal.
1029 2269 1069 2302 A.
1098 2270 1219 2303 Iambl.

887 2311 1006 2361 αυτῷ]
1033 2312 1094 2350 αὖ.
1120 2315 1204 2350 Lob.
1228 2315 1330 2350 vind.
1355 2316 1398 2348 F.
1424 2312 1504 2348 ἑαυ.
1535 2319 1570 2360 Ε

842 2361 944 2395 Vind.
974 2362 1049 2396 ΒΕ.
1090 2363 1169 2398 Vat.
1200 2362 1247 2395 H.
1291 2362 1388 2395 Flor.
1430 2362 1505 2396 AC.

841 2407 1038 2494 Ιᾶἳιὲἓοῦ]
1072 2448 1134 2487 ocv’.
1167 2453 1251 2486 Lob.
1278 2454 1379 2488 Vind.
1405 2454 1511 2487 BEF.

844 2499 965 2533 Iambl.
991 2499 1044 2533 ed.
1069 2500 1148 2532 Arc.
1197 2500 1237 2532 In
1261 2500 1354 2534 Mon.
1381 2501 1422 2534 B.
1446 2497 1494 2534 αὖ

844 2546 914 2580 τοῦ
947 2545 1081 2590 punctis
1117 2546 1321 2591 subscriptis
1347 2551 1510 2580 notatum.

891 2603 1062 2647 πλῆθος]
1116 2600 1288 2646 πλήθους
1341 2604 1425 2638 Ven.
1471 2604 1512 2637 C.

845 2650 944 2685 Vind.
971 2649 1014 2682 F.
1047 2650 1135 2693 Aug.
1160 2649 1199 2683 B.
1224 2650 1318 2686 Flor
1343 2651 1386 2684 R.
1421 2651 1512 2684 indi-

843 2695 1000 2751 genti'am
1028 2695 1100 2729 Fic.

890 2738 949 2775 δι’
959 2741 971 2785 ]
1000 2754 1064 2775 om.
1096 2740 1195 2775 Vind.
1221 2742 1265 2776 Ε.

893 2784 1103 2844 ὀλιγότητα]
1128 2789 1264 2831 copiam
1293 2788 1368 2822 Fic.

893 2829 1017 2877 οὕτω]
1053 2831 1174 2873 ου’τως
1206 2834 1294 2870 Lob
1331 2834 1431 2869 Vind.
1468 2835 1507 2868 l·-

845 2879 1288 2916 Mon.B.F101-.ACUV.
