1764 3176
500 187 818 231 CIVITAS
865 187 989 231 LIB.
1017 187 1154 230 VIIII.
1186 191 1254 228 580

1474 189 1558 230 143

176 301 342 358 ἀφίλῳ,
381 297 544 358 ἇνοσίῳ
574 301 650 344 καὶ
677 298 818 356 πάσης
846 302 1002 350 κακίας
1034 302 1249 344 πανδοκεῖ
1276 315 1321 344 τε
1351 299 1425 344 καὶ
1458 315 1556 353 τρο-

175 374 270 425 φεῖ,
310 368 383 411 καὶ
412 369 454 420 ἐξ
486 366 692 412 ἁπάντων
720 368 888 412 τούτων
917 367 1103 424 μάλιστα
1132 369 1211 425 μὲν
1249 366 1369 424 αὐτῷ
1400 369 1555 410 δυστυ-

173 442 240 494 χεῖ
267 434 401 489 εἶναι,
441 436 585 480 ἔπειτα
622 436 667 480 δὲ
708 436 782 480 καὶ
820 435 923 487 τοὺς
952 438 1139 492 πλησίον
1176 436 1297 495 αὐτῷ
1328 435 1558 485 τοιούτους

174 503 503 560 ἀπεργάζεσθαι.

173 570 356 629 ἀντερεῖ..

587 503 743 554 Οὐδείς
783 516 873 555 σοι,
925 503 1031 560 ἔφη,
1077 508 1165 547 τῶν
1215 508 1330 548 νοῦν
1369 502 1558 560 ἐχόντων

402 573 491 616 Ἴθι
528 572 582 629 δή
612 590 711 629 μοι,
744 572 855 627 ἔφην
886 571 991 626 ἐγώ,
1023 575 1107 614 νῦν
1137 570 1220 628 ἤδη
1252 573 1395 627 ὥσπερ
1430 571 1453 616 ὁ
1486 571 1558 630 διὰ

172 640 351 684 πάντων
388 641 537 696 κριτὴς
571 641 884 696 ἀποφαίνεται,
926 640 999 683 καὶ
1030 639 1083 684 σύ
1115 640 1256 693 οὕτω,
1291 643 1354 692 τίς
1383 644 1558 695 πρῶτος
1583 643 1619 684 Β

171 708 282 752 κατὰ
320 710 400 765 τὴν
431 709 515 767 σήν
551 709 683 761 δόξαν
723 708 984 765 εὐδαιμονίᾳ
1023 709 1096 752 καὶ
1136 711 1199 760 τίς
1231 708 1453 763 δεύτερος,
1485 710 1559 753 καὶ

170 776 276 828 τούς
306 776 468 829 ἄλλους
499 778 595 834 ἑξῆς
634 779 758 821 πέντε
789 776 922 828 ὄντας
951 782 1120 831 κρῖναι,
1152 777 1401 832 βασιλικὸν,
1440 794 1558 833 τιμο-

171 845 391 899 κρατικόν,
423 844 717 902 ὀλιγαρχικόν,
746 845 1080 902 δημοκρατικὸν,
1112 845 1391 898 τυραννικόν.
1435 844 1557 889 Ἀλλὰ

173 912 327 970 ῥᾳδία,
366 914 472 971 ἔφη,
512 913 537 972 ἡ
568 917 723 972 κρίσις.

219 1058 314 1095 ἔοικε
333 1060 387 1097 δέ.
412 1057 450 1106 ἦ]
475 1075 540 1098 om.
557 1064 654 1098 Stob.
677 1064 836 1100 cod.AB.

173 1106 269 1141 ἔοικε
301 1108 386 1141 Lob.
431 1109 524 1144 Mon.
556 1110 594 1143 B.
632 1112 710 1145 Vat.
756 1112 836 1145 ΒΜ.

171 1153 251 1188 Par.
275 1154 485 1189 DK.F10r.
514 1156 558 1189 U.
594 1156 690 1190 Stob.
715 1157 835 1191 Trinc.

173 1196 267 1233 ἔοικε
293 1199 345 1234 δέ.
370 1196 393 1243 ἢ
420 1200 519 1238 Vind.
541 1202 580 1236 F.

216 1243 307 1289 γάρς
332 1245 429 1291 Καὶ]
454 1245 536 1291 νάρ.
561 1246 624 1281 καὶ
652 1248 737 1283 Lob.

171 1290 235 1325 καὶ
260 1292 353 1328 Mon.
378 1293 418 1327 B.
445 1294 521 1327 Vat.
545 1293 625 1328 ΒΜ.
653 1295 732 1328 Ρ.3ι’
755 1261 834 1330 DK9

170 1337 266 1372 Flor.
292 1338 337 1373 U.

216 1382 394 1428 μάλα]μ
397 1381 461 1418 ἅλ’
486 1385 571 1419 Lob.
597 1386 677 1420 vat.
695 1385 742 1419 Μ.
764 1384 835 1428 μα’-

169 1429 240 1470 λαις
266 1396 394 1464 6όὶῑίομ
394 1430 592 1485 Βίροῐηίιὶ3,
616 1431 834 1466 Bekkeriana

170 1480 206 1509 et
229 1476 496 1511 Stallbaumiana
520 1478 626 1522 prior.

104 1527 170 1562 580
216 1519 379 1578 τούτοις]
405 1521 563 1562 τούτους
590 1523 674 1558 Lob.
687 1524 768 1558 Vat.
782 1524 832 1558 M.

218 1565 284 1623 ἔτι]
310 1581 374 1602 οπι.
400 1569 484 1602 Lob.
512 1570 590 1603 Vat
616 1570 693 1604 ΒΜ.

216 1609 483 1659 ἄποδωσομεν]
581 1611 832 1659 ἇποδιόσωμεν

171 1659 270 1692 Vind.
297 1660 337 1693 F.
350 1662 448 1714 Ang.
476 1662 517 1695 Β.
545 1661 639 1696 ἙῚοι.
664 1662 706 1694 R.

216 1703 259 1739 τὸ
284 1703 482 1750 πρότερον]
509 1705 833 1750 ton961.Lob.et

170 1750 338 1785 editiones
362 1757 441 1786 ante
464 1752 551 1785 Astii
579 1764 649 1787 sec.

215 1793 337 1852 αὐτῷ]
363 1794 482 1832 αὐτοῦ
511 1798 604 1834 Mon.
628 1799 670 1833 B.

219 1839 375 1901 ἀπίστῳ]
403 1855 467 1879 om.
493 1844 566 1879 Fic.

216 1888 279 1923 καὶ
304 1879 445 1934 πάσης]
502 1889 567 1924 καὶ
612 1902 680 1925 om.

171 1934 291 1969 Trinc.

215 1981 268 2025 τε]
297 1994 361 2015 om.
386 1981 486 2015 Vind.
511 1981 555 2016 Ε.

214 2023 252 2069 ἐξ
276 2024 469 2081 απάντων]
495 2024 598 2070 ἐξαπ.
623 2027 722 2062 Vind.
746 2028 790 2063 F.

215 2071 373 2128 τούτων]
400 2086 464 2108 om.
490 2074 588 2107 Vind.
614 2074 657 2108 Ε.

213 2117 424 2175 τοιούτους]
451 2117 627 2154 τοιούτου
652 2120 751 2154 idem.

168 2211 197 2244 A
215 2162 515 2211 ἀπεργάζεσθαι]
536 2163 831 2210 ἁπεργάζεσθαις

199 2212 297 2245 stius.

214 2257 289 2291 τῶν
311 2257 426 2301 νοῦν]
453 2254 522 2291 τὸν
545 2257 637 2291 νοῦν
661 2258 761 2294 Vind.
785 2259 829 2292 F.

167 2302 245 2337 τῶν
273 2303 370 2336 ναῦν
397 2303 477 2336 Vat.
502 2303 552 2336 M.

205 2345 283 2382 Ἴθι
303 2368 350 2374 ——
377 2349 445 2392 τῆς
470 2346 634 2390 πόλεωςς
671 2350 734 2395 0.]
769 2363 832 2384 ex·-

169 2395 296 2438 cerpsit
326 2395 496 2429 Stobaeus
528 2407 629 2430 serm.
663 2396 830 2432 XXXXI.

167 2451 201 2486 P·
215 2484 323 2542 ἔφην]
350 2483 420 2541 ἔφη
445 2487 528 2521 Lob.
553 2486 632 2522 vat.
657 2487 707 2523 M.

215 2530 338 2576 ὥσπερ
371 2529 390 2567 ὁ
425 2530 487 2567 διὰ
519 2544 672 2567 παντων
701 2546 830 2578 κριτης

171 2575 436 2623 ἀποφαίνεται]
463 2580 748 2624 quemadmodum
776 2583 830 2614 iu-

169 2627 236 2659 dea·
256 2627 371 2658 omnia
396 2626 668 2669 circumspiciens
692 2627 735 2659 de
757 2628 830 2660 sin-

168 2673 263 2715 gulis
292 2672 425 2705 iudicat
452 2671 528 2706 Fic.
582 2671 831 2705 Antiatticistes

169 2716 320 2751 Bekkeri
354 2718 472 2752 anecd.
502 2718 630 2761 p.91‚
665 2720 730 2752 10·
765 2716 830 2752 διοὶ

169 2760 320 2797 πάντων
338 2759 439 2806 οέγών
459 2761 600 2806 λέγεται
620 2759 640 2797 ὁ
668 2761 830 2806 ἔσχατος.

169 2809 355 2853 Κρατῖνος
380 2807 610 2848 Πανόπταις.
659 2809 748 2843 Hinc
770 2822 830 2843 ve·-

170 2855 311 2889 risimile
333 2855 375 2889 fit
397 2853 465 2890 τόν
489 2852 551 2890 διὰ
579 2852 732 2890 πάντων
752 2868 829 2900 κρι-

734 1890 834 1927 Stob.

784 915 985 971 καθάπερ
1027 914 1110 970 γὰρ
1154 916 1385 971 εἰσῆλθον,
1425 915 1557 971 ἔγωγε

894 1062 963 1108 τὴν
999 1074 1073 1096 eum
1108 1064 1314 1108 appellatum
1348 1064 1473 1107 fnisse,
1498 1064 1556 1109 qui

893 1109 1000 1143 finitis
1035 1110 1276 1143 certaminibus
1313 1110 1445 1144 musicis
1480 1111 1555 1154 (ho-

892 1167 967 1189 rum
998 1155 1084 1188 enim
1109 1155 1247 1200 proprie
1279 1156 1458 1190 dicebatur
1481 1169 1555 1199 κρι-

892 1200 968 1245 τής.
1016 1201 1071 1234 Cf.
1108 1202 1193 1245 Leg.
1229 1202 1267 1235 L.
1293 1202 1372 1235 XII.
1399 1215 1431 1246 p.
1457 1203 1554 1245 949.)

891 1259 992 1292 quum
1027 1258 1141 1281 omnes
1178 1247 1273 1280 chori
1308 1249 1488 1282 saltassent
1520 1252 1556 1282 et

892 1292 1114 1334 cecinissent,
1154 1293 1315 1327 iudicium
1349 1295 1483 1328 faceret
1515 1306 1556 1328 ac

893 1350 990 1372 suum
1035 1339 1156 1384 cuique
1208 1339 1337 1381 locuni,
1384 1341 1556 1382 honorem,

893 1385 1076 1430 praemium
1103 1385 1305 1428 assignaret.
1354 1387 1504 1420 Orellius
1523 1386 1557 1419 in

892 1431 989 1475 epist.
1028 1431 1104 1465 crit.
1139 1432 1182 1464 ad
1218 1432 1343 1465 calcem
1368 1432 1557 1467 Memnonis

892 1489 926 1522 p.
945 1477 1024 1512 334.
1051 1475 1261 1523 διᾳσοὶντων
1285 1489 1348 1522 pro
1374 1477 1438 1512 διὰ
1461 1476 1556 1512 πάν-

890 1535 965 1556 των
998 1523 1216 1557 scribendum
1249 1535 1324 1557 esse
1355 1525 1557 1570 suspicaba-

891 1572 957 1602 tur.

936 1612 1020 1658 τὴν]
1047 1627 1111 1648 om.
1142 1615 1245 1649 Vind.
1272 1615 1314 1648 Ε.

935 1659 1065 1715 δόξαν]
1095 1659 1204 1702 δόξαι
1228 1662 1326 1694 Stob.
1353 1661 1471 1695 Tninc.

937 1703 1172 1753 εὐδαιμονίᾳ]
1198 1704 1441 1750 εὐδαιμονίαν
1457 1707 1556 1743 idem.

890 1748 1115 1795 εὐδαιμονία
1139 1742 1214 1787 Ald.
1240 1754 1322 1789 Bas.
1348 1757 1400 1788 ab.

935 1809 998 1843 ua).
1018 1810 1088 1854 τίς]
1113 1810 1256 1844 ItaPar.
1270 1811 1308 1844 A.
1335 1811 1435 1846 Vind.
1447 1812 1556 1847 BEF.

890 1855 968 1889 Vnt.
995 1857 1038 1889 H.
1066 1856 1156 1890 Flor.
1175 1856 1350 1891 ACRTV.
1375 1858 1472 1891 Stob.
1495 1870 1558 1892 ex-

890 1907 988 1946 cepto
1029 1905 1101 1937 cod.
1135 1903 1176 1935 A.
1210 1901 1269 1946 qui
1305 1914 1381 1936 cum
1416 1904 1556 1948 reliquis

888 1947 1041 1981 Platonis
1075 1948 1249 1982 codicibus
1285 1955 1320 1982 et
1357 1949 1432 1984 Ald.
1471 1951 1552 1985 Bas.

890 1994 945 2028 ab.
963 1994 1083 2038 Steph.
1097 1995 1170 2028 Ast.
1189 1993 1252 2028 καὶ
1270 1995 1409 2029 omittit.
1434 1996 1552 2031 Etiam

886 2039 1026 2073 Ficinus
1052 2041 1174 2074 omisit.

932 2098 1072 2141 κρῖναι]
1096 2098 1219 2142 κρίναι
1242 2097 1327 2131 Lob.
1354 2097 1456 2132 Vind.
1475 2099 1553 2134 EF.

889 2146 989 2187 κρῖνε
1016 2144 1113 2177 Vind.
1139 2145 1180 2178 B.
1215 2144 1300 2178 Ven.
1327 2145 1367 2176 B.
1401 2145 1481 2180 Par.
1508 2146 1553 2180 K.

889 2190 969 2224 Vat.
1002 2191 1046 2225 H.
1083 2190 1179 2224 Flor.
1216 2190 1289 2224 AC.
1321 2190 1424 2234 κρίνε
1457 2192 1554 2227 Flor-

888 2236 964 2270 TV.
999 2237 1098 2269 Stob.
1133 2235 1207 2269 cod.
1241 2237 1281 2268 A.
1316 2248 1443 2270 enarra
1475 2237 1553 2272 Fic.

887 2281 954 2315 Est
988 2281 1184 2315 infinitivus.
1245 2281 1300 2316 Cf.
1333 2282 1554 2318 Heindorfius

889 2328 932 2361 ad
957 2328 1064 2373 Soph.
1089 2330 1120 2370 5.
1144 2330 1176 2362 6.

933 2380 957 2428 ἡ
971 2385 1114 2439 κρίσις]
1142 2382 1166 2429 ἦ
1193 2396 1258 2418 om.
1285 2385 1383 2418 Stob.

933 2427 1018 2475 γαρ]
1045 2431 1100 2464 Ita
1124 2431 1217 2465 Mon.
1239 2431 1277 2463 Β.
1304 2430 1338 2464 in
1363 2434 1472 2473 textu,
1493 2432 1553 2466 sed

886 2476 920 2509 in
945 2488 988 2510 ln.
1014 2488 1034 2510 3
1058 2488 1100 2510 ιιι.
1126 2489 1178 2521 p1.
1203 2476 1272 2511 οὐν
1304 2478 1366 2510 sub
1400 2490 1508 2533 eoque
1533 2490 1554 2512 a

887 2534 930 2556 m.
966 2533 993 2558 s.
1026 2522 1200 2566 καθάπιρ
1235 2535 1303 2557 ουν
1339 2535 1390 2563 ως
1421 2522 1551 2566 εἰκαζω

887 2568 1048 2613 scriptum
1073 2569 1188 2603 habet.

934 2624 1066 2670 ε’γωγε]
1110 2625 1225 2659 Astius
1256 2625 1289 2658 in
1325 2637 1377 2670 pr.
1415 2629 1450 2660 et
1481 2638 1551 2660 sec.

887 2684 1034 2714 comma,
1060 2672 1149 2716 quod
1173 2672 1352 2706 Bekkerus
1384 2675 1462 2705 ante
1486 2673 1550 2706 hoc

885 2718 988 2761 fecit,
1021 2721 1100 2762 post
1122 2717 1159 2750 id
1190 2719 1325 2762 posuit,
1358 2719 1506 2751 fortasse
1530 2730 1551 2752 a

885 2763 1008 2796 Ficino
1033 2763 1207 2808 deceptus,
1233 2764 1289 2808 qui
1315 2763 1490 2808 εἰσῆλθον
1514 2763 1549 2796 in

885 2821 962 2843 sum
1004 2810 1179 2854 ingressus
1222 2810 1336 2844 vertit.
1413 2810 1549 2843 Priores

886 2855 1044 2889 neutrubi
1067 2855 1266 2890 inciderant.
