1764 3176
392 182 724 226 CIVITAS
770 182 896 227 LIB.
931 183 1046 226 VIII.
1086 186 1155 224 554

1411 186 1468 226 43

86 313 149 340 ων
184 296 259 340 καὶ
300 292 390 338 οἷπὸ
427 295 592 346 παντὸς
631 297 892 350 περιουσίαν
921 296 1208 352 ποιούμενος,
1247 298 1470 349 θησαυρο-

82 363 209 445 ποιὸςἾ
239 360 376 419 ανήρ·
408 363 486 415 οὓς
515 364 569 420 δὴ
598 364 672 407 καὶ
701 362 869 406 ἐπαινεῖ
895 363 944 407 to*
980 367 1166 420 πλῆθος.

83 448 157 483 τος
191 431 247 474 ἂν
287 433 352 487 εἰἠ
390 431 414 475 ὁ
456 435 510 488 τῇ
539 431 721 487 τοιαύτῃ
757 431 971 488 πολιτείᾳ
982 429 1157 485 ὅμοιος,
1194 429 1316 486 Ἐμοὶ.
1345 435 1473 487 γοῦν,

83 500 168 556 ἔφη
179 534 189 551 ,
221 501 362 544 δοκεῖ·

409 498 606 556 χρήματα
635 504 748 556 γοῦν
783 500 972 555 μάλιστα
1003 498 1153 553 ἔντιμα
1185 503 1238 556 τῇ
1272 515 1317 543 τε
1347 499 1473 544 πόλει

82 568 156 612 καὶ
185 569 305 623 παρὰ
331 572 392 627 τῷ
421 567 622 627 τοιούτῳ.
661 565 727 612 Οὐ
758 568 866 624 γὰρ,
898 565 1042 623 οἶμαι,
1072 564 1129 623 ἦν
1159 564 1204 611 δ’
1236 567 1344 624 ἐγώ,
1375 585 1472 612 παι-

82 637 176 695 δείᾳ
205 634 229 679 ὁ
257 640 461 687 τοιοῦτος
489 635 799 694 προσέσχηκεν.

80 702 136 747 ἂν
163 703 335 760 τυφλόν
371 703 580 761 ἡγεμόνα.
604 709 685 749 τοῦ
723 709 861 762 χοροῦ
902 703 1123 761 ἐστήσατο.

123 874 225 923 Ἐμοὶ
249 877 364 922 γοῦν]
392 878 448 912 Ita
471 877 569 912 Vind
597 878 637 912 F.
664 875 746 921 ἐμοὶ

80 919 121 967 ’γ’
147 923 214 956 οὐν
243 923 343 957 Vind.
372 925 415 958 Ε.
453 921 533 980 ἐμοὶ
541 921 624 979 ,μὲν
656 926 744 968 Aug.

79 969 119 1003 B.
143 969 239 1003 Flor.
263 969 307 1002 R.
353 967 470 1014 ἔμοιγ’
507 970 577 1004 ov'v
609 971 747 1050 (reBliqui

79 1014 294 1057 morentini,
330 1017 412 1050 Par.
456 1015 500 1049 K.
533 1029 601 1050 sec.
641 1016 745 1061 Bip.)

80 1061 166 1095 Lob.
203 1061 302 1096 Vind.
335 1062 375 1096 B.
406 1062 501 1096 Mon.
535 1064 578 1097 B.
615 1068 647 1095 et
672 1063 746 1096 edi-

78 1107 187 1141 tiones
211 1113 291 1141 ante
314 1108 525 1150 Bekkerum,
557 1109 616 1154 qui
640 1109 746 1142 tacite

80 1150 161 1196 ἐμοὶ
202 1153 295 1196 γοῦν
334 1154 494 1199 scripsit,
539 1154 628 1199 quod
666 1160 745 1199 post

26 1237 28 1239 ,
83 1200 239 1233 Socratis
263 1200 508 1234 dubitationem
541 1212 607 1234 non
630 1206 747 1245 potest

79 1256 146 1281 non
169 1246 321 1299 probari.
348 1247 402 1279 Cf.
429 1246 505 1281 Vol.
530 1246 558 1279 Ι.
582 1248 689 1293 p.30‚
709 1248 743 1280 1).

123 1291 240 1335 γοῦν]
266 1292 335 1326 ov'v
355 1292 434 1331 Par.
460 1293 504 1326 K.
529 1293 603 1336 itaq
606 1304 649 1326 ue
671 1292 743 1327 Fic.

80 1338 166 1372 Vide
190 1339 232 1371 ad
257 1349 289 1382 Ρ.
315 1340 393 1373 55Ξ.
419 1338 458 1371 Β.
486 1339 680 1373 observata.

123 1384 192 1439 τῇ]
220 1385 263 1417 ab
289 1385 382 1418 omni
399 1384 473 1418 Fic.

125 1427 146 1465 ὁ
179 1429 376 1474 τοιοῦτος]
421 1426 480 1464 ὅτι
511 1441 624 1470 ουτος
657 1430 742 1464 Ven.

79 1475 120 1510 C.
154 1480 191 1510 et
223 1487 244 1509 a
274 1488 319 1510 m.
357 1487 409 1521 pr.
449 1478 527 1511 Vat.
563 1477 606 1511 B.
643 1471 744 1522 ἧτινι

78 1533 190 1561 ουτος
215 1522 300 1556 Lob.
326 1523 406 1556 Vat.
424 1523 474 1558 M.

124 1567 250 1613 δοκῶ]
284 1568 384 1602 δοκῶ
416 1565 455 1612 γ’
490 1568 592 1602 Vind.
631 1568 671 1604 Β.
707 1573 744 1603 et

76 1614 274 1656 nokkerus,
298 1626 398 1659 quem
422 1616 512 1649 bona
534 1615 603 1648 fide
626 1615 743 1649 Astius

75 1659 110 1694 in
133 1664 215 1694 tert.
241 1666 378 1694 secutus
401 1666 465 1695 est.
510 1661 566 1695 cf.
596 1661 669 1695 Vol.
694 1662 743 1695 Π.

77 1717 112 1752 Ρ.
135 1708 225 1748 103,
249 1718 280 1740 3.

122 1749 290 1797 τυφλὸν]
314 1752 466 1796 τυφλῶν
488 1753 569 1787 Bas.
593 1753 628 1789 b.

78 1809 237 1878 ..effi
250 1799 342 1878 111
365 1799 641 1888 {azam-
658 1799 742 1878 3213:

78 1889 179 1924 Vind.
203 1891 246 1924 F.
273 1892 352 1926 Vat.
369 1891 451 1925 ΒΜ.
484 1892 568 1925 Ven.
595 1892 635 1925 C.
661 1891 742 1926 Par.

78 1935 154 1970 ΒΚ.
174 1937 266 1970 Flor.
286 1937 364 1970 RT.
389 1938 471 1971 Bas.
496 1937 531 1970 b.
557 1940 592 1971 et
615 1949 689 1971 cum
713 1938 744 1971 θ’

77 1993 232 2062 3333?
207 2030 249 2062 B.
265 1984 373 2063 Aeli}
386 1984 441 2063 ¹³1}
463 1983 562 2065 βῖξῖἷῖ
586 1985 742 2064 11θὲὲῖ

78 2074 200 2131 steph.
222 2075 299 2112 Ast.
322 2086 373 2128 pr.
398 2087 466 2109 sec.
499 2088 563 2110 om.
589 2076 662 2110 Fic.

123 2119 200 2154 Καὶ
234 2118 287 2155 ἔτι
318 2118 477 2175 μάλιστα
510 2121 577 2166 εὖ,
622 2122 670 2167 ἠν
702 2118 742 2156 3'

77 2163 116 2210 ἐγ
119 2164 160 2200 ai.
194 2164 283 2201 τόδε
314 2163 354 2200 δε
389 2165 550 2212 amiur]
584 2168 638 2202 Ita
661 2169 740 2203 Par.

77 2179 151 2246 ΑγΒ.
177 2212 278 2246 Vind.
303 2212 374 2246 BF.
409 2215 494 2249 Ven.
521 2215 562 2248 C.
586 2216 673 2259 Ang.
698 2216 740 2248 Β.

79 2259 159 2292 Vat.
183 2258 228 2291 H.
257 2258 351 2292 Flor.
374 2259 419 2293 R.
443 2259 523 2294 item
547 2260 634 2295 Lob.
661 2262 742 2296 Vat.

76 2304 157 2338 ΒΜ.
185 2305 264 2338 Par.
275 2304 319 2338 K.
337 2317 413 2339 -sec.
427 2306 535 2340 Bekk.
563 2307 628 2340 nisi
650 2307 742 2365 quod

79 2350 114 2384 hi
137 2355 283 2404 quatuor
306 2349 351 2396 δὴ
365 2363 440 2407 pro
462 2349 501 2386 δε
521 2353 657 2386 habent.
679 2352 742 2387 καὶ

79 2394 134 2431 ἔτι
138 2393 256 2451 μάλα
281 2396 321 2430 εὐ
352 2392 401 2442 ἦν
426 2395 467 2432 δ’
492 2395 528 2442 ἐγ
532 2396 559 2432 ὠ
585 2396 674 2433 τόδε
701 2397 741 2433 δὲ

81 2439 211 2477 σκόπει
236 2442 327 2477 Flor.
352 2444 459 2478 ACT.
497 2445 602 2479 Certe
635 2446 742 2479 Stall—

78 2489 233 2523 baumius
265 2489 301 2522 in
334 2501 385 2534 pr.
419 2490 480 2524 1105
506 2494 578 2526 tres
610 2491 645 2525 in
680 2492 742 2526 ad-

78 2534 197 2568 verbio
220 2533 318 2577 μοῐλα
341 2536 537 2582 discrepare
557 2549 577 2570 a
593 2538 742 2582 Stepha-

79 2592 122 2614 no
157 2592 224 2613 non
256 2582 423 2624 ostendit,
459 2583 512 2616 cui
550 2583 741 2618 testimonio

80 2627 154 2671 plus
187 2626 319 2668 tribuo,
350 2640 452 2672 quam
485 2630 575 2674 quod
605 2629 640 2662 in
671 2643 740 2664 sec.

79 2671 314 2707 Bekkerianos
352 2674 485 2718 potius,
523 2687 626 2719 quam
661 2677 741 2710 Flo-

80 2718 233 2752 rentinos
274 2719 376 2754 libros
416 2721 602 2765 respiciens
647 2746 669 2764 ‚‚
679 2734 741 2767 pro

17 2772 19 2776 ·
79 2762 181 2809 μάλα
226 2776 342 2798 01111105
396 2767 532 2801 codices
585 2765 742 2810 μάλιστα

81 2811 280 2868 praebere“
313 2812 478 2869 pe1hibet.
520 2812 613 2847 ua2⁷
603 2825 654 2847 ετι
670 2812 741 2871 μεί-

82 2859 186 2891 how
219 2850 270 2891 αυ
299 2856 348 2903 ἦν
383 2854 423 2892 3’
462 2855 530 2904 ἐγω
563 2859 651 2903 τῆδε
692 2858 739 2904 δὴ

1297 636 1350 681 ού
1381 636 1470 694 γάρ

1183 706 1272 749 Καὶ
1301 706 1363 750 ἔτι
1392 706 1471 762 μά-

867 634 930 680 Οὐ
963 638 1106 688 δοκῶ,
1145 636 1251 692 ἔφη·

803 875 932 912 σκόπει
959 876 1052 910 Μοῐι.
1087 876 1128 910 Β.
1161 877 1257 912 Flor.
1291 877 1336 911 U.
1380 878 1469 912 Nam

800 924 855 957 hic
878 935 1013 976 quoque
1046 923 1141 967 Ρ11115
1175 924 1391 957 Stallbaumii
1417 931 1470 958 te-

801 970 994 1004 stimonium
1026 969 1143 1002 verius
1179 969 1314 1003 videtur
1352 974 1468 1014 poste-

802 1016 913 1058 riore,
937 1027 1003 1058 quo
1029 1015 1121 1048 Flor.
1144 1015 1188 1048 U.
1213 1015 1247 1048 in
1274 1017 1470 1070 pronomine

802 1066 882 1096 ante
917 1059 962 1104 δὴ
982 1061 1193 1117 vulgatam
1205 1062 1301 1118 sequi
1315 1063 1468 1117 signifi-

802 1114 869 1141 cat.
893 1107 956 1140 καὶ
979 1104 1031 1141 ἕτι
1050 1104 1151 1150 μάλα
1167 1107 1215 1151 ἠν
1243 1104 1283 1141 δ’
1307 1105 1343 1151 ἐγ
1338 1107 1374 1142 ὠ
1405 1107 1468 1143 τό·

802 1155 841 1188 δε
870 1153 908 1187 δὲ
942 1164 1070 1187 σκοπει
1100 1153 1201 1188 Vind.
1230 1154 1273 1187 Ε.
1316 1154 1379 1188 καὶ
1414 1153 1468 1189 ἔτι

799 1197 958 1243 μάλιστα
981 1210 1020 1233 ευ
1042 1199 1090 1243 ἠν
1115 1196 1156 1233 δ’
1180 1196 1249 1243 ἐγω
1269 1197 1356 1235 τόδε
1383 1200 1469 1236 σκό-

800 1257 862 1280 πει
885 1246 975 1278 Flor.
1013 1246 1055 1278 V.
1080 1245 1158 1278 Bas.
1184 1247 1218 1280 b.
1243 1246 1306 1280 καὶ
1325 1244 1378 1280 ἔτι
1398 1245 1470 1290 μά-

800 1293 904 1326 λιστα
941 1291 990 1335 ἠν
1032 1288 1073 1325 3'
1114 1288 1183 1347 ἐγώ
1216 1290 1303 1326 τόδε
1339 1291 1468 1328 σκόπει

801 1338 886 1372 Ven
905 1338 945 1372 Β.
966 1336 1041 1371 Καὶ
1061 1334 1230 1380 {zamma
1259 1350 1321 1383 ευ,
1348 1339 1397 1383 ἦν
1429 1336 1468 1374 3'

800 1381 896 1428 ἐγώ,
930 1382 1018 1418 τόδε
1051 1382 1190 1418 σκόπει.
1230 1385 1303 1419 Ald.
1329 1387 1410 1419 Bas.
1435 1399 1467 1421 a.

801 1431 922 1475 steph.
950 1429 1067 1463 Astins
1092 1431 1127 1463 in
1152 1443 1204 1476 pr.
1224 1437 1259 1465 et
1283 1436 1362 1465 tert.
1373 1433 1469 1466 Bek-

799 1476 904 1510 kerus
937 1479 972 1510 et
995 1476 1236 1510 Stallbaumius
1270 1478 1302 1511 in
1327 1490 1379 1523 pr.
1428 1479 1469 1513 Id

800 1534 884 1556 1010
906 1522 1103 1567 longissime
1138 1524 1180 1557 ab
1214 1524 1351 1568 optimis
1376 1524 1470 1558 codi-

801 1568 897 1602 cibus
934 1569 1042 1602 distat
1085 1572 1121 1602 et
1161 1581 1299 1604 sensum
1334 1571 1470 1605 minime

801 1615 1010 1648 commodum
1052 1615 1206 1659 praebet.
1273 1617 1345 1649 Cur
1380 1617 1469 1650 enim

800 1661 887 1694 113110
910 1661 1121 1706 potissimum
1146 1673 1217 1694 rem
1233 1666 1303 1696 tam
1322 1662 1468 1706 diligen—-

801 1710 854 1739 ter
887 1707 1103 1740 considerare
1131 1707 1346 1741 Adimantum
1373 1710 1468 1743 iube-

798 1758 854 1786 ret
885 1753 1068 1795 Socrates,
1115 1765 1217 1798 quam
1254 1760 1289 1788 et
1323 1754 1398 1799 ipse
1429 1760 1469 1789 ut

799 1799 890 1833 nullo
915 1799 1052 1843 negotio
1077 1811 1119 1832 ex
1143 1799 1200 1841 115,
1224 1812 1314 1844 quae
1339 1801 1381 1834 de
1405 1813 1468 1835 ne-

798 1845 911 1889 glecto
937 1846 980 1879 ab
1003 1844 1194 1879 istiusmodi
1227 1846 1360 1880 homine
1393 1848 1468 1881 ani—-

799 1891 845 1924 mi
880 1891 972 1924 cultu
1006 1891 1170 1934 dixisset,
1215 1892 1467 1928 diiudicandam

799 1937 1058 1990 propositurus,
1104 1944 1139 1971 et
1181 1938 1381 1973 Adimantus
1426 1945 1467 1973 ut

799 1984 883 2018 satis
927 1984 1119 2028 expeditam
1152 1984 1289 2018 minime
1322 1997 1467 2030 operose

799 2029 1000 2063 decreturus
1041 2031 1164 2064 esset?
1218 2031 1295 2064 Nec
1336 2032 1467 2077 placuit

799 2075 1023 2110 Stallbaumio
1055 2075 1090 2110 in
1125 2088 1192 2110 sec.
1224 2077 1259 2110 in
1292 2089 1368 2131 queg
1392 2078 1466 2112 edi-

799 2122 869 2156 dit.
902 2121 979 2156 Καὶ
1011 2119 1113 2178 [ἔτι]
1138 2120 1318 2177 μάλιστα,
1343 2123 1391 2167 ἠν
1419 2120 1463 2158 δ’

800 2166 882 2212 ἐγώ.
915 2166 1003 2203 τόδε
1039 2166 1078 2202 δὲ
1111 2166 1249 2204 σκόπει.
1303 2171 1465 2205 Vocabu—

799 2215 867 2248 lum
901 2212 971 2258 ἔτι,
1013 2215 1047 2248 111
1086 2227 1152 2260 quo
1185 2227 1299 2248 omnes
1331 2217 1466 2251 codices

800 2261 1036 2302 consentiunt,
1085 2272 1222 2303 ‚errore
1256 2261 1369 2317 aliquo
1402 2275 1465 2297 na-

798 2310 902 2340 tum“
937 2286 1152 2361 suspicatur
1168 2312 1203 2340 et
1238 2308 1279 2341 ad
1304 2306 1466 2351 μάλιστα

799 2353 948 2398 suppleri
980 2353 1075 2386 iubet
1112 2349 1233 2392 οὕτως
1265 2351 1356 2398 ἔχει,
1382 2356 1465 2400 quid

798 2411 880 2433 1010
905 2399 987 2432 illud
1013 2399 1078 2441 sit,
1104 2399 1195 2444 quod
1215 2401 1377 2434 Socrates
1402 2413 1465 2446 pa-

799 2457 873 2479 rum
905 2446 1033 2479 usitata
1070 2445 1277 2480 assentiendi
1320 2448 1465 2482 formula

799 2493 946 2527 maxime
973 2493 1026 2525 ita
1051 2503 1085 2524 se
1106 2492 1236 2526 habere
1262 2492 1374 2536 dicat,
1399 2505 1466 2528 non

799 2538 909 2571 docet.
967 2537 1080 2580 Magis
1119 2539 1314 2582 probandus
1355 2552 1467 2593 neque

798 2585 842 2618 ob
883 2584 1057 2617 audaciam
1098 2583 1133 2617 in
1177 2585 1328 2618 codicum
1366 2586 1464 2630 igno—

799 2630 910 2663 rantia
945 2630 1040 2663 nimis
1061 2631 1374 2683 reprehendendus
1411 2638 1466 2667 est

799 2677 934 2714 Astius‚
968 2676 1027 2720 qui
1060 2674 1094 2709 in
1127 2688 1194 2710 500.
1220 2677 1333 2710 Ficini
1357 2680 1464 2711 inter-

798 2722 1025 2767 pretationem
1053 2723 1187 2766 Optime
1217 2725 1377 2768 quidcm:
1402 2725 1464 2759 hoe

799 2774 916 2802 autem
946 2769 1185 2803 animadverte
1215 2774 1353 2803 secutus
1387 2769 1463 2805 Καὶ

798 2811 898 2857 μάλα
917 2814 980 2868 εὐ,
1004 2808 1052 2859 ἦν
1075 2811 1116 2849 δ’
1141 2812 1234 2859 ἐγώ·
1260 2814 1313 2850 ἔτι
1337 2813 1376 2850 δε
1400 2815 1462 2851 τό·

799 2860 840 2894 δε
865 2857 1004 2896 σκόπει.
1039 2861 1198 2906 scripsit,
1222 2862 1256 2896 in
1281 2865 1357 2896 tert.
1383 2863 1462 2898 Pla-

1216 362 1245 418 ἢ
1275 360 1356 418 οὐχ
1387 365 1470 407 οὐ·
1498 368 1534 410 Β
