1764 3176
575 180 1061 239 anmoins,
1490 198 1538 224 ,ῃ

139 299 372 342 mensionem,
407 310 450 334 ac
466 299 602 334 demum
623 300 814 334 trinitatem
838 299 947 343 ipsam
966 298 1122 342 praebet.
1153 307 1233 331 mox
1254 297 1344 331 enim
1367 297 1443 332 cum
1464 300 1540 334 lon-

139 356 306 399 gitudini,
334 357 573 400 latitudinique
588 358 728 391 terfium
756 357 994 396 intervallum,
1027 354 1172 389 altitudo
1192 355 1324 388 scilicet
1349 355 1540 398 advenerit,

139 423 267 457 corpus
291 415 445 458 perficit,
477 414 611 458 ipsique
636 415 826 448 trinitatem
849 412 999 448 exhibet.
1058 404 1138 445 Hoc
1163 412 1270 454 igitur
1300 412 1403 446 modo
1434 413 1539 448 Plato

139 471 329 504 centenarii
350 471 496 514 Cubum,
524 471 635 514 ipsum
652 471 785 504 scilicet
805 471 942 503 millena
959 469 1066 503 millia
1085 469 1351 512 circunscripsit.
1410 470 1539 504 Verum

79 544 82 546 >
138 532 177 561 ut
196 526 286 561 hanc
300 528 638 571 circunscriptionem
651 527 765 561 adhuc
781 527 1015 561 obscuriorem
1030 525 1192 559 redderet
1211 535 1286 559 cum
1306 526 1448 560 dixisset
1471 528 1538 560 iam

137 583 268 618 dictum
296 585 451 626 Cubum,
486 588 649 628 tanquam
669 584 954 627 Praelongiotem
978 592 1158 616 numerum
1186 583 1438 617 consideratum
1464 584 1540 618 fore

137 641 233 674 iuxta
255 641 504 684 longitudinem
533 642 651 683 simul,
682 647 716 675 et
740 641 954 687 latitudinem
981 645 1117 673 centum
1141 634 1276 681 quidem
1300 651 1540 674 numerorum:

137 698 256 731 statim
278 699 454 733 subiunxit
471 710 547 740 „ex
565 698 754 733 Diametris
772 698 970 743 effabilibus
998 696 1169 741 quinariis
1199 696 1437 741 indigentibus
1470 709 1539 732 uno

137 755 299 799 singulis,
335 756 468 789 duabus
493 761 608 790 autem
630 755 928 800 Ineffabilibus;“
959 754 1080 796 quibus
1111 753 1213 797 plane
1249 754 1361 786 verbis
1402 755 1540 788 circun-

136 811 274 855 scripsit
290 823 566 856 unumquemque
582 813 716 846 illorum
736 817 874 846 centum
901 821 1134 851 numerorum,
1164 820 1309 852 quorum
1329 811 1469 853 quilibet
1486 816 1540 844 est

136 867 257 902 decem
277 870 402 911 millia,
432 870 691 913 circunscriptio
711 869 793 904 verb
819 869 898 902 talis
922 871 994 911 est,
1027 867 1117 910 quod
1145 867 1276 901 scilicet
1306 868 1541 910 unusquisque

135 929 273 959 centum
293 927 426 960 illorum
443 937 661 961 numerorum
683 927 902 969 componitur
921 936 964 959 ex
984 924 1171 958 Diametris
1189 925 1320 967 aliquot
1336 925 1538 958 Effabilibus

134 981 300 1025 quinariis
319 983 553 1027 indigentibus
571 995 640 1017 uno
659 984 814 1026 singulis,
837 987 872 1016 et
892 993 935 1016 ex
956 982 1088 1015 duabus
1100 981 1348 1016 Ineffabilibus.
1408 982 1536 1016 Veram

135 1043 173 1072 ut
195 1037 283 1073 haec
301 1041 543 1074 obscurissima
560 1041 821 1084 circunscriptio
840 1041 917 1073 luce
935 1040 1059 1072 clarior
1077 1039 1150 1079 fiat,
1171 1039 1399 1073 revocandum
1420 1049 1537 1072 rursus

133 1095 169 1129 in
183 1098 396 1140 memoriam,
415 1098 506 1141 quod
526 1102 605 1132 sunt
619 1098 756 1140 quidam
774 1097 908 1130 numeri
925 1096 1039 1129 vocati
1053 1096 1292 1137 Diametrales,
1312 1096 1381 1130 sive
1394 1097 1536 1130 Diame-

133 1153 178 1186 tri
195 1152 304 1196 (utin
325 1155 556 1198 superioribus
576 1154 843 1197 declaravimus)
867 1163 1010 1196 quorum
1031 1153 1086 1185 alii
1107 1151 1243 1195 quidem
1261 1157 1339 1185 sunt
1359 1154 1537 1195 Effabiles,

135 1210 193 1243 alii
211 1211 293 1244 vero
309 1212 523 1245 Ineffabiles:
554 1211 674 1245 horum
705 1215 820 1244 autem
842 1211 979 1253 utrique
998 1209 1175 1253 duplices3
1206 1209 1262 1242 alii
1292 1221 1429 1253 nanque
1458 1215 1537 1243 sunt

135 1266 304 1301 Diametri
323 1268 463 1301 Parium
476 1269 746 1309 Quadratorum,
773 1269 830 1301 alii
850 1267 1107 1303 Quadratorum
1129 1267 1325 1309 Imparium,
1344 1273 1379 1300 et
1394 1268 1537 1301 Parium

134 1323 273 1366 quidem
296 1324 554 1360 Quadratorum
579 1326 747 1359 Diametri
768 1324 824 1367 (ut
854 1325 889 1358 in
914 1324 1146 1367 superioribus
1181 1323 1399 1368 dicebamus)
1436 1324 1471 1357 in
1497 1334 1537 1358 se

133 1381 349 1424 multiplicati
370 1382 566 1425 producunt
586 1382 788 1419 Quadratus
815 1391 976 1415 numeros
1000 1381 1121 1424 duplos
1133 1379 1395 1422 ‘Quadratorum
1409 1407 1419 1422 ‚
1450 1392 1537 1424 quo-

105 1437 108 1440 ”
133 1447 208 1471 rum
235 1438 302 1481 ipsi
338 1439 508 1472 Diametri
540 1443 635 1473 sunt
663 1450 732 1473 uno
761 1438 1087 1482 superabundante;
1130 1437 1386 1473 Quadratorum
1420 1443 1536 1472 autem

132 1494 320 1538 Imparium
339 1495 506 1530 Diametri
532 1500 677 1541 possunt
696 1497 835 1540 duplum
869 1495 1149 1536 Quadratorum,
1191 1505 1335 1537 quorum
1367 1496 1538 1529 Diametri

133 1555 215 1585 sunt
232 1562 302 1586 uno
321 1552 513 1589 deficiente.
573 1554 682 1588 Hisce
717 1553 1016 1594 commemoratis,
1047 1552 1125 1585 dico
1161 1552 1253 1594 quod
1288 1554 1405 1586 volens
1432 1553 1536 1586 Plato

134 1608 406 1644 circunscribere
425 1611 611 1653 quemlibet
627 1611 696 1644 iam
722 1610 892 1644 dictorum
905 1614 1039 1643 centum
1063 1618 1282 1642 numerorum
1308 1609 1537 1652 comprehen—

134 1665 271 1699 dentem
294 1667 446 1700 unitates
472 1667 592 1701 decem
612 1669 739 1708 millia,
775 1667 862 1700 dixit
908 1677 1025 1700 eorum
1057 1676 1321 1708 unumquenque
1351 1667 1425 1699 fieri
1458 1678 1537 1708 „ex

135 1723 359 1757 Diametris“
389 1723 424 1758 id
452 1729 505 1757 est
524 1725 674 1758 numeris
698 1723 906 1765 nuncupatis
933 1722 1224 1764 Diametralibus,
1253 1733 1314 1756 seu
1350 1724 1536 1757 Diametris

133 1779 378 1823 „Effabilibus
395 1781 600 1825 quinariis“
630 1780 696 1814 hoc
716 1785 770 1814 est
791 1780 973 1813 Diametris
995 1779 1164 1814 Quadrati
1186 1779 1347 1823 producti
1370 1791 1390 1812 a
1413 1782 1535 1823 quina-

133 1837 199 1878 rio,
219 1837 346 1880 quippe
367 1838 425 1880 qui
443 1841 524 1870 sunt
545 1837 610 1880 ipsi
631 1837 816 1880 septenarii
838 1835 967 1870 numeri
988 1836 1153 1869 Effabiles
1177 1837 1447 1882 „indigentibus
1467 1849 1536 1872 uno

133 1893 325 1938 singulis“
344 1890 387 1927 'id
408 1898 461 1927 est
485 1904 628 1936 quorum
650 1893 737 1937 (sic)
768 1894 1024 1926 Diametrorum
1056 1894 1234 1936 potentiae
1260 1905 1328 1926 uno
1356 1895 1536 1937 indigeant

133 1950 179 1984 ad
198 1950 436 1994 complendum
459 1950 599 1993 duplum
619 1951 791 1987 Quadrati
810 1951 852 1983 ab
882 1950 957 1993 ipso
976 1950 1132 1992 quinario
1156 1950 1336 1995 producti,
1371 1962 1460 1994 quae
1480 1952 1535 1985 ni-

131 2007 254 2041 mirum
278 2011 331 2040 est
352 2008 547 2051 proprietas
573 2008 828 2041 Diametrorum
846 2007 1039 2050 Imparibus
1062 2012 1134 2039 tum
1163 2008 1288 2049 costis,
1321 2012 1392 2040 tum
1415 2019 1534 2042 earum

132 2064 322 2100 Quadratis
342 2064 682 2108 correspondentiam
701 2090 724 2106 „
737 2065 870 2098 duabus
888 2068 1004 2098 autem
1022 2064 1293 2108 Ιτιεχῒαῑιίῑίὸαε66
1314 2063 1381 2098 hoc
1395 2070 1447 2099 est
1464 2076 1535 2099 non

131 2121 242 2155 solnm
261 2122 478 2165 componitur
494 2122 562 2154 iam
579 2121 691 2155 dictus
713 2122 834 2155 decem
854 2121 959 2154 millia
979 2131 1140 2154 numerus
1163 2132 1206 2155 ex
1229 2123 1446 2165 septenariis,
1476 2123 1533 2166 qui

132 2182 212 2212 sunt
234 2178 399 2211 Effabiles
418 2179 584 2212 Diametri
611 2179 718 2222 ipsius
738 2178 906 2221 Quadrati
927 2189 947 2210 a
966 2178 1122 2221 quinario
1156 2179 1315 2221 producti
1339 2180 1535 2223 indigentes

131 2245 202 2268 uno
220 2235 356 2278 singuli,
374 2246 490 2269 verum
508 2236 610 2269 etiam
631 2246 675 2269 ex
695 2236 827 2271 duabus
850 2235 1083 2268 Ineffabilibus
1104 2235 1243 2278 insuper
1267 2235 1455 2279 adiunctis;
1485 2238 1534 2270 ita

132 2295 173 2326 ut
194 2301 237 2325 ex
254 2292 385 2335 aliquot
400 2293 628 2336 septenariis,
660 2293 728 2326 una
762 2303 838 2326 cum
858 2292 990 2325 duabus
1019 2292 1252 2325 Ineffabilibus
1274 2293 1372 2326 simul
1392 2305 1534 2338 compo-

132 2349 207 2383 sitis
225 2349 299 2392 ipse
330 2349 450 2382 decem
470 2350 576 2383 millia
595 2360 758 2383 numerus
777 2350 991 2384 conficiatur.
1049 2349 1396 2393 Animadvertendum
1417 2356 1534 2385 autem

132 2405 224 2449 quod
241 2406 397 2439 Platonis
415 2401 561 2440 intentio
580 2417 647 2440 non
666 2411 718 2440 est
738 2410 775 2439 ut
793 2417 836 2440 ex
857 2407 989 2439 duabus
1007 2407 1193 2439 Diametris
1211 2407 1445 2441 Ineffabilibus
1468 2419 1534 2442 nu·

132 2472 247 2495 merus
266 2463 331 2496 iste
349 2464 598 2504 constituatur3
621 2464 682 2497 sed
705 2474 747 2496 ex
758 2463 940 2505 Potentiis,
965 2473 1024 2496 seu
1038 2463 1227 2498 Quadratis
1247 2463 1389 2498 duarum
1409 2466 1533 2499 ineffa-

131 2519 249 2552 bilium
270 2519 535 2561 Diametrorum,
560 2530 648 2563 quae
667 2521 804 2563 quidem
821 2520 1006 2554 Potentiae
1027 2520 1166 2562 quanvis
1186 2521 1348 2554 Dicibiles
1374 2523 1454 2564 sint,
1475 2519 1534 2566 (ut

131 2576 167 2609 in
195 2576 426 2619 superioribus
452 2575 619 2621 diximus)
646 2578 840 2611 Ineffabiles
875 2582 992 2610 tamen
1020 2581 1203 2620 propterea
1243 2583 1410 2612 vocantur
1438 2580 1531 2622 quod

130 2632 386 2666 Diametrorum
413 2635 640 2667 Ineffabilium
661 2635 847 2668 Potentiae
870 2638 968 2667 sunt:
999 2634 1043 2666 de
1072 2633 1124 2666 his
1153 2635 1258 2677 igitur
1284 2635 1456 2670 Potentiis
1478 2638 1532 2670 in-

131 2689 256 2732 telligit
275 2689 378 2723 Plato
413 2691 489 2724 cum
511 2691 620 2734 inquit
649 2692 820 2733 „duabus
852 2697 967 2726 autem
1000 2690 1274 2735 Ineffabilibus“
1304 2693 1396 2726 unde
1425 2695 1530 2729 etiam

90 2752 91 2757 ¹
132 2746 201 2780 non
217 2746 390 2780 immerito
407 2748 484 2781 cum
507 2747 550 2781 de
576 2748 659 2791 ipsis
686 2749 890 2782 Effabilibus
919 2749 1056 2781 locutus
1086 2752 1156 2790 est,
1182 2749 1297 2792 posuit
1325 2741 1530 2793 particulam

131 2803 389 2848 ‚‚Diamet[is“
421 2805 498 2838 cum
525 2805 606 2838 vero
631 2804 675 2838 de
693 2806 926 2839 lneffabilibus
946 2805 1155 2839 mentionem
1191 2805 1293 2847 fecit,
1324 2808 1529 2849 particulam

132 2860 241 2904 ipsam
268 2861 519 2905 „Diametriffl
548 2870 618 2896 non
635 2862 808 2906 apposuit,
836 2862 897 2897 sed
912 2862 1070 2897 absolute
1090 2862 1179 2897 dixit
1207 2864 1384 2904 „Duabus
1412 2869 1528 2901 autem
