1764 3176
51 415 96 449 50

555 179 589 221 Ε
618 180 709 234 DKI
737 181 774 223 T
805 181 845 224 O
875 181 913 223 R
941 181 961 223 I
993 181 1035 224 S.
1354 198 1496 224 Lxxiu

188 297 348 341 Lativagi
377 298 479 342 longe
505 309 559 332 res
589 303 666 333 erat
692 300 759 333 ista
788 300 898 343 pedis.

134 354 212 389 Non
241 355 328 388 bene
357 365 481 398 magna
510 356 613 399 capit,
643 358 766 400 pelago
794 357 951 390 ducenda
982 355 1162 400 profundo,

191 412 238 445 Et
265 422 354 455 quae
383 413 491 455 ipsam
510 410 550 456 *)
580 409 743 456 superent
771 414 948 457 pondera,
978 425 1082 456 parva
1113 414 1208 448 ratis.

132 468 295 510 Credite,
325 468 448 503 fatales
477 480 636 503 numeros
666 475 909 513 momentaque
941 471 1080 504 volvunt

189 526 336 559 Conscia
365 527 523 560 virtutem
551 526 666 560 sidera
695 539 798 571 passa
828 528 906 563 Dei.

199 602 227 645 ⁸)
246 607 349 643 ipsam
369 606 401 634 iu
417 605 498 634 libro
526 605 670 634 omissum
688 605 727 634 de
747 605 927 634 coniectura
952 604 1135 634 addidimus.
1183 603 1286 634 Etiam
1305 613 1335 636 v.
1353 605 1409 636 29.
1431 610 1501 643 post

105 652 202 682 simul
216 653 339 682 videtur
353 652 431 680 haec
451 651 615 680 excidisse.

213 735 295 776 Iam
326 735 489 787 alteram
524 734 804 787 disputationis
834 738 991 787 partem
1028 733 1304 786 aggrediamur
1336 740 1376 773 et
1407 735 1501 786 quid

104 829 353 868 recentiores
379 829 436 868 illi
455 828 648 880 deinceps
679 827 918 879 protulerint
936 826 1153 865 videamus.
1225 826 1405 866 Friesius
1425 840 1499 865 nu-

105 933 260 960 merum
276 919 411 968 5⁰40,
449 933 568 972 quem
598 921 641 959 in
667 918 844 971 Legibus
878 932 1039 970 quoque
1062 917 1178 957 Plato
1213 919 1359 958 civitati
1381 933 1499 971 prae-

107 1013 339 1065 scripserit,
373 1012 441 1052 hic
460 1012 508 1052 ab
530 1025 579 1051 eo
600 1011 814 1063 significari
838 1011 994 1059 statuit,
1031 1010 1253 1049 secundum
1281 1025 1400 1062 quem
1425 1025 1499 1051 nu-

107 1106 217 1158 ptiae
238 1105 345 1144 bene
365 1107 406 1144 ct
426 1105 600 1144 feliciter
619 1104 894 1151 instituantur,
932 1115 1094 1154 quoque
1118 1106 1311 1154 regnante
1346 1117 1500 1142 connu-

106 1198 264 1237 biorum
280 1198 476 1241 rationem
510 1199 550 1235 et
576 1196 795 1235 liberorum
817 1194 1094 1234 educationem
1123 1195 1390 1243 fortunatam,
1427 1196 1498 1235 de-

107 1291 228 1342 nique
254 1289 421 1329 civitatis
453 1291 599 1327 statum
633 1287 877 1327 incolumem
912 1299 1075 1326 manere
1110 1300 1283 1326 necesse
1315 1288 1377 1326 sit.
1449 1287 1504 1327 At

107 1381 305 1422 eiusmodi
333 1393 564 1428 numerum,
601 1381 669 1431 qui
700 1381 809 1420 omni
846 1382 1033 1431 tempore
1054 1380 1286 1418 necessario
1308 1379 1416 1418 idem
1434 1379 1502 1418 fu-

106 1477 218 1513 turus
243 1476 366 1522 esset,
387 1473 520 1512 statim
540 1472 588 1512 ab
610 1472 720 1511 initio
741 1471 925 1511 conditae
939 1472 1104 1511 civitatis
1126 1484 1297 1524 regnare
1323 1475 1363 1510 et
1385 1484 1502 1511 ama-

106 1566 336 1619 gistratibus
353 1566 503 1618 respici
521 1568 640 1617 atque
654 1564 855 1603 observari
868 1564 1094 1616 oportebat.
1133 1563 1213 1602 Iam
1226 1577 1308 1603 non
1323 1568 1505 1616 apparet,

108 1658 204 1711 quid
219 1658 471 1710 magistratus
496 1657 628 1708 aliquo
650 1659 836 1708 tempore
856 1656 1055 1694 adducere
1077 1656 1221 1707 possit,
1258 1660 1302 1694 ut
1325 1670 1345 1695 a
1366 1670 1506 1697 norma

109 1750 323 1801 antiquitus
355 1752 396 1788 et
424 1749 643 1801 perspicue
667 1748 810 1787 tradita
836 1751 877 1786 et
906 1761 997 1786 cum
1025 1748 1148 1786 totius
1179 1748 1346 1787 civitatis
1378 1749 1506 1789 salute

110 1843 322 1882 coniuncta
337 1840 559 1890 recedant.v
645 1838 784 1890 Itaque
824 1851 906 1878 non
945 1852 1128 1878 caussam
1174 1841 1506 1892 corrumpendae,

111 1931 444 1985 quemadmodum
462 1931 676 1984 professus
697 1934 781 1979 est,
817 1931 891 1970 sed
909 1931 1066 1983 signum
1093 1934 1307 1982 corruptae
1337 1933 1505 1972 civitatis

110 2026 285 2078 scriptor
311 2024 506 2064 hocloco
524 2024 698 2072 tradidit,
733 2025 768 2063 si
795 2023 847 2063 de
878 2023 945 2062 tali
963 2036 1129 2062 numero
1154 2023 1352 2075 cogitavit.
1423 2025 1505 2064 Ac-

110 2117 218 2159 cedit
239 2116 348 2170 quod
367 2117 521 2155 initium
539 2116 729 2155 orationis
749 2115 957 2155 Musarum
974 2116 1083 2155 nullo
1105 2116 1226 2156 modo
1242 2114 1390 2156 Friesii
1413 2119 1504 2170 opi-

109 2211 272 2250 nionem
294 2208 474 2248 admittit.
545 2205 678 2248 Verba
715 2212 891 2248 extrema
910 2210 1065 2261 autem,
1104 2201 1158 2255 ἅς
1182 2201 1303 2250 ὅταν
1329 2201 1506 2269 α’γνοή-

111 2312 280 2347 σαντες
301 2321 360 2327 -
390 2297 554 2348 παῖδες
576 2296 794 2348 ἔσονται,
830 2313 932 2351 quae
962 2300 1174 2339 admittere
1202 2313 1291 2339 eam
1309 2301 1504 2351 videntur,

113 2404 350 2444 quamquam
376 2391 474 2430 illud
505 2383 641 2450 παροῖ
667 2383 838 2450 καιρόν
864 2392 1058 2444 temporis
1092 2392 1251 2443 potius,
1295 2406 1411 2443 quam
1432 2407 1505 2433 nu-

111 2485 212 2524 meri
234 2484 383 2536 cogniti
401 2484 697 2537 neglectionem
715 2486 856 2537 arguit,
891 2484 1001 2523 haud
1021 2483 1140 2522 dubie
1161 2496 1252 2522 cum
1272 2485 1384 2525 initio
1406 2500 1504 2527 con-

113 2577 266 2616 sentire
284 2575 459 2627 ideoque
481 2577 540 2616 sic
569 2576 735 2629 intelligi
763 2577 934 2625 debent,
968 2580 1012 2614 ut
1041 2575 1231 2615 custodes
1265 2577 1411 2617 adesse
1433 2579 1505 2617 ali-

116 2668 273 2720 quando
292 2671 450 2720 tempus
469 2668 630 2708 humani
653 2670 812 2721 generis
836 2668 1015 2721 periodis
1036 2670 1292 2718 conveniens,
1325 2683 1405 2722 quo
1431 2684 1502 2722 ge-

114 2761 341 2800 nerationes
379 2760 442 2800 vel
481 2761 688 2800 meliorem
714 2761 777 2800 vel
810 2760 1053 2800 deteriorem
1094 2761 1366 2802 conditionem
1397 2763 1501 2802 reci-

61 2896 65 2897 ?
115 2854 246 2906 piant,
280 2853 466 2905 ignorare
496 2853 686 2893 dicantur.
757 2852 893 2893 Minus
923 2853 1041 2894 etiam
1070 2853 1287 2906 probabilis
1322 2857 1384 2894 est
1412 2867 1500 2895 mo-
