1764 3176
413 169 740 213 CIVITAS
787 170 910 213 LIB.
949 170 1079 213 VIIII.
1110 176 1178 211 592

106 282 164 339 μὴ
202 282 303 326 θεία
335 297 400 332 τις
436 282 579 340 ξυμβῇ
618 280 739 339 τύχη.
768 337 771 340 Α

813 282 1047 327 Μανθάνω
1060 316 1070 336 ,
1112 282 1195 338 ἔφη
1209 295 1218 305 ’

1404 174 1488 214 189

1266 280 1313 325 ἓν
1340 276 1370 339 ᾗ
1399 285 1487 326 νῦν

107 351 346 407 διήλθομεν
384 352 618 403 οἰκίζοντες
655 351 776 395 πόλει
812 351 971 404 λέγεις,
1023 353 1079 407 τῇ
1121 351 1168 394 ἐν
1209 347 1356 404 λόγοις
1395 366 1486 393 κει-

105 419 233 475 μένῃ·

283 418 374 461 ἐπεὶ
412 422 492 474 γῆς
520 434 568 473 γε
601 416 798 474 οὐδαμοῦ
837 417 961 475 οἶμαι
1002 416 1141 473 αὐτὴν
1179 414 1304 460 εἶναι.

104 483 158 543 ἦν
191 485 232 530 δ’
265 486 376 542 ἐγώ,
418 486 464 529 ἐν
496 484 677 542 ου’ρανῷ
711 489 817 538 ἴσως
857 485 1133 541 παράδειγμα
1174 484 1397 529 ἀνάκειται
1427 490 1488 542 τῷ

104 556 356 612 βουλομένῳ
389 554 499 612 ὁρᾷν
529 556 601 598 καὶ
633 553 795 609 ὁρῶντι
825 554 983 598 ἑαυτὸν
1012 556 1284 607 κατοικίζειν.
1332 556 1488 610 διαφέ-

104 639 169 678 ρει
217 623 264 667 δὲ
316 622 470 675 οὐδὲν,
520 625 602 667 εἴτε
645 641 736 667 που
788 623 904 666 ἔστιν
956 625 1037 666 εἴτε
1089 622 1238 665 ἔσται·

102 691 260 748 ταύτης
298 690 434 748 μόνης
471 689 527 734 ἂν
555 690 777 747 πράξειεν,
819 689 949 748 ἄλλης
987 690 1033 735 δὲ
1073 689 1294 746 οὐδεμιᾶς.

102 759 165 816 γ’,
194 761 292 816 ἔφη·

149 895 187 932 ἐν
232 893 411 942 οὐρανῷ]
464 897 620 931 Clemens
666 897 762 930 Alex.

102 944 144 976 S
133 955 228 977 rom.
252 944 293 977 L.
313 943 392 978 1111.
417 943 549 988 9.,642
567 946 633 980 23:
661 942 763 997 ἴσμεν

103 987 142 1024 δὲ
174 988 238 1025 noel
268 986 469 1028 Πλατωνος
502 988 610 1024 πόλιν
641 985 762 1032 παρά-

102 1036 230 1079 δειγμα
247 1032 285 1069 ἓν
306 1031 455 1080 ου’ρανῷ
473 1034 652 1079 κειμένην.
686 1035 762 1068 Νο-

101 1087 207 1115 strum
227 1083 339 1116 locum
365 1085 399 1114 et
429 1081 528 1115 simul
553 1082 657 1115 vitun
683 1092 763 1114 coe-

100 1128 219 1162 lestem
244 1127 428 1161 animorum
461 1127 497 1160 in
521 1128 676 1161 Phaedm
701 1127 762 1160 de-

99 1174 262 1219 scriptam
312 1173 495 1218 respiciens
543 1173 684 1207 Pnoclus
726 1173 761 1206 in

99 1220 188 1254 Tim.
222 1232 256 1266 9
282 1221 363 1259 269,
386 1220 407 1254 7
439 1231 460 1252 a
487 1220 515 1252 f.·
538 1231 606 1262 την
634 1216 672 1253 ἐν
698 1215 760 1252 ου’-

101 1266 202 1312 ρανῷ
221 1265 465 1300 πολιτείανττ
454 1277 487 1308 ]ς
507 1265 629 1309 ψυχῆς
647 1265 761 1298 dicere

100 1312 255 1354 videtur3
288 1323 350 1345 nec
383 1310 518 1344 dubium
553 1311 653 1352 mihi,
677 1310 760 1355 quin

100 1358 165 1392 hoc
209 1358 322 1402 potius
354 1354 590 1400 παράδειγμα
615 1336 760 1400 intelligi

100 1403 245 1438 voluerit
275 1403 396 1444 Plato,
429 1414 529 1456 quan-1
557 1403 647 1448 quod
670 1403 760 1436 Bra-

99 1449 204 1485 nisius
226 1448 406 1489 intellexit,
430 1449 489 1494 qui
512 1448 548 1482 in
573 1450 698 1492 disput.
716 1450 760 1482 de

99 1507 239 1530 numero
272 1495 427 1529 Platonis
468 1507 501 1539 p.
534 1496 566 1530 9.
603 1495 761 1540 optimam

100 1541 249 1577 civitatis
271 1543 413 1575 formam
437 1541 481 1575 ad
510 1540 761 1574 similitudinem

101 1589 232 1622 ordinis
257 1588 426 1620 mundani
458 1587 649 1620 institutam
682 1599 763 1631 pro—

99 1635 243 1668 baturus
275 1633 339 1667 hoc
369 1633 443 1667 loco
478 1633 608 1673 utitur,
642 1644 762 1677 parum

100 1680 158 1713 vel
181 1680 268 1713 male
292 1690 416 1712 memor
440 1690 574 1720 eorum,
599 1690 686 1723 quae
719 1678 760 1712 L.

100 1726 176 1762 Vn.
209 1738 243 1770 p.
274 1727 352 1761 529.
383 1725 423 1758 e.
456 1744 502 1749 -
534 1725 613 1760 530.
645 1726 686 1758 c.
719 1724 763 1758 de

1293 622 1345 665 τά
1403 623 1487 678 γὰρ

1355 693 1489 744 Εἰκός

821 895 916 930 coelo
935 894 1040 929 oculis
1059 894 1294 941 conspiciendo
1313 895 1485 941 disputata

820 946 909 976 sunt.

865 999 940 1021 που
970 986 1090 1031 ἔστιν]
1128 987 1184 1020 Ita
1215 987 1316 1021 Vind.
1338 987 1380 1020 F.
1404 987 1480 1020 ποῦ’

820 1030 916 1067 ἔστιν
949 1034 1035 1067 Lob.
1074 1034 1166 1067 Mon.
1202 1033 1242 1067 B.
1276 1044 1350 1066 που
1386 1030 1484 1066 ἐστιν

820 1081 874 1113 vel
899 1091 972 1113 που
993 1077 1089 1113 ἐστιν
1106 1080 1161 1113 vel
1180 1077 1256 1113 πού
1282 1076 1380 1114 ἐστιν
1401 1079 1486 1113 editi

819 1131 899 1159 ante
923 1126 1126 1159 Bekkerum.

867 1171 959 1215 εἴτε]
987 1169 1061 1204 εἴτ’
1087 1171 1186 1205 Vind.
1210 1171 1254 1205 F.
1279 1170 1366 1215 Ang.
1391 1171 1433 1204 B.
1457 1166 1482 1214 ἢ

819 1218 904 1251 Lob.
929 1219 1008 1252 vat.
1033 1218 1113 1251 ΒΜ.

864 1261 927 1306 τὰ]
954 1259 996 1296 τὸ
1023 1264 1146 1296 Stallb.
1171 1274 1242 1297 sec.

864 1306 1063 1352 πράξειεν]
1098 1307 1162 1343 καὶ
1203 1320 1265 1352 πρ.
1298 1308 1398 1342 Vind.
1440 1308 1483 1342 Ε.

818 1353 969 1400 πράξειε
995 1355 1093 1388 Vind.
1117 1355 1160 1389 F.

849 1368 1057 1446 ρούδεμιᾶς]
1086 1398 1174 1435 ουδὲ
1204 1400 1292 1444 μιᾶς
1317 1400 1418 1434 vind.
1439 1400 1483 1434 Ε.

818 1448 915 1503 Flog.
939 1448 978 1482 V.

863 1506 886 1549 γ
894 1491 927 1537 ’]
953 1505 1018 1526 om.
1044 1492 1142 1526 Vind.
1168 1492 1208 1526 F.
1233 1492 1327 1526 Flor.
1350 1492 1394 1526 R.

867 1537 967 1595 ἔφη]
994 1536 1076 1594 ἔφη
1102 1537 1163 1571 καὶ
1186 1534 1261 1581 μήν
1280 1537 1331 1582 ἠν
1351 1535 1389 1572 δ’
1414 1535 1482 1582 ἐγώ

819 1583 938 1619 πολλα
957 1583 1045 1627 μέν.-
1071 1585 1170 1618 Vind.

914 1630 1027 1670 Τέλος
1051 1631 1120 1664 τοῦ
1146 1585 1362 1671 Πῖλιτειῶν,
1382 1629 1484 1683 (πολ.

912 1678 986 1711 Ald.
990 1673 1031 1720 )
1019 1690 1038 1720 η
1057 1675 1141 1720 περὶ
1160 1675 1306 1710 δικαίου
1327 1672 1484 1710 ἐννάτου

912 1721 1036 1767 λόγον.
1059 1723 1137 1758 Ald.
1160 1723 1242 1757 Bas.
1267 1723 1321 1756 ab.

1361 416 1490 468 Ἀλλ’,
1513 417 1550 458 Β
