1764 3176
267 120 350 160 164
726 113 1194 158 PLATONIS

265 227 316 271 τό
365 230 445 271 τοῦ
489 226 555 270 ἀεὶ
596 224 753 282 ὁμοίου
792 225 997 283 ἐχόμενον
1045 226 1120 270 καὶ
1165 221 1394 269 ἀθανάτου
1429 225 1503 269 καὶ
1539 221 1643 282 ἄλη-

265 297 390 346 θείας
436 295 511 339 καὶ
555 292 663 338 αύτό
711 298 920 339 τοιοῦτον
969 293 1022 338 ὃν
1062 294 1136 337 καὶ
1174 293 1222 336 ἐν
1259 289 1444 350 τοιούτῳ
1483 293 1709 350 ymmo-508

266 379 400 419 μενον
438 366 608 419 μᾶλλον
639 361 751 406 εἶναί
790 374 861 406 σοι
902 365 1046 415 δοκεῖ,
1084 361 1113 417 ἢ
1153 360 1201 403 τὸ
1241 359 1454 415 μηδέποτε
1484 358 1645 416 ὁμοίου

266 431 339 474 καὶ
369 433 539 487 θνητοῦ
570 431 642 474 καὶ
689 429 796 474 αὐτὸ
824 433 1001 474 τοιοῦτο
1032 445 1104 472 και
1134 427 1181 471 ἐν
1221 426 1408 484 τοιούτῳ
1438 427 1645 484 γιγνόμε-

266 514 366 548 νον,
402 497 547 550 Πολυ,
579 499 683 554 ἔφη,
728 498 927 554 διαφέρει
956 496 1003 540 τὸ
1036 500 1115 539 τοῦ
1147 494 1213 538 ἀεὶ
1252 495 1422 551 ὁμοίου.
1478 496 1537 539 H
1562 491 1645 540 οὐν

266 564 334 608 οἷεὶ
365 563 524 620 ὁμοίου
555 564 685 609 ου’σία
716 564 870 616 οὐσίας
899 582 940 607 τι
978 567 1171 619 μᾶλλον,
1208 563 1237 620 ἢ
1268 561 1500 619 ἐπιστήμης
1529 563 1645 618 μετέ-

265 649 350 689 χει,-
395 632 621 687 offlam-53.
685 635 735 676 Τί
770 632 835 684 δ’,
879 630 1109 687 ἀληθείας,
1158 631 1271 675 Οὐδὲ
1307 634 1451 674 τοῦτο.
1509 633 1568 673 Εἰ
1598 631 1645 677 δὲ,

204 708 242 749 D
269 699 477 757 ἀληθείας
505 695 656 756 ἧττον,
690 699 744 744 οὐ
773 702 845 744 καὶ
879 698 1057 749 obolas-3
1092 697 1285 755 Ἀνάγκη.
1336 697 1513 742 Οὐκοῦν
1533 699 1645 750 ὅλως

263 769 316 811 τὰ
343 769 442 823 περὶ
489 767 570 824 τήν
606 771 689 811 τοῦ
729 767 930 824 σώματος
968 770 1207 821 θεραπείαν
1246 766 1349 822 γένη
1385 771 1474 810 τῶν
1503 771 1645 823 γενῶν

266 832 321 880 αὖ
351 840 440 879 τῶν
471 837 569 890 περὶ
600 836 680 891 τήν
714 839 790 892 τῆς
828 839 969 891 ψυχῆς
998 837 1240 890 θεραπείαν
1279 830 1408 890 ἦττον
1439 833 1646 891 ἀληθείας

264 920 308 947 τε
337 904 411 947 καὶ
439 901 591 954 οὐσίας
621 905 803 959 μετέχεις
844 903 969 946 Πολύ
999 919 1060 958 γε.
1121 906 1260 956 Σῶμα
1291 902 1336 945 δὲ
1368 900 1474 946 αὐτὸ
1504 907 1646 960 ψυχῆς

266 971 348 1016 ούκ
378 973 462 1014 οἴει
497 971 661 1023 οὕτως,-
698 971 877 1027 ’Έγωγε
945 969 1124 1014 Οὐκοῦν
1167 969 1216 1013 τό
1247 974 1336 1013 τῶν
1374 974 1540 1025 μᾶλλον
1570 970 1646 1015 ὄν-

265 1056 353 1083 των
393 1038 702 1095 πληρούμενον
743 1040 816 1082 καὶ
857 1037 962 1082 αὐτό
1006 1042 1174 1094 μᾶλλον
1215 1035 1268 1080 ὂν
1311 1037 1447 1089 ὅντως
1476 1043 1646 1095 μᾶλλον

265 1111 533 1164 πληροῦται,
570 1106 599 1164 ἢ
629 1107 676 1150 τὸ
708 1111 797 1150 τῶν
833 1101 964 1163 ἧττον
995 1105 1136 1150 ὄντων
1166 1105 1236 1149 καὶ
1269 1106 1375 1149 αὐτὸ
1407 1102 1538 1163 ἦττον
1569 1107 1644 1160 ὄν,

269 1179 372 1227 Πῶς
400 1175 485 1231 γάρ
517 1174 593 1227 οὔ,
625 1176 681 1218 Ec
711 1173 797 1230 ἄρα
827 1174 875 1218 τό
908 1180 1187 1233 πληροῦσθαι
1214 1178 1303 1217 τῶν
1332 1174 1464 1231 φύσει
1483 1189 1647 1233 προση-

265 1328 354 1359 atur.
412 1324 459 1358 Et
490 1327 606 1369 posset
646 1324 762 1358 eadem
798 1324 929 1359 ratione

985 1337 1023 1358 se
1041 1328 1184 1366 constet,
1207 1325 1292 1358 fides
1317 1326 1471 1369 neganda
1492 1328 1555 1359 est.
1580 1326 1647 1359 Hic

266 1371 396 1412 teneri,
422 1371 451 1404 si
477 1383 538 1415 per
563 1370 696 1404 codices
719 1372 852 1404 liceret.
884 1391 931 1396 -—

987 1383 1066 1404 vero
1092 1372 1193 1404 facile
1223 1371 1424 1415 intelligitur
1457 1371 1647 1405 similitudi-

265 1418 305 1451 In
338 1417 490 1471 margine
520 1417 616 1450 Mon.
657 1418 695 1450 Β.
740 1413 863 1460 ω’σπερ
908 1413 927 1450 ὁ

265 1464 374 1502 θεῖος
418 1459 575 1506 πλήθων
612 1463 643 1496 h.
680 1463 702 1498 1.
743 1475 763 1497 a
798 1475 840 1496 m.
875 1474 928 1507 pr.

265 1509 428 1554 scriptum
452 1514 516 1542 est.

313 1574 423 1621 αὐτὸ]
453 1570 503 1610 αὖ
521 1574 564 1611 τὸ
583 1576 714 1611 Par.A.
727 1577 812 1611 Lob.
827 1577 927 1611 Vind.

266 1623 371 1657 BEF.
408 1624 493 1667 Ang.
525 1623 566 1655 Β.
602 1624 681 1657 Vat.
716 1624 800 1659 ΗΜ.
833 1624 929 1658 Flor.

267 1670 441 1704 ACRTV.
466 1670 571 1703 etiam
596 1669 667 1702 Fic.

314 1710 571 1805 Ξῖ]τ(ὁτι1ί>ύῖςιῗ]
583 1715 638 1793 ἐξ
648 1725 827 1795 τῗὸιιῃτὸῗ
842 1760 928 1794 Lob.

266 1808 346 1843 Vat.
372 1807 419 1842 M.
447 1806 534 1850 (τῶ)

313 1853 454 1895 μᾶλλον
483 1872 525 1877 -
557 1849 796 1931 ‘ssyvdpoevom
809 1853 821 1896 ]
863 1863 927 1886 om.

268 1899 347 1933 Vat.
372 1900 413 1932 Β.
438 1898 539 1934 Vind.

314 1966 438 2022 δοκεῖ]
466 1966 589 1999 δοκεῖν
613 1966 715 1999 Vind.
737 1966 779 1998 F.

315 2009 434 2056 αὐτὸ]
469 2011 515 2045 ms
550 2009 593 2046 τὸ
623 2013 701 2046 Par.
725 2011 831 2045 ΑΒΚ.
857 2023 926 2045 sec.

268 2059 342 2138 filii(
343 2058 589 2144 1(Βεζῃκέιὶύᾘῖ
588 2058 928 2158 ‚liinffralgceXatedIi-{i

270 2151 318 2184 αὐ
353 2148 396 2184 τὸ
432 2161 492 2194 pro
535 2147 654 2184 αὕτότ
694 2162 734 2183 ac
778 2149 928 2183 vicissim

270 2194 398 2230 αὐτῶν
423 2207 484 2240 pro
510 2195 557 2229 αὑ
581 2195 669 2237 τῶν,
688 2207 788 2229 versu
806 2196 928 2229 abhinc

269 2246 429 2276 octavost
407 2244 429 2260 ‘⁶
452 2243 574 2286 Steph.
599 2242 634 2275 in
658 2253 700 2274 m.

316 2310 487 2353 τοιοῦτο]
514 2310 569 2343 Ita
591 2310 670 2343 Par.
693 2311 734 2345 A.
758 2309 858 2343 Vind.
886 2310 926 2343 Β.

271 2356 352 2390 Vat
396 2356 439 2389 H.
475 2355 650 2389 τοιοῦτον
689 2351 732 2390 ὂν
769 2356 855 2401 Ang.
886 2357 925 2390 Β.

270 2401 444 2435 τοιοῦτον
468 2402 588 2446 reliqui
611 2414 684 2435 cum
701 2402 810 2435 editis.
849 2401 926 2441 Quo

272 2447 407 2492 saepius
431 2449 559 2481 formae
583 2448 751 2492 pleniores
774 2444 926 2490 ταύτὸν,

271 2494 464 2534 τοιοῦτον,
489 2493 689 2536 τοσοῦτον,
713 2494 928 2537 τηλικοῦτον

274 2543 352 2573 ante
375 2550 537 2572 consonas
562 2539 595 2572 in
619 2542 726 2573 locum
754 2539 928 2573 exiliorum

274 2585 480 2619 substitutae
494 2585 792 2619 substituendaeve
809 2597 930 2619 secun-

274 2631 352 2664 dum
377 2631 520 2675 optimos
542 2631 674 2664 codices
701 2637 791 2673 sunt,
811 2643 850 2665 eo
868 2631 930 2665 mi-

275 2688 337 2711 nus
369 2676 489 2710 iisdem
524 2676 716 2718 codicibus,
740 2678 770 2711 si
795 2678 929 2722 quando

274 2722 395 2757 exilius
412 2723 590 2767 praebent,
610 2734 675 2766 quo
694 2723 827 2767 quidem
847 2723 930 2756 scri-

274 2772 405 2815 ptorem
433 2767 565 2802 minime
586 2779 726 2813 prorsus
749 2769 933 2803 abstinuis-

986 1429 1029 1450 ne
1053 1419 1231 1450 verborum
1256 1418 1526 1451 antecedentium
1549 1417 1646 1451 indu-

987 1468 1060 1496 ctos
1085 1462 1242 1496 librarios
1266 1474 1287 1495 ν
1311 1463 1510 1497 adscivisse.

1034 1528 1071 1564 ἐν
1098 1528 1279 1576 τοιούτῳ]
1305 1527 1343 1564 ἐν
1368 1531 1436 1564 τῶι
1462 1543 1531 1565 τοι.
1556 1532 1644 1565 Lob.

986 1578 1064 1612 Vat.
1091 1578 1139 1610 Μ.
1165 1578 1255 1620 (τώ)

1032 1620 1266 1677 γιγνόμενον;
1277 1623 1287 1666 ]
1320 1620 1536 1665 γιγνόμενον
1554 1623 1645 1666 μᾶλ-

986 1670 1050 1702 λον
1071 1671 1185 1709 εἰναις
1210 1669 1289 1701 Bas.
1316 1669 1349 1701 b.

1031 1712 1134 1769 ε’φη]
1135 1713 1214 1770 ε’φυ
1242 1714 1337 1747 Vind.
1362 1714 1406 1748 E.

1031 1757 1093 1805 H]
1118 1756 1149 1816 ἢ
1169 1762 1254 1794 Lob-

1033 1806 1102 1840 οὖν
1127 1803 1205 1850 οἷεὶ]
1235 1799 1304 1839 οὐν
1331 1803 1380 1850 μὴ
1410 1802 1468 1840 ἇεὶ
1492 1807 1580 1861 Ang.
1603 1806 1644 1839 B.

985 1853 1080 1885 Flor.
1114 1853 1155 1886 R.
1200 1848 1239 1885 δε
1276 1852 1345 1885 τοῦ
1388 1850 1437 1895 μὴ
1473 1850 1516 1887 δέ
1553 1863 1646 1886 ποτε

986 1899 1079 1932 Mon.
1105 1899 1145 1931 B.
1172 1898 1287 1931 F.lor.
1320 1898 1408 1941 .(U
1419 1899 1456 1943 ἐ)

1032 1962 1070 2010 ἢ]
1097 1979 1161 2000 om.
1187 1967 1286 2001 Vind.
1315 1967 1359 2001 Ε.

1036 2013 1082 2046 Τί
1109 2009 1167 2054 δ’,
1194 2009 1407 2056 ἄληθείαςς]
1438 2012 1527 2044 Ante
1550 2011 1643 2045 Bel(—

985 2059 1102 2091 kerum
1126 2069 1252 2091 comma
1276 2059 1406 2091 deerat.
1453 2058 1505 2091 Eo
1533 2057 1644 2102 posito

985 2104 1131 2145 facilius,
1149 2115 1355 2158 quamquam
1379 2115 1421 2136 ne
1439 2103 1488 2136 sic
1507 2103 1644 2149 quidem

986 2150 1110 2193 facile,
1145 2146 1167 2192 ἢ
1202 2153 1280 2182 ante
1317 2146 1518 2192 ἀληθείας,
1554 2150 1644 2194 quod

985 2207 1103 2230 sensus
1136 2196 1312 2239 requirere
1334 2196 1491 2238 videtur,
1518 2196 1645 2230 subau-

986 2242 1049 2275 diri
1074 2247 1197 2286 potest.
1698 2257 1706 2260 ’

1033 2284 1071 2321 δὲ
1097 2284 1289 2331 ἀληθείας]
1315 2283 1354 2321 δ’
1375 2284 1430 2321 ἄλ.
1456 2287 1540 2321 Lob.
1565 2288 1643 2321 Vat.

1029 2373 1156 2434 ἧττον]
1183 2391 1230 2413 sc.
1255 2377 1394 2423 μετέχει
1418 2392 1464 2414 τι.

1032 2423 1097 2469 ου’]
1134 2438 1198 2459 om.
1240 2426 1339 2459 Vind.
1367 2426 1442 2459 EF.
1475 2425 1568 2459 Mon.
1600 2425 1641 2458 B.

985 2473 1070 2516 Aug.
1095 2472 1135 2504 B.

1031 2534 1081 2574 αὖ
1104 2540 1192 2583 τῶν]
1219 2536 1346 2574 αὕτῶν
1365 2540 1450 2575 Lob.
1474 2540 1574 2574 Vind.
1596 2540 1637 2574 F.
1667 2539 1707 2580 D

987 2586 1063 2620 Vat.
1088 2586 1134 2619 Μ.
1163 2586 1236 2619 Ald.
1262 2587 1341 2620 Bas.
1368 2587 1422 2620 ab.
1447 2588 1519 2620 Ast.
1546 2598 1598 2632 pr.

1030 2629 1181 2676 μετέχει]
1209 2644 1272 2664 οπι.
1298 2632 1382 2665 Lob.
1408 2633 1486 2667 vat.
1511 2633 1558 2666 M.

1031 2678 1167 2721 ψυχῆς]
1191 2678 1317 2721 τῆςψ·
1343 2679 1421 2712 Par.
1445 2679 1485 2711 A·
1509 2684 1552 2722 ψ·
1572 2671 1640 2721 ἧτ-

986 2735 1052 2757 τον
1077 2727 1161 2767 Ang.
1194 2724 1232 2756 B.
1281 2724 1454 2757 Articulus
1477 2724 1642 2768 genuinus

986 2769 1094 2804 videri
1118 2773 1240 2814 potest.
1265 2769 1321 2803 Cf.
1339 2770 1411 2804 Vol.
1427 2770 1452 2806 Ι.
1469 2782 1503 2814 p.
1514 2771 1595 2812 299,
1605 2770 1641 2803 b.
