1764 3176
364 168 694 212 CIVITAS
738 169 866 213 LIB.
905 170 1022 213 VHI.
1051 177 1119 212 555

50 279 172 337 οἶμαι
190 311 202 332 ,

49 347 359 403 ἐξωπλισμένοι
368 383 378 401 ,

1379 177 1436 216 49

271 275 394 324 οὗτοι
459 280 507 325 ἐν
563 285 616 339 τῇ
673 280 796 326 πόλει
853 281 1194 339 κεκεντρωμένοι
1258 300 1304 328 τε
1361 286 1436 329 καὶ

445 350 489 393 οἱ
531 349 612 405 μὲν
659 347 911 404 ὀφείλοντες
958 351 1082 406 χρέα,
1144 353 1189 394 οἱ
1237 351 1283 396 δὲ
1343 350 1433 395 ἅτι-

46 432 124 472 μοι
179 416 430 472 γεγονότες,
492 418 536 460 οἱ
585 417 631 461 δὲ
681 415 931 473 ἀμφότερα,
989 418 1221 474 μισοῦντές
1271 435 1315 463 τε
1360 421 1434 464 καὶ

46 482 405 540 ἐπιβουλεύοντες
456 489 548 536 τοῖς
591 485 880 542 κτησαμένοις
929 484 982 529 τὰ
1042 486 1189 530 αὐτῶν
1228 488 1302 531 καὶ
1341 493 1430 540 τοῖς

45 550 195 604 ἄλλοις
214 583 226 605 ,

301 556 597 608 νεωτερισμοῦ
654 552 848 608 ἐρῶντες.

1377 558 1493 602 ΟἱΕ

950 551 1072 597 ’Ἐστι
1137 557 1286 598 ταῦτα.

44 619 91 665 δὲ
135 619 189 678 δὴ
237 621 518 678 χρηματισταὶ
577 620 841 678 ἐγκύψαντες
889 618 992 666 οὐδὲ
1048 623 1283 674 δοκοῦντες
1328 623 1431 668 τού-

16 693 147 741 ’τους
206 687 319 747 ὁρᾷν
378 693 466 734 τῶν
523 693 689 733 λοιπῶν
747 689 825 734 τὸν
884 687 948 733 ἀεὶ
1004 687 1240 734 ὑπείκοντα
1295 691 1430 735 ἐνιέν-

41 762 111 809 τες
168 755 385 813 ἆργύριον
441 757 751 812 τιτρώσκοντες
815 757 889 801 καὶ
945 761 1028 802 τοῦ
1083 758 1249 812 πατρὸς
1307 759 1429 815 ἐκγό-

41 842 149 877 νους
203 825 363 878 τόκους
417 827 769 876 πολλαπλασίους
820 826 1100 881 κομιζόμενοι
1149 826 1292 871 πολύν
1347 828 1427 872 τὸν
1449 840 1518 875 556

41 897 220 951 κηφῆνα
264 895 337 939 καὶ
376 894 549 952 πτωχόν
607 894 838 950 ἐμποιοῦσι
885 898 940 952 τῇ
981 893 1114 938 πόλει.

1187 899 1288 948 Πῶς
1327 898 1429 953 γὰρ,

41 961 150 1020 ἔφη,
215 961 270 1008 ού
318 961 481 1014 πολύνς
545 962 656 1008 Οὔτε
702 961 745 1019 γ’
793 963 956 1020 ἐκείνῃ,
1014 956 1069 1019 ἦν
1120 963 1166 1007 δ’
1211 965 1319 1021 ἐγώ,
1379 967 1426 1011 τό

38 1113 194 1148 Eundem
235 1119 384 1158 statum,
431 1115 491 1149 sed
538 1116 704 1151 meditan-

38 1159 122 1193 tium
145 1160 320 1204 significat
339 1161 586 1206 Aristophanes
609 1163 703 1197 Nub.

39 1206 135 1240 192:
173 1206 211 1240 τί
249 1205 321 1250 γὰρ
363 1207 444 1241 οἵδε
475 1208 622 1250 -δρῶσιν
665 1207 703 1242 οὶ

38 1248 183 1295 σφόδρ’
222 1249 484 1297 ἐγκεκυφότες,-
519 1254 702 1293 irascentis

34 1296 124 1332 Rau.
149 1299 240 1333 803:
275 1297 406 1344 ἔβλεψε
437 1300 530 1344 γοῦν
563 1312 700 1344 ταυρη-

35 1341 106 1378 δὸν
130 1340 296 1388 ἐγκύψας
318 1343 434 1380 κάτω.
480 1346 534 1379 Ad
559 1347 700 1380 eandem

32 1388 249 1424 innocentiae
298 1391 545 1425 simulationem
589 1394 698 1436 perti-

31 1440 115 1468 nent
152 1437 331 1481 sequentia
375 1434 462 1472 ου’δὲ
499 1437 699 1478 δοκοῦντες

31 1478 192 1521 τούτους
212 1478 330 1528 ὁρᾷν,
374 1495 461 1529 quae
494 1496 555 1517 cur
578 1486 621 1518 ab
646 1485 698 1518 his

31 1534 300 1572 separarentur,
332 1541 454 1564 caussa
477 1542 544 1564 non
568 1536 622 1564 est
646 1531 697 1564 vi-

31 1584 80 1608 sa.
135 1574 262 1619 Itaque
305 1587 435 1609 comma
472 1581 551 1621 post
593 1573 695 1620 ἐγκύ-

29 1624 172 1698 ’ἕιῗντες
195 1632 270 1654 cum
288 1621 385 1655 Astio
407 1621 444 1655 in
463 1633 531 1655 sec.
554 1626 590 1656 et
610 1629 694 1657 tert.

55 1677 155 1699 eevi.

28 1710 297 1790 γδοκοῦντες]
345 1712 500 1747 δοκοῦσι
538 1715 617 1749 Vat.
651 1715 692 1749 B.

61 1769 115 1791 en.
140 1758 181 1791 B.

74 1800 255 1848 τούτους]
280 1800 430 1844 τούτοις
446 1805 532 1839 Lob.
547 1806 626 1842 Vat.
642 1807 690 1841 M.

74 1849 174 1894 τῶν]
209 1861 274 1884 om.
310 1849 412 1884 vind.
446 1851 488 1885 Ε.
533 1852 610 1886 τῶν
652 1850 691 1887 δὲ

29 1895 115 1930 Ven.
139 1896 181 1929 B.
208 1895 299 1930 Flor.
315 1896 360 1929 T.
386 1896 491 1940 (hunc
516 1898 604 1932 enim
629 1911 691 1933 ve-

25 1942 117 1983 rius,
149 1941 214 1975 nisi
244 1941 368 1983 fallor,
405 1942 440 1976 in
476 1955 544 1978 sec.
585 1946 690 1980 Stall-

25 1987 200 2029 mumius,
236 1999 338 2033 quam
368 1988 460 2022 Flor.
495 1990 538 2024 R.
567 1990 603 2024 in
636 2003 687 2036 pr.

5 2045 100 2068 *cum
133 2033 308 2077 Stephano
341 2036 530 2070 consentire
558 2036 689 2081 signifi—

26 2080 109 2124 cat)
139 2079 217 2112 Ald.
252 2081 333 2115 Bas.
366 2081 420 2116 ab.
454 2082 574 2127 Steph.
612 2085 688 2118 Ast.

26 2131 64 2159 et
86 2137 107 2159 a
129 2136 174 2160 m.
194 2136 221 2158 s.
248 2126 326 2161 vat.
350 2128 391 2161 B.
428 2128 464 2167 (a
489 2140 530 2161 m.
553 2140 606 2173 pr.
632 2130 688 2164 hic

26 2182 163 2216 quoque
186 2167 226 2205 δὲ
249 2172 386 2206 omittit.
431 2173 526 2208 Idem
549 2176 583 2208 in
607 2176 687 2211 Par.

25 2217 71 2251 K.
89 2217 132 2250 de
151 2227 219 2261 quo
237 2217 410 2262 Bipontini
427 2224 556 2263 tacent,
576 2222 687 2257 omitti

24 2262 205 2296 Bekkerus
228 2263 328 2297 testis
353 2265 433 2309 est.)

70 2317 160 2365 τὸν]
186 2331 252 2354 om.
273 2320 373 2356 Vind.
398 2322 439 2356 F.
457 2323 546 2368 Ang.
564 2325 603 2359 B.

70 2373 250 2422 ἐνιέντες]
298 2374 477 2420 ἐνιένταις
512 2381 606 2418 Mon.
642 2383 683 2418 B.

24 2434 47 2458 a
73 2435 117 2457 m.
143 2435 196 2469 pr.

69 2467 350 2514 τιτρώσκοντες]
387 2470 450 2506 καὶ
472 2485 504 2507 τ.
532 2474 616 2509 Ven.
639 2476 681 2510 B.

21 2515 97 2550 Ald.
131 2516 212 2550 Bas.
245 2517 299 2551 ab.
335 2517 454 2563 Steph.
490 2521 589 2561 „Vel
623 2534 683 2555 ex-

20 2562 203 2607 pungenda
240 2561 295 2596 vel
338 2562 373 2596 in
412 2576 508 2599 κατα
549 2572 683 2601 mutan-

21 2607 66 2641 da
97 2608 233 2642 videtur
261 2608 433 2653 particula
465 2611 529 2645 καί
539 2625 549 2646 .-
579 2625 681 2658 quum

22 2650 180 2693 ἐνιέντες
203 2654 247 2687 ad
279 2656 506 2691 accusativum
538 2670 681 2703 praece-

21 2699 157 2734 dentem
198 2696 402 2735 ’ὑπείκοντα
441 2704 563 2737 referri
607 2705 682 2749 (ita

20 2745 111 2780 haud
165 2745 268 2780 dubie
323 2748 533 2793 scripserat,
596 2763 682 2795 non,

20 2791 296 2847 quemadmodum
330 2794 449 2828 excudi
470 2807 591 2840 passus
616 2803 680 2841 est,

19 2837 196 2872 υπείκοντ
207 2849 222 2872 ε
233 2850 252 2878 ς
267 2839 376 2883 ferri)
388 2840 477 2874 nullo
494 2842 590 2876 modo
602 2854 680 2888 pos-

65 2894 272 2937 Pna'roms
304 2898 376 2938 ΟΡ.
412 2898 482 2939 III.

760 1114 819 1148 sit.
866 1114 912 1147 At
935 1114 963 1148 si
987 1113 1155 1157 legamus,
1186 1115 1261 1148 τῶν
1286 1112 1326 1150 δὲ
1351 1118 1425 1150 λοι-

759 1160 843 1194 πῶν
877 1157 946 1194 τὸν
979 1156 1038 1194 αἐὶ
1068 1157 1270 1195 ὑπείκοντα
1312 1159 1424 1196 ἐνιέν-

760 1218 818 1246 τες
861 1203 1061 1249 οέργύριον,
1110 1205 1424 1251 κατατιτρώσκον-

758 1264 818 1292 τες
852 1252 930 1295 [vel
954 1249 1243 1296 τιτρώσκοντες]
1266 1253 1330 1288 καὶ
1353 1255 1423 1289 τοῦ

757 1296 900 1341 πατρὸς
924 1304 990 1334 etc.
1024 1298 1090 1332 duo
1125 1300 1253 1333 fuerint
1283 1301 1424 1345 partici-

756 1345 814 1389 pia
860 1356 927 1378 non
972 1344 1177 1389 interposita
1234 1347 1423 1382 connexiva

756 1390 941 1434 particula:
976 1402 1044 1435 qua
1069 1391 1112 1424 de
1142 1403 1180 1425 re
1205 1391 1331 1426 dictum
1354 1394 1423 1427 fuit

753 1436 787 1469 in
817 1436 973 1480 proxime
1006 1437 1235 1481 praecedente
1278 1445 1420 1473 annota-

753 1483 857 1516 tione.
918 1483 1046 1516 Sensus
1081 1487 1194 1517 autem
1231 1484 1318 1524 erit,
1354 1483 1423 1519 τὸν

754 1525 813 1562 ἀεὶ
855 1525 1059 1562 ’ὑπείκοντα
1107 1528 1420 1572 κατατιτρώσκον-

751 1586 832 1616 τες,
870 1574 926 1608 vel
950 1572 1233 1618 τιτρώσκοντες,
1263 1575 1327 1611 διὰ
1350 1577 1420 1612 τοῦ

751 1617 890 1654 ἐνιέναι
921 1617 1112 1664 α’ργύριον.
1163 1623 1212 1656 ita
1245 1623 1332 1656 enim
1365 1635 1421 1657 re—

750 1666 948 1700 solvendum
979 1667 1059 1700 illud
1093 1680 1168 1701 esse
1201 1669 1418 1714 participium

751 1712 943 1746 arbitron‘-
971 1713 1092 1758 Steph.
1117 1717 1219 1759 p.26.
1246 1735 1286 1740 —
1315 1716 1418 1758 (dum

750 1759 842 1792 lucro
861 1760 1078 1803 incumbunt)
1108 1772 1229 1805 eosque
1255 1763 1415 1796 animad-

748 1810 882 1839 vertere
912 1817 980 1838 ποη
1008 1807 1194 1848 videntur,
1232 1813 1266 1842 et
1294 1820 1334 1841 ex
1361 1820 1415 1842 re-

749 1851 852 1895 liquis
886 1863 963 1885 eum
1005 1863 1164 1896 semper,
1217 1855 1277 1897 qui
1313 1855 1416 1896 cedit,

747 1899 898 1931 maxime
925 1898 1088 1932 subducto
1122 1905 1269 1944 argento
1293 1902 1414 1935 vulne-

747 1949 867 1977 rantes
884 1943 915 1976 F
916 1944 958 1977 ic.

793 1987 991 2033 ἐκγόνους]
1027 1987 1201 2034 ἐγγόνους
1226 1992 1323 2026 Vind.
1348 1993 1389 2026 F.

791 2035 1103 2081 πολλαπλασίους]
1128 2039 1413 2079 πολλαπλασίως

745 2082 831 2127 Aug.
857 2083 898 2115 B.
922 2082 1016 2116 Flor.
1041 2083 1084 2116 R.

791 2125 1041 2172 κομιζόμενοι]
1065 2126 1304 2172 κομιζόμενος
1317 2130 1410 2165 Mon.

744 2175 784 2207 B.
811 2186 832 2208 a
856 2186 898 2210 m.
921 2186 974 2219 pr.

789 2219 909 2255 πολὺν
928 2223 935 2262 Ι
961 2220 1164 2255 Plutarchus
1186 2232 1270 2254 mor.
1284 2223 1407 2265 p.818.
1431 2228 1501 2263 556

745 2265 796 2300 C:
829 2267 1064 2310 διαμαχεῖται
1098 2268 1182 2306 ταῖς
1214 2265 1409 2308 τοιαύταις

743 2309 978 2356 ἐπιθυμίαις,
1013 2312 1097 2352 οῖἀς
1130 2312 1167 2346 οἱ
1199 2312 1284 2357 περὶ
1315 2312 1409 2348 Κλέ-

743 2370 822 2392 ωνα
839 2357 1037 2404 βόσκοντες
1056 2357 1118 2392 καὶ
1147 2354 1324 2400 αὔξοντες
1340 2372 1408 2394 πο-

742 2402 831 2448 λὺν,
868 2401 921 2444 ὥς
946 2416 1058 2449 φησιν
1084 2401 1103 2439 ὁ
1131 2403 1311 2449 Πλάτων,
1345 2419 1408 2450 κη-

741 2451 846 2495 φῆνα
886 2452 931 2496 τῇ
969 2450 1075 2485 πόλει
1115 2450 1408 2495 κεκεντρωμένον

740 2495 974 2541 ἐνεποίησαν.
1019 2508 1120 2543 quem
1152 2497 1260 2532 locum
1287 2499 1406 2534 Astius

739 2544 783 2577 ad
807 2556 841 2589 p.
865 2546 946 2579 552.
972 2543 1011 2576 C.
1046 2542 1265 2586 significavit.

784 2598 953 2644 πολύν;]
979 2597 1110 2634 πολύν.
1134 2600 1222 2635 Lob.
1248 2601 1402 2636 Vind.E.

736 2652 771 2681 et
794 2647 900 2681 editio
924 2646 1083 2680 Bekkeri.

788 2700 887 2739 Οὔτε
924 2701 982 2748 γ’]
1025 2704 1079 2738 Ita
1112 2704 1191 2738 Par.
1225 2707 1266 2738 A.
1302 2705 1403 2739 Vind.

738 2751 813 2785 BE.
853 2750 946 2784 Flor.
980 2750 1086 2784 ACV.
1133 2750 1206 2785 Fic.
1255 2751 1404 2796 (Neque

736 2799 855 2830 volunt
891 2796 981 2840 etc.)
1015 2794 1078 2830 καὶ
1109 2792 1196 2831 οὔτε
1235 2797 1332 2830 vind.
1358 2797 1401 2831 F.

736 2845 824 2887 Aug.
850 2843 889 2876 B.
928 2842 1019 2877 Flor.
1045 2842 1123 2878 RT.
1158 2842 1221 2876 καὶ
1250 2839 1336 2876 οὔτε
1368 2841 1400 2886 γ’

1136 2901 1175 2941 D
