1764 3176
256 95 330 122 LVI
693 77 1224 122 PRAEFATIO

252 194 484 238 Porphyrius,
514 193 798 238 Philosophorum
820 206 903 231 suae
927 197 1053 231 aetatis
1079 198 1297 237 clarissimus,
1328 207 1402 231 cum
1423 196 1504 231 illud
1525 197 1646 232 Plato-

252 253 304 284 nis
333 262 375 285 ex
402 251 546 284 Timaeo
578 252 884 296 interpretaretur,
925 256 1004 291 τοῖς
1032 249 1098 295 μὲν
1126 247 1340 296 Ἀθηναίοις
1386 249 1646 297 ἐννακισχίλια,

252 309 372 341 scribit
399 318 512 340 rerum
551 308 700 342 omnium
728 311 941 352 publicarum
975 315 1107 351 status,
1149 321 1190 343 ac
1215 310 1419 344 daemonum
1446 311 1571 352 vitam,
1602 311 1646 344 ad

252 374 418 398 summum
439 364 528 397 1000
549 364 692 398 definiri.
750 366 957 400 Plutarchus
993 368 1026 400 in
1063 368 1148 401 libro
1177 364 1262 408 mei
1280 364 1346 409 τῆς
1370 362 1409 399 ἐν
1427 366 1478 412 τῷ
1503 365 1648 413 Τιμαίῳ

252 418 483 462 ψυχογονίας
509 421 641 464 longius
661 423 823 465 progredi
848 428 946 466 putat
962 423 1166 457 daemonum
1189 424 1292 456 vitam
1309 436 1317 456 :
1349 423 1410 456 sed
1429 427 1551 457 neuter
1568 434 1648 467 per-

251 476 362 510 fectos
379 487 540 510 numeros
572 480 786 520 conquisivit.
845 480 947 516 Quod
979 481 1006 512 si
1026 480 1130 513 Plato
1162 480 1195 513 in
1214 484 1311 513 tanta
1335 479 1565 522 perfectorum
1584 490 1648 513 nu-

251 543 425 566 merorum
457 534 651 577 paucitate,
692 537 747 578 qni
777 536 880 569 rebus
909 536 1068 569 divinitus
1098 537 1182 569 ortis
1218 537 1439 578 conveniret,
1477 537 1650 579 explicare

249 600 318 623 non
339 590 463 633 potuit,
495 591 615 632 quibus
632 593 770 625 tandem
791 593 940 626 numeris
961 603 1073 626 rerum
1101 592 1324 626 humanarum
1347 597 1479 626 tantam
1500 594 1651 626 varieta-

249 647 318 679 tem
342 646 547 690 expediret?
577 652 637 680 aut
662 649 691 681 si
712 658 888 682 numerum
914 650 1007 682 illum
1025 641 1159 691 scisset,
1191 660 1251 683 cur
1272 650 1292 682 a
1313 650 1417 682 musis
1438 653 1651 692 precaretur,

250 713 292 735 ac
309 707 388 736 vota
410 702 560 744 faceret,
592 708 631 737 ut
661 716 837 739 numerum
871 706 962 739 illum
995 706 1214 739 indicarent?
1257 707 1474 749 Quamquam
1508 716 1652 740 necesse

251 763 328 803 est,
359 770 402 793 ex
421 760 532 793 verbis
549 760 707 795 Platonis
728 773 795 795 non
815 772 918 795 unum
940 763 1086 805 aliquem
1115 772 1291 795 numerum
1305 786 1315 803 ,
1346 763 1406 796 sed
1426 773 1550 806 corpus
1567 772 1652 805 geo-

250 815 429 848 metricum
454 817 645 859 exprimere
666 819 827 860 voluisse,
856 819 889 852 in
912 819 1007 852 cuius
1025 819 1187 852 lateribus
1210 830 1253 852 ac
1269 819 1522 853 dimetientibus
1542 819 1652 853 omnis

250 868 304 916 (in
330 872 416 905 libro
448 883 628 916 perperam
657 875 785 908 editum
814 879 866 908 est
894 873 1013 920 annis)
1032 876 1087 908 illa
1112 885 1329 909 numerorum
1351 876 1520 917 varietas,
1551 885 1654 918 quam

251 927 317 961 hac
338 929 464 961 tabella
484 930 651 972 complexi
686 942 821 973 sumuS,
853 932 1088 965 contineatur:
1120 930 1301 974 (tabellam
1336 932 1533 975 omisimus,
1564 942 1654 974 quo-

251 985 342 1018 niam
369 996 388 1017 a
413 984 664 1028 diagrammate
694 988 818 1029 Fabri,
847 988 938 1030 quod
969 987 1057 1021 infra
1089 988 1297 1031 descriptum
1323 993 1394 1030 est,
1425 999 1492 1022 non
1524 988 1651 1029 differt,

250 1041 315 1075 nisi
338 1051 393 1082 eo,
424 1042 515 1084 quod
535 1053 695 1077 numeros
716 1044 888 1087 perfectos
905 1045 1091 1078 secundum
1111 1045 1237 1078 Bodini
1257 1045 1576 1088 interpretationem
1596 1055 1653 1078 re-

251 1098 314 1131 bus
335 1097 455 1131 divinis
476 1101 634 1142 proprios
651 1101 694 1133 ab
711 1099 936 1144 humanisque
955 1101 1187 1135 excludendos
1208 1113 1276 1135 non
1299 1099 1436 1147 haben)
1470 1102 1547 1144 quia
1567 1112 1655 1144 geo-

251 1154 395 1188 metrica
422 1156 554 1189 ratione
584 1166 763 1190 numerum
793 1158 934 1191 conflari
964 1159 1102 1199 scribit,
1147 1169 1212 1191 nec
1247 1159 1400 1191 rationes
1430 1158 1557 1191 surdae
1584 1158 1654 1192 sive

251 1211 442 1244 ineffabiles
475 1213 564 1245 ullae
591 1214 626 1246 in
643 1215 793 1247 numeris
823 1215 1090 1257 comperiuntur.
1149 1215 1282 1257 Corpus
1301 1219 1416 1248 tamen
1437 1215 1520 1248 illud
1541 1214 1656 1258 perfe-

252 1271 344 1300 ctum
366 1278 442 1301 esse
461 1280 529 1302 non
554 1274 682 1313 potest,
714 1281 791 1304 cum
818 1282 879 1304 sex
901 1272 1039 1304 omnino
1061 1270 1216 1314 perfecta
1233 1271 1313 1312 sint,
1343 1282 1408 1305 nec
1428 1272 1527 1314 plura
1549 1281 1656 1304 exco-

251 1324 355 1367 gitari
374 1325 506 1367 possint
525 1336 673 1369 corpora
695 1328 729 1360 in
748 1332 821 1361 tota
841 1339 954 1362 rerum
974 1332 1118 1369 natura,
1147 1328 1279 1361 scilicet
1305 1328 1448 1371 globus,
1484 1327 1656 1370 Pyramis,

252 1381 382 1422 cubuS‚
411 1382 635 1424 octaedrum‚
664 1383 942 1427 dodecaedrum,
975 1385 1203 1418 icosaedrum.
1261 1381 1307 1417 At
1329 1395 1406 1418 cum
1424 1384 1526 1418 Plato
1545 1386 1658 1418 altera

252 1437 442 1480 longiorem
465 1439 583 1481 quaeri
602 1440 709 1482 iubet,
738 1442 822 1475 satis
845 1442 975 1475 indicat
993 1452 1170 1475 numerum
1201 1441 1293 1473 illum
1319 1440 1479 1483 perfectis
1500 1441 1658 1484 corpori-

256 1494 340 1535 bus,
371 1505 460 1537 quae
490 1506 735 1540 usquequaque
761 1499 952 1541 aequabilia
978 1498 1099 1540 suique
1131 1508 1231 1540 quam
1249 1498 1417 1530 simillima
1441 1501 1540 1539 sunt,
1571 1508 1656 1531 con-

255 1561 381 1593 gruere
408 1561 477 1585 non
507 1563 619 1595 posse.
679 1553 758 1588 Non
788 1560 840 1588 est
868 1555 973 1588 etiam
1003 1554 1350 1598 parallelepipedum‚
1380 1554 1476 1587 cuius
1503 1554 1656 1588 definitio

256 1611 426 1650 repugnat
455 1609 561 1642 cubo:
593 1610 799 1644 centesimus
830 1616 944 1645 autem
976 1612 1081 1644 cubus
1102 1612 1122 1644 a
1140 1611 1287 1644 Platone
1320 1611 1522 1653 proponitur
1548 1611 1583 1644 in
1615 1621 1658 1644 eo

257 1674 405 1706 corpore
437 1665 567 1699 solido:
598 1677 661 1700 nec
692 1667 890 1711 cylindrus,
932 1668 1028 1701 cuius
1062 1671 1216 1701 extrema
1247 1670 1327 1700 sunt
1357 1667 1560 1708 circularia3
1592 1677 1659 1701 nec

254 1719 337 1753 item
365 1720 516 1763 prisma,
549 1732 626 1756 cum
668 1728 824 1757 extrema
851 1724 1024 1767 prismatis
1055 1725 1163 1757 latera
1192 1724 1260 1757 sint
1300 1724 1477 1766 aequalia,
1518 1728 1658 1766 tresque

254 1777 450 1820 pyramides
478 1788 614 1821 semper
640 1781 904 1823 complectatur:
936 1784 972 1813 at
1001 1780 1035 1813 in
1066 1790 1211 1822 corpore
1241 1781 1454 1821 geometrico
1488 1780 1658 1821 Platonis,

255 1833 379 1876 partim
400 1834 592 1877 inaequalia
611 1840 691 1868 sunt
711 1836 800 1870 inter
819 1847 858 1870 se
885 1838 1012 1877 latera,
1044 1837 1168 1879 partim
1187 1837 1355 1878 aequalia.
1413 1836 1515 1871 Quod
1535 1837 1564 1870 si
1583 1837 1658 1879 quis

254 1892 354 1932 putet
375 1899 499 1933 corpus
520 1891 664 1925 solidum
684 1903 759 1926 esse
775 1893 809 1926 in
829 1894 925 1926 cuius
941 1894 1102 1926 extremis
1121 1893 1191 1925 sint
1209 1891 1392 1935 orthogoni
1407 1893 1536 1926 scaleni
1555 1890 1660 1937 (scri-

257 1946 339 1979 bere
370 1946 518 1980 debebat
538 1948 735 1993 orthogona
764 1949 921 1994 scalena)
939 1950 1158 1993 sesquitertia
1180 1949 1316 1983 ratione
1336 1949 1493 1992 quinario
1515 1950 1661 1984 coniun-

259 2006 317 2036 cta
339 2000 429 2037 hunc
447 2004 480 2037 in
502 2004 661 2039 modum:

722 2106 1257 2271 Q

681 2174 713 2213 4

803 2276 829 2312 ὃ

258 2353 425 2386 nusquam
450 2347 564 2379 tamen
584 2345 832 2380 dimetieutium
859 2344 1272 2389 incommensurabilium‚
1308 2357 1375 2380 nec
1402 2357 1521 2382 eorum
1539 2357 1660 2381 nume-

258 2410 375 2434 rorum
393 2400 449 2442 qui
471 2400 526 2435 hic
545 2404 565 2436 a
582 2403 729 2437 Platone
747 2405 994 2445 proponuntur,
1014 2401 1081 2434 ulla
1103 2402 1232 2436 mentio
1250 2403 1418 2438 exstabit:
1448 2415 1514 2438 nec
1534 2404 1563 2438 si
1581 2413 1660 2438 cor-

259 2467 324 2501 pus
341 2457 423 2490 illud
445 2457 671 2502 duplicaveris
690 2459 757 2494 hoc
777 2457 901 2492 modo:

731 2552 767 2590 4
