1764 3176
415 170 754 215 CIVITAS
799 170 921 213 LIB.
951 170 1064 213 VIII.
1092 175 1160 211 559

1421 173 1478 213 67

91 284 200 336 u6v5
236 281 364 328 Ἀλλά
403 284 445 326 τί
473 281 584 340 μήνς
628 280 773 326 Πάλιν
801 282 980 333 τοίνυν,
1021 275 1078 338 ἦν
1117 279 1161 324 δ’
1194 280 1301 337 ἐγώ,
1342 279 1475 336 λέγω-

83 367 196 410 μεν,
225 349 285 403 ὥς
313 352 357 405 ἐξ
389 349 672 408 ὀλιγαρχικοῦ
710 348 1028 407 δημοκρατικὸς
1055 349 1261 404 γίγνεται.

88 435 161 464 ται
199 419 359 476 δέμοι
400 417 454 463 τά
481 436 530 476 γε
568 418 709 463 πολλοὶ
748 413 832 462 ὦδε
867 419 1108 474 γίγνεσθαι.

1322 350 1475 405 φαίνε-

1169 420 1275 468 Πῶς
1285 435 1298 468 ‚·
1335 415 1474 460 “va

88 487 189 538 νέος
216 488 542 544 τεθραμμένος,
582 487 641 539 ὦς
669 490 754 531 νῦν
781 485 834 543 δή
865 485 1092 541 ἐλέγομεν,
1129 482 1402 535 ἀπαιδεύτως
1430 500 1475 529 τε

88 555 165 599 καὶ
194 557 420 611 φειδωλῶς
455 554 664 612 γεύσηται
700 551 916 611 κηφήνων
951 553 1127 609 μέλιτος
1162 554 1236 596 καὶ
1274 553 1474 609 ξυγγένη-

89 639 160 666 ται
196 624 358 668 αἴθωσι
396 624 533 682 θηρσὶ
571 624 645 667 καὶ
685 625 866 673 δεινοῖς,
903 619 1188 672 παντοδαπὰς
1211 619 1374 678 ἡδονὰς
1404 621 1477 664 καὶ

89 693 294 744 ποικίλας
329 692 404 736 καὶ
446 693 666 742 παντοίως
703 688 887 746 ἐχούσας
933 689 1195 745 δυναμένοις
1239 687 1474 742 σκευάζειν,

88 758 286 804 ἐνταῦθα
314 777 403 805 που
433 762 534 804 οἴου
564 758 676 804 εἶναι
707 757 847 815 ἀρχήν
875 755 994 817 αὐτῷ
1023 760 1262 815 μεταβολῆς
1292 755 1470 838 ὀλιγαρ-
1502 752 1535 793 Ε

89 832 212 911 χικῆς
240 832 315 886 τῆς
352 828 400 873 έν
438 828 580 888 ἑαυτῷ
615 829 676 880 εἰς
714 825 1051 884 δημοκρατικήν.
1110 823 1259 881 Πολλὴ
1289 821 1473 880 ανάγκη,

90 896 187 953 ἔφη
237 891 332 953 Ἆρ’
372 891 456 941 οὗν
497 896 641 952 ω’σπερ
682 895 708 953 ἡ
748 893 875 946 πόλις
912 892 1141 950 μετέβαλλε
1187 890 1474 949 βοηθησάσης

90 1046 182 1080 tibus
216 1047 453 1092 obsequentem
485 1048 681 1082 dicebamus
712 1048 754 1081 il-

91 1093 184 1133 lum,
217 1105 316 1137 quem
335 1095 435 1128 modo
453 1097 577 1137 sucum
595 1095 755 1128 nomina-

93 1139 233 1180 bamus,
275 1141 476 1174 necessariis
510 1152 612 1184 vero,
655 1151 755 1185 quem

88 1196 235 1229 parcum
257 1190 291 1219 et
308 1187 584 1236 augur-chinum?

138 1239 319 1285 λέγωμενξ]
351 1240 500 1287 λέγομεν
544 1242 646 1276 Vind.
680 1243 752 1276 BF.

90 1288 179 1331 Ang.
213 1288 253 1321 B.
292 1288 368 1322 Vat.
404 1289 449 1323 H.
491 1289 583 1323 Flor.
616 1287 753 1323 ACRV.

90 1333 236 1367 dicimus
263 1333 336 1369 Fic.

138 1376 212 1424 ως]
237 1377 347 1415 πάλιν
371 1393 423 1421 ως
445 1380 546 1414 Vind.
570 1381 611 1416 F.

137 1433 175 1478 ἐξ
211 1434 469 1483 ὀλιγαρχικοῦ]
523 1436 616 1482 εξόλ.
667 1439 751 1474 Lob.

30 1522 34 1525 ί
89 1478 182 1526 ἔξολ.
206 1483 308 1520 Vind.
334 1485 375 1522 F.

88 1529 295 1609 Αὸνίιγῧεται
315 1530 411 1612 ]Ald
413 1530 554 1576 γίνεται
626 1532 643 1575 (
657 1532 750 1566 Flor.

89 1577 272 1666 γίγνετοΧι
275 1576 290 1620 )
306 1623 407 1658 Vind.
432 1578 532 1658 Ειῗὸδ
567 1589 598 1612 a
633 1578 753 1624 StePh.

90 1677 203 1759 Βδέ]
228 1691 295 1715 om.
318 1680 418 1716 Vind.
433 1680 474 1714 F.
499 1682 578 1717 Vat.
590 1681 637 1716 M.
660 1682 752 1715 Flor.

91 1750 183 1851 [Αἶά
204 1771 283 1851 ἦγε]
314 1769 362 1805 τὰ
396 1769 436 1806 δὲ
470 1772 550 1806 vat.
583 1771 631 1807 M.
664 1769 754 1806 τάδε

123 1829 198 1907 0ϊέ]
224 1820 289 1896 οἳ.
298 1815 543 1897 {alf-&KVissd
571 1819 615 1852 Ε

135 1907 339 1953 κηφήνων]
363 1906 532 1954 κιφήνων
555 1909 656 1943 Vind.
686 1909 730 1946 F.

136 1964 376 2010 ξυγγένηται]
429 1976 527 2010 συγγ.
573 1966 666 2001 Μοη.
711 1968 752 2001 Β.

89 2013 168 2047 Par.
193 2013 269 2047 DK.
294 2012 387 2046 Flor.
413 2012 457 2046 U.
482 2011 560 2047 Ald.
583 2014 666 2047 Bas.
697 2015 752 2047 ab.

90 2059 152 2093 Ste
178 2059 210 2092 h.

137 2070 297 2148 αῐίθωσι]
345 2102 510 2139 αἰσθῶσι
562 2105 661 2139 Vind.
712 2106 751 2139 F.

90 2150 224 2185 αἴθοσι
257 2150 343 2185 Lob.
384 2150 476 2184 Mon.
505 2150 544 2186 Β.
591 2153 670 2187 vat.
710 2153 751 2186 B.

90 2198 176 2231 Ven.
211 2197 252 2230 Β.
301 2196 380 2231 Par.
414 2197 489 2231 ΒΚ.
529 2208 598 2231 sec.
640 2198 751 2233 Bekk.

89 2244 178 2286 Ang.
204 2243 242 2277 Β
277 2241 368 2277 Flor.
394 2243 536 2276 RTUV.
578 2243 635 2277 hic
675 2255 750 2289 sup.

91 2288 243 2331 αἶθοψι.

137 2335 295 2378 δεινοῖς]
343 2332 569 2379 πανούργοις
616 2335 752 2375 δεινοῖς

89 2381 177 2425 Ang
201 2381 241 2414 B.
275 2384 331 2421 et,
363 2380 478 2426 priore
500 2381 536 2414 in
560 2393 602 2415 m.
628 2381 751 2427 posito,

90 2393 184 2461 Flogr.
209 2427 250 2462 R.
275 2427 596 2473 vehementibusque
621 2433 655 2463 et
680 2429 752 2462 cal-

90 2474 172 2508 lidis
195 2472 268 2506 Fic.

136 2517 340 2563 παντοίως]
372 2519 555 2560 παντοίας
588 2520 668 2554 Par.
706 2520 748 2554 Κ.

90 2576 158 2599 sec.
184 2565 294 2598 Bekk.

138 2607 379 2654 δυναμένοις]
424 2609 633 2655 δυναμένας
664 2612 750 2646 Lob.

91 2657 193 2690 Vind.
218 2657 258 2690 Β
284 2658 365 2691 Vat.
384 2656 435 2692 M.

135 2714 209 2737 που
241 2702 346 2746 οἴου]
389 2703 548 2737 πουσίου
590 2705 674 2738 Ven.
709 2704 751 2738 C.

89 2748 267 2783 πλουσίου
309 2749 394 2782 Lob.
434 2750 514 2784 Vat.
550 2750 631 2783 ΒΜ.
676 2761 750 2783 που

90 2794 163 2829 οἴει
189 2795 281 2829 Mon.
306 2795 344 2828 B.
374 2795 454 2830 Par.
478 2796 522 2830 K.
546 2807 614 2830 sec.
639 2796 748 2829 Bekk.

91 2840 183 2877 Flor.
208 2842 250 2876 U.
276 2841 351 2875 Ald.
377 2841 455 2875 Bas.
474 2843 527 2875 ab.

858 1041 1088 1087 ὀλιγαρχικῆς
1133 1042 1200 1087 τῆς
1246 1039 1285 1075 ἐν
1329 1037 1472 1097 ἑαυτῷ]
1502 1030 1535 1071 Ε

810 1102 851 1125 ex
877 1101 1065 1134 paucorum
1084 1089 1241 1133 potentia
1265 1099 1355 1132 quae
1380 1088 1415 1121 in
1438 1099 1475 1121 co

811 1141 861 1171 cst
892 1136 960 1169 Fic.
994 1135 1036 1168 ad
1081 1145 1215 1168 sensmn
1253 1138 1372 1175 recte3
1415 1133 1475 1166 sed

811 1181 1097 1215 constructionem
1122 1185 1242 1214 tenere
1265 1191 1332 1213 non
1350 1178 1474 1235 potuit.

810 1228 1025 1283 Quamquam
1068 1226 1154 1260 enim
1188 1226 1295 1259 verba
1335 1225 1404 1280 τῆς
1436 1222 1475 1259 ἐν

811 1271 932 1319 ἑαυτῷ
959 1278 994 1306 et
1018 1272 1070 1312 εἰς
1094 1269 1391 1316 δημοκρατικήν,
1409 1283 1475 1316 quo

812 1308 920 1353 minus
946 1315 1179 1363 ὀλιγαρχικῆς
1211 1324 1382 1363 tamquam
1413 1318 1475 1351 ad-

809 1365 971 1399 iectivum
1003 1377 1078 1399 curn
1101 1364 1310 1409 μεταβολῆς
1338 1363 1476 1397 coniun-

810 1422 948 1456 gamus,
980 1411 1118 1445 obstare
1153 1415 1188 1444 et
1218 1407 1478 1449 καταστάσεως

808 1457 864 1491 vel
894 1457 1082 1496 πολιτείας
1114 1456 1347 1510 supplendum
1369 1455 1476 1500 signi-

809 1503 917 1537 ficare
948 1503 1128 1545 videntur,
1168 1507 1281 1536 tamen
1324 1512 1475 1557 αρχεται

809 1547 1052 1605 μεταβαλλειν
1084 1546 1319 1603 ὄλιγαρχικὴν
1341 1560 1411 1592 την
1436 1544 1474 1581 ἐν

810 1593 932 1642 εαντῷ
969 1595 1020 1634 εἰς
1060 1591 1353 1638 δημοκρατικήν,
1386 1605 1475 1638 quae

810 1630 915 1675 dictio
932 1642 1064 1686 pariter
1088 1645 1186 1674 recta
1208 1642 1310 1682 foret,
1334 1639 1362 1673 si
1383 1639 1476 1673 eius-

809 1687 900 1721 modi
924 1687 1051 1731 ellipsis
1076 1686 1183 1720 locum
1217 1687 1378 1727 haberet,
1418 1686 1474 1719 vix

810 1732 992 1788 quisquam
1006 1731 1216 1788 probaverit.
1220 1732 1353 1787 Itaque
1373 1743 1475 1785 quum

812 1776 997 1823 μεταβολὴ
1026 1775 1234 1832 ὀλιγαρχικὴ
1273 1777 1340 1811 dici
1365 1777 1476 1822 possit

812 1836 876 1866 ea,
910 1836 997 1869 quae
1022 1825 1063 1857 ad
1090 1820 1303 1868 ὀλιγαρχίαν
1326 1823 1476 1868 pertinet

811 1881 953 1915 eamque
976 1870 1105 1911 afficit,
1132 1875 1168 1904 et
1190 1871 1277 1904 idem
1298 1869 1355 1911 sit,
1383 1869 1474 1915 quod

808 1914 992 1961 μεταβολὴ
1031 1913 1260 1960 ὀλιγαρχίας,
1295 1895 1473 1959 ὀλίγαρχι-

808 1963 877 2007 κῆς
924 1963 1089 1997 adiectivi
1141 1964 1214 1996 loco
1269 1962 1473 2004 habendum,

808 2010 915 2043 verba
949 2009 1017 2053 τῆς
1059 2006 1098 2042 ἐν
1132 2006 1254 2054 εαυτῷ
1287 2008 1330 2042 ad
1364 2007 1472 2053 ipsam

811 2051 1024 2099 ὀλιγαρχίαν
1050 2055 1085 2089 in
1117 2042 1288 2089 adiect'ivo
1311 2054 1472 2088 latentem

808 2102 1000 2143 referenda,
1025 2101 1172 2146 denique
1197 2097 1474 2144 δημοκρατικὴν

809 2127 1025 2181 attractionis
1065 2158 1190 2192 genere
1224 2146 1368 2191 quodam
1411 2157 1473 2191 pro

809 2193 1062 2238 δημοκρατίαν
1104 2192 1335 2237 accipiendum
1379 2196 1473 2247 puto.

809 2240 968 2274 Ceterum
989 2251 1051 2285 pro
1077 2237 1199 2285 ἑαυτῷ
1226 2239 1308 2271 Ven.
1334 2238 1374 2272 B.
1405 2235 1473 2272 αὖ·

807 2286 859 2319 τῶ
885 2287 1035 2320 exhibet.
1082 2273 1294 2319 Reflexivum
1331 2290 1474 2329 propter

808 2333 1014 2366 antecedens
1048 2329 1150 2378 αὐτῷ
1176 2330 1261 2365 ferri
1293 2342 1392 2375 posse
1419 2330 1472 2364 vi-

808 2378 909 2412 detur
952 2390 1018 2412 non
1061 2388 1159 2411 secus
1204 2388 1245 2410 ac
1283 2376 1315 2409 si
1347 2376 1471 2410 dictum

808 2429 916 2458 esset
937 2421 1129 2480 μεταβολὴ
1166 2422 1326 2466 γίγνεται
1367 2419 1471 2468 αὐτῷ

808 2471 875 2515 τῆς
898 2467 937 2504 ἐν
963 2468 1083 2515 εαυτῷ
1110 2466 1336 2525 ὀλιγαρχίας
1378 2457 1471 2502 Con(-

808 2518 901 2551 feras
923 2517 1010 2550 infra
1034 2517 1076 2550 de
1098 2515 1214 2549 ve1bis
1237 2515 1288 2561 τῷ
1320 2511 1358 2548 ἐν
1385 2526 1470 2548 εαυ-

808 2563 861 2610 τῷ
888 2560 1102 2616 ὀλιγαρχικῷ
1127 2561 1268 2606 scripta.

837 2598 1152 2653 δημοκρατικήν.]
1178 2605 1471 2651 δημοκρατικήις

808 2655 899 2689 Mon.
937 2655 978 2689 Β.
1026 2655 1132 2696 bene,
1181 2653 1210 2687 si
1246 2653 1317 2687 οἴει
1355 2665 1471 2688 verum

808 2706 912 2735 esset.

849 2741 945 2790 Ἆρ’]
981 2741 1049 2789 ἄρ’
1085 2745 1182 2779 Vind.
1207 2745 1248 2779 F'.
1271 2745 1365 2779 Mon.
1385 2744 1423 2777 B.

852 2791 1071 2837 μετέβαλλε]
1105 2791 1161 2825 Ita
1198 2792 1277 2824 Par.
1312 2791 1353 2824 A.
1386 2790 1470 2824 Lob.

807 2839 907 2874 Vind.
934 2839 975 2872 F.
1006 2839 1084 2873 Vat.
1111 2838 1183 2872 BH.
1207 2837 1293 2871 Veu.
1319 2837 1359 2870 C.
1385 2837 1470 2881 Aug.

1198 2894 1280 2936 1⁴32
