1764 3176
566 189 1047 233 EDITORIS.
1348 203 1506 231 Lxxvn

113 315 246 354 locum
264 311 455 352 revolutis
487 311 613 352 dictas
642 324 736 351 esse
766 313 943 358 constat,
975 310 1050 351 vel?
1072 310 1335 362 repetitiones
1371 310 1504 349 multi-

112 405 338 458 plicationis
371 404 436 443 vel
464 403 686 456 productos
717 404 765 442 iis
796 413 984 442 numeros
1014 403 1239 454 significare
1258 403 1405 442 sinam:
1440 405 1506 441 ta-

108 511 204 537 men
239 500 379 536 neutra
415 496 708 548 significatione
748 495 923 534 adhibita
962 497 1046 533 tres
1088 485 1509 541 α’ποκαταστοὲσεις

109 589 301 627 sufficere
332 587 448 626 video
477 588 535 635 ei,
567 587 635 638 qui
669 599 717 625 ex
753 592 923 638 quatuor
950 585 1200 624 fundamenti
1232 585 1325 625 loco
1360 585 1507 637 positis

109 681 299 728 numeris,
335 679 523 727 ternario,
563 679 827 730 quaternario,
866 677 1044 730 quinario
1068 680 1109 716 et
1134 678 1378 729 septenario,
1415 677 1505 715 uni-

108 784 269 811 versum
294 771 415 810 istum
440 770 668 822 producere
706 770 815 809 velit.
897 768 1054 808 Deinde
1086 760 1393 823 ὁμοιούντων
1428 771 1504 808 etc.

36 866 44 881 ‘
108 854 269 904 πάντα
310 875 385 914 pro
420 854 582 905 πάντα
614 853 678 904 τοὶ
699 855 971 918 ὁμοιοῦντα
993 864 1070 902 etc.
1096 860 1176 899 dici
1204 873 1301 899 usus
1335 863 1376 899 et
1404 860 1506 898 ratio

107 952 266 1005 linguae
281 956 429 1004 vetant,
450 968 584 1006 neque
602 956 782 1006 apparet,
802 952 930 1004 qualia
948 954 1027 992 sint
1042 954 1116 991 ista
1141 945 1202 1008 ὀμ
1211 947 1412 994 οιοῧντα
1427 955 1504 992 etc.

108 1044 209 1083 Nam
221 1045 330 1095 quod
340 1058 548 1086 numerum
557 1045 670 1085 5040
681 1045 849 1084 amicitia
862 1045 1027 1096 iungere
1040 1045 1093 1083 ait
1105 1047 1274 1094 quatuor
1285 1044 1504 1095 primorum

107 1149 365 1177 numerorum
386 1138 624 1190 simplicium
639 1150 786 1188 genera
805 1140 846 1176 et
865 1137 1153 1176 diversissimas
1179 1136 1414 1187 partitiones
1430 1135 1502 1174 ad-

107 1230 279 1277 mittere,
302 1243 441 1269 eorum
459 1230 557 1268 nihil
575 1232 709 1268 certae
723 1232 763 1268 et
782 1228 1011 1280 exploratae
1026 1229 1311 1267 adiectivorum
1335 1221 1504 1283 ὅμοιος

110 1325 152 1361 et
173 1313 424 1378 α’νόμοιος,
459 1312 603 1380 ῥητός
627 1323 668 1359 et
686 1311 985 1379 προσήγορος
1009 1321 1059 1360 de
1087 1321 1263 1359 numeris
1283 1322 1501 1371 usurpato-

106 1427 195 1453 rum
227 1413 508 1466 significatiom‘
528 1413 735 1460 convenit,
772 1416 905 1463 neque
932 1416 1026 1452 sunt
1056 1414 1123 1451 isti
1145 1412 1299 1451 numeri
1335 1414 1505 1462 quatuor

107 1505 166 1558 (3,
186 1506 228 1554 4,
253 1505 294 1553 5,
315 1503 384 1554 7,)
405 1518 544 1544 omnes
574 1504 791 1556 simpliceS,
829 1508 896 1543 aut
927 1505 961 1544 si
987 1505 1279 1560 quaternarium
1304 1507 1504 1554 tamquam

105 1597 350 1649 duplicatum
369 1597 564 1635 binarium
577 1599 710 1635 tamen
720 1597 823 1635 inter
842 1608 913 1634 eos
931 1596 1086 1636 referre
1107 1609 1196 1635 cum
1209 1595 1367 1635 Friesio
1386 1596 1504 1634 volu—

107 1702 210 1737 mus,
229 1689 399 1740 primum
424 1689 528 1726 inter
549 1688 751 1740 simplices
773 1688 906 1727 locum
924 1688 1112 1735 binarius,
1141 1687 1215 1726 sed
1232 1699 1372 1726 monas
1398 1687 1502 1726 obti-

105 1783 186 1820 net.
230 1780 341 1830 Quae
367 1779 418 1818 de
440 1779 618 1817 dictione
640 1774 882 1836 ἐπίτριτος
907 1770 1108 1835 πυθμήν
1128 1778 1316 1831 disputat,
1333 1792 1414 1818 non
1433 1792 1501 1818 ur-

106 1872 226 1925 gebo,
247 1872 337 1922 quia
349 1871 455 1909 varie
475 1871 826 1922 explicaripotest,
848 1870 921 1909 sed
933 1873 977 1908 ut
991 1871 1205 1909 ternarium
1227 1874 1267 1910 et·
1290 1874 1500 1922 quaterna-

105 1965 207 2003 rium
225 1964 436 2015 significet,
459 1962 526 2001 hic
547 1966 715 2014 uterque
736 1964 913 2013 quinario
942 1963 1098 2001 iunctus
1118 1963 1151 2001 si
1172 1958 1273 2020 τρὶς
1289 1955 1499 2021 αὐξηθῆ-

105 2070 188 2098 ναι
201 2055 372 2103 iubetur,
390 2054 478 2105 quis
493 2067 580 2093 eam
592 2047 784 2113 αὔξησιν
796 2054 844 2092 ad
857 2055 1127 2107 septenarium
1141 2067 1301 2105 quoque
1316 2058 1501 2106 spectare

106 2147 265 2195 credat,
302 2147 412 2185 cuius
441 2146 547 2185 nulla
578 2146 672 2184 dum
693 2147 843 2185 mentio
866 2150 934 2185 aut
953 2146 1188 2198 significatio
1209 2145 1315 2184 facta
1335 2146 1418 2184 sit?
1460 2149 1501 2185 et

106 2240 195 2291 quis
215 2239 459 2289 hancipsam
480 2231 687 2296 αὔξησιν,
704 2251 821 2289 quam
836 2241 1023 2278 constans
1046 2250 1143 2276 usus
1166 2237 1311 2276 cubum
1333 2238 1501 2278 efficere

106 2331 240 2379 docet,
259 2329 426 2369 eandem
435 2330 542 2369 illam
554 2329 753 2381 triplicem
766 2321 1162 2372 ἀποκατάστασιν
1179 2329 1332 2368 scilicet
1352 2342 1446 2369 esse
1459 2330 1501 2369 in

107 2424 279 2462 animum
288 2421 475 2460 inducat‘}
494 2420 690 2472 Denique,
703 2424 747 2459 ut
759 2421 1056 2461 harmoniarum
1066 2422 1262 2459 rationem
1273 2421 1499 2473 perobscu-

107 2527 191 2553 ram
205 2517 246 2553 et
255 2514 473 2565 precariam
487 2513 677 2558 omittam,
693 2513 779 2563 quis
800 2504 1000 2572 ἰσομήκη
1019 2513 1313 2564 aequilateram,
1335 2514 1422 2564 quis
1440 2499 1501 2571 τῇ

108 2595 346 2662 προμήκει
368 2604 498 2644 forma
519 2605 691 2656 oblonga
709 2604 885 2644 indutam
905 2618 978 2644 seu
1002 2606 1042 2643 in
1066 2618 1153 2643 eam
1181 2605 1348 2656 figuram
1366 2608 1500 2644 trans-

107 2696 226 2735 latam
246 2695 469 2747 intelligat?
505 2696 591 2747 quis
612 2696 654 2735 in
674 2695 804 2734 verbis
826 2686 998 2738 ἑκατόν
1020 2690 1110 2751 μὲν
1132 2688 1352 2754 α’ριθμόν
1370 2697 1498 2748 parti-

107 2788 236 2828 culam
264 2782 353 2843 μὲν
373 2789 414 2826 et
433 2788 697 2827 accusativum
727 2787 952 2827 absolutum
975 2787 1108 2827 ferat‘l
1157 2789 1244 2838 quis
1273 2779 1429 2844 κύβων
1452 2789 1496 2827 in

110 2879 210 2918 cubo
230 2879 544 2930 interpretetur?
614 2878 696 2918 Sed
725 2892 887 2919 casuum
907 2883 947 2919 et
973 2879 1251 2932 particularum
1273 2879 1494 2919 doctrinam
