1764 3176
441 182 775 227 CIVITAS
817 183 941 227 LIB.
964 183 1025 227 X.
1054 187 1120 224 621

1388 186 1474 227 3⁰5

93 295 168 340 καὶ
207 293 492 352 δικαιοσύνην
530 311 636 352 μετα
677 294 935 352 φρονήσεως
968 294 1100 338 παντὶ
1146 292 1295 352 τρόπῳ
1334 293 1474 351 ἐπιτη-

94 362 327 420 δεύσομεν,
366 363 441 407 ἴνα
486 364 560 408 καὶ
597 364 703 422 ἡμῖν
748 361 898 414 αὐτοῖς
936 363 1061 418 φίλοι
1109 355 1226 418 ὦμεν
1258 361 1333 406 καὶ
1380 367 1473 414 τοῖς

92 435 235 484 θεοῖς,
276 428 419 475 αὐτοῦ
456 447 501 476 τε
539 431 742 488 μένοντες
771 429 930 475 ἐνθάδε
958 429 1031 473 καὶ
1060 428 1235 473 ἐπειδὰν
1270 429 1324 473 τοὶ
1354 422 1471 474 ἆθλα

93 497 226 555 αὐτῆς
252 497 546 555 κομιζοίμεθα,
568 497 711 554 ὥσπερ
743 501 787 543 οἱ
814 495 1054 556 νικηφόροι
1082 497 1469 555 περιαγειρόμενοι,
1490 510 1530 551 D

90 565 164 609 καὶ
193 564 352 610 ἐνθάδε
380 567 456 611 καὶ
482 567 532 612 ἐν
559 571 615 625 τῇ
642 567 812 624 χιλιέτει
838 567 1017 624 πορείᾳ,
1046 564 1104 624 ἢν
1134 565 1471 624 διεληλύθαμεν,

91 630 144 678 εὖ
172 633 438 691 πράττωμεν.

86 780 137 815 ita
188 781 340 826 incipit.
409 781 750 838 περιαγειρόμενοι·

87 823 209 883 ὥσπερ
235 827 272 862 οἱ
304 827 504 874 νικηφόροι
535 828 751 886 περιαγόμε-

86 885 147 907 νοι
182 874 365 918 αθλητοιί·
409 875 605 915 Πολιτείας
641 873 658 910 ε’
691 873 751 909 ἐπὶ

86 916 194 953 τέλει.
220 920 339 954 Altera
361 921 462 955 lexici
475 922 654 965 Sangerm.
673 921 750 955 MS.

86 964 213 1000 ibidem
237 965 375 1001 laudata
393 967 507 1011 paullo
529 968 660 1012 plenius
680 967 748 1001 edi-

85 1014 123 1045 ta
147 1015 200 1045 est
223 1023 244 1046 a
269 1012 454 1046 Bekkero‘
445 1024 480 1047 ln
495 1024 613 1059 synag.
631 1013 750 1049 anecd.

84 1067 119 1102 p
129 1101 287 1148 χιλιέτει]
312 1101 437 1147 χιλιέτι
449 1103 528 1138 Par.
544 1105 584 1139 A.
607 1107 654 1148 „a”
672 1105 749 1150 qui-

83 1147 160 1182 dem
176 1160 266 1184 corr.
269 1151 292 1169 “
329 1149 464 1195 Reliqui
487 1150 567 1184 libri
587 1163 661 1184 cum
677 1151 750 1184 edi-

83 1193 130 1228 tis
153 1196 302 1238 χιλιετεῖ
322 1195 461 1231 habent.
497 1197 539 1230 V.
564 1197 654 1242 adp.
667 1197 747 1232 615.

82 1239 123 1273 A.
134 1240 353 1295 significata.

128 1281 177 1330 ἣν
210 1284 504 1332 διεληλύθαμεν]
536 1286 571 1321 in
594 1299 637 1322 m.
661 1287 748 1322 Lob.

82 1327 132 1376 ἣν
154 1344 220 1366 om.
244 1332 320 1367 Ald.
343 1333 425 1367 Bas.
451 1344 483 1368 a.

126 1376 370 1433 πράττωμεν]
402 1376 613 1423 πράττομεν
647 1378 747 1414 Vind.

80 1423 121 1457 F.
144 1421 372 1468 πράττοντες
395 1424 489 1460 Mon.
511 1426 550 1458 B.
575 1425 655 1459 Par.
668 1425 745 1459 ΒΚ.

81 1469 177 1503 Flor.
201 1470 248 1504 U.
280 1470 371 1515 quod
398 1469 427 1504 si
450 1469 486 1504 in
510 1467 663 1505 omnibus
687 1484 747 1506 co*

79 1515 209 1549 dicibus
234 1519 352 1558 esset,
382 1515 466 1549 ferri
489 1520 604 1561 posset
628 1521 663 1550 et
686 1517 746 1550 de-

77 1561 189 1595 beret.
237 1561 309 1595 Sed
342 1561 575 1596 coniunctivus
608 1564 746 1607 praefe-

78 1607 204 1640 rendus
229 1611 265 1641 et
284 1618 348 1662 per
371 1607 572 1652 particulam
595 1619 635 1642 τε
653 1609 745 1642 inter

79 1649 202 1686 αὐτοῦ
227 1656 263 1687 et
285 1651 459 1696 μένοντες
474 1654 621 1698 positam
640 1654 746 1712 priori

79 1698 177 1741 ω’μεν
203 1698 393 1740 adiunctus,
414 1699 529 1733 verbis
548 1703 660 1733 autem
681 1699 744 1734 καὶ

78 1742 217 1778 ἐνθάδε
249 1743 313 1779 καὶ
354 1741 393 1778 ἐν
425 1745 471 1791 τῇ
504 1741 649 1788 χιλιέτει
676 1757 744 1780 πο·

78 1789 161 1837 <asia
185 1790 294 1824 altera
317 1802 426 1835 eaque
456 1791 581 1825 certior
603 1791 667 1825 loci
690 1793 745 1825 fe-

77 1825 218 1870 lieitatis
251 1837 388 1870 futurae
424 1837 627 1880 significatio
664 1849 743 1871 con—

77 1881 180 1916 tineri
208 1881 352 1916 videtur.
400 1882 492 1917 Nam
520 1882 610 1916 mille
636 1895 742 1917 anno-

76 1939 152 1967 rum
185 1927 253 1962 iter
283 1928 447 1962 obeuntes
482 1928 614 1962 animae
639 1941 741 1974 prae-

76 1973 146 2008 mia
178 1973 273 2008 vitae
303 1974 339 2008 in
371 1973 472 2007 terris
505 1974 594 2008 iuste
627 1978 663 2008 et
686 1987 741 2009 sa—

24 2040 26 2045 ι
75 2019 212 2064 pientes
245 2022 343 2053 actae
376 2020 492 2053 ferunt
518 2023 554 2053 et
580 2020 654 2065 plus
677 2020 739 2054 mi-

76 2076 183 2098 nusve
206 2065 358 2099 ferentes
379 2064 503 2100 similes
524 2066 611 2099 fiunt
630 2066 739 2100 victo-

75 2110 170 2145 ribus
193 2108 531 2165 περιαγειρομὲνοις
565 2124 625 2146 seu
652 2113 741 2147 dona

76 2157 120 2191 ab
153 2156 334 2192 amicorum
367 2160 403 2191 et
426 2162 656 2203 spectatorum
681 2170 740 2193 co-

143 2918 352 2961 meoms
382 2920 455 2963 O-P.
488 2920 562 2962 ΙΙΙ.

807 794 891 817 rona
939 781 1004 816 sibi
1043 782 1296 839 quaerentibus.
1368 782 1470 823 Quod

806 829 907 873 vulgo
921 827 985 862 καὶ
1003 833 1083 862 ante
1108 826 1247 863 ἐνθάδε
1270 839 1332 883 pro
1349 829 1470 873 copula

807 874 910 919 φιλοι
952 885 1049 917 ωμεν
1086 879 1122 908 et
1166 874 1206 909 εὐ
1249 872 1468 930 πράττωμεν

806 922 966 976 iungente
989 921 1116 954 liabent
1149 926 1184 954 et
1210 921 1324 959 verbis
1348 917 1467 955 αυτοῦ

806 979 845 1001 τε
874 965 1071 1011 μένοντες
1079 986 1126 991 -—-
1152 965 1468 1010 περιαγειρόμενοι

805 1013 888 1046 illud
913 1012 1016 1056 φίλοι
1035 1011 1137 1056 ω’μεν
1161 1013 1236 1047 loco
1263 1017 1299 1046 et
1316 1018 1469 1058 tempole

806 1058 941 1092 definiri
973 1062 1147 1100 statuunt,
1180 1069 1243 1104 per
1271 1059 1469 1103 grammati-

805 1116 879 1138 cam
902 1108 997 1138 recte
1021 1104 1171 1146 faciunt3
1198 1104 1258 1139 sed
1281 1105 1340 1150 qui
1364 1116 1467 1150 prae-

804 1150 871 1184 mia
904 1150 1044 1183 virtutis
1077 1153 1252 1196 reportat,
1277 1162 1351 1184 eum
1376 1151 1467 1184 inter

775 1217 783 1229 .
803 1196 1045 1241 reportandum
1078 1199 1113 1229 et
1140 1196 1205 1229 sibi
1237 1199 1273 1229 et
1295 1196 1359 1229 diis
1383 1196 1465 1230 ami-

804 1253 880 1275 cum
907 1253 982 1275 esse
1005 1245 1151 1286 oportet.
1183 1242 1238 1275 Eo
1257 1242 1361 1286 igitur
1379 1246 1465 1276 tem-

804 1298 888 1332 pore
923 1287 987 1321 sibi
1017 1288 1149 1332 diisque
1181 1287 1308 1321 amicus
1338 1292 1374 1321 ut
1407 1289 1466 1331 sit,

804 1333 1010 1367 contendere
1062 1345 1128 1367 non
1181 1333 1288 1378 magis
1336 1338 1464 1378 potest,

804 1390 902 1421 quam
933 1384 973 1412 ut
1006 1379 1147 1419 vincat,
1179 1391 1282 1424 quum
1319 1380 1463 1424 palmam

802 1426 871 1458 fert
891 1424 1070 1459 victoriae.
1118 1424 1279 1459 Ceterum
1302 1425 1384 1471 quid
1407 1426 1465 1459 alii

802 1471 968 1512 sentiant,
1003 1471 1135 1504 nescio:
1170 1471 1249 1504 mihi
1283 1471 1369 1506 haec
1404 1484 1463 1505 ex-

801 1522 910 1550 trema
942 1516 1021 1550 inde
1055 1528 1075 1550 a
1104 1517 1219 1550 verbis
1242 1516 1306 1551 καὶ
1336 1528 1460 1572 ουτος,

801 1562 831 1596 ω’
868 1560 1048 1596 Γλαυκων
1082 1563 1185 1596 rebus
1216 1566 1253 1596 et
1283 1564 1463 1598 sententiis

801 1608 1000 1653 aptissima,
1034 1608 1187 1642 oratione
1221 1612 1256 1643 et
1288 1613 1363 1643 arte
1395 1622 1462 1644 non

799 1655 862 1696 ita,
885 1659 925 1688 ut
948 1653 1101 1699 reliquae
1121 1658 1237 1698 partes
1254 1655 1368 1699 operis
1384 1656 1461 1701 pul-

800 1700 970 1740 cherximi,
994 1700 1169 1734 elaborata
1192 1700 1359 1735 videntur.

889 1744 994 1785 τέλος
1011 1746 1226 1780 πολιτειῶνε
1249 1746 1335 1781 Lob.
1355 1748 1457 1781 πολι-

891 1792 1001 1826 τειῶν
1025 1789 1133 1836 λόγος
1157 1789 1332 1831 δέκατοςι
1354 1790 1459 1833 τέλος

892 1850 969 1871 των
1027 1838 1222 1871 πολιτειῶν
1265 1835 1459 1879 πλοὶτωνος

892 1883 991 1918 Vind.
1014 1884 1055 1917 B.
1081 1881 1185 1923 τέλος
1207 1883 1308 1919 Vind.
1332 1885 1377 1918 Ε.
1398 1882 1459 1919 τέ-

888 1930 951 1969 λος
974 1929 1052 1963 τιὸν
1080 1929 1291 1974 πολιτειῶν,
1314 1927 1459 1964 πλάτω-

887 1986 972 2015 νοςε
997 1975 1088 2009 Μοη.
1109 1976 1151 2010 Β.
1174 1956 1291 2016 τέλος
1301 1988 1378 2010 των
1399 1975 1459 2011 δέ-

887 2032 937 2054 κα
967 2018 1148 2065 διαλόγων
1183 2022 1251 2066 τῆς
1271 2023 1460 2064 πολιτείας

887 2065 1092 2107 πλάτωνος.
1116 2068 1193 2102 Par.
1217 2067 1260 2100 K.
1287 2079 1356 2101 sec.
1379 2069 1457 2114 Bip,

888 2111 1011 2156 τέλος,
1037 2113 1112 2146 τῶν
1135 2110 1331 2154 πλοὶτωνος
1353 2117 1456 2150 πολι-

885 2159 1006 2193 τειῶν.
1031 2159 1108 2193 Ald.
1132 2159 1210 2194 Bas.
1234 2160 1288 2194 ab.
