<?xml version="1.0" encoding="UTF-8"?>
<!DOCTYPE html PUBLIC "-//W3C//DTD XHTML 1.0 Transitional//EN"
    "http://www.w3.org/TR/xhtml1/DTD/xhtml1-transitional.dtd">
<html xmlns="http://www.w3.org/1999/xhtml" xml:lang="en" lang="en">
 <head>
  <title>
</title>
<meta http-equiv="Content-Type" content="text/html;charset=utf-8" />
  <meta name='ocr-system' content='tesseract 3.04.00' />
  <meta name='ocr-capabilities' content='ocr_page ocr_carea ocr_par ocr_line ocrx_word'/>
</head>
<body>
  <div class='ocr_page' id='page_1' title='image "./operagraecerecen01platuoft_0385.png"; bbox 0 0 1764 3176; ppageno 0'>
   <div class='ocr_carea' id='block_1_1' title="bbox 472 220 1156 264">
    <p class='ocr_par' dir='ltr' id='par_1_1' title="bbox 472 220 1156 264">
     <span class='ocr_line' id='line_1_1' title="bbox 472 220 1156 264; baseline -0.004 -1"><span class='ocrx_word' id='word_1_1' title='bbox 472 220 806 263; x_wconf 88' lang='lat' dir='ltr'><strong>CIVITAS</strong></span> <span class='ocrx_word' id='word_1_2' title='bbox 855 221 1058 264; x_wconf 89' lang='lat' dir='ltr'>LIB.X.</span> <span class='ocrx_word' id='word_1_3' title='bbox 1088 224 1156 261; x_wconf 73' lang='lat'><em>604</em></span> 
     </span>
    </p>
   </div>
   <div class='ocr_carea' id='block_1_2' title="bbox 121 326 952 388">
    <p class='ocr_par' dir='ltr' id='par_1_2' title="bbox 121 326 952 388">
     <span class='ocr_line' id='line_1_2' title="bbox 121 326 952 388; baseline -0.001 -13"><span class='ocrx_word' id='word_1_4' title='bbox 121 332 376 383; x_wconf 87' lang='grc' dir='ltr'><em>πείθεσθαι,</em></span> <span class='ocrx_word' id='word_1_5' title='bbox 414 326 445 388; x_wconf 83' lang='grc' dir='ltr'><em>ᾗ</em></span> <span class='ocrx_word' id='word_1_6' title='bbox 485 331 510 376; x_wconf 91' lang='grc' dir='ltr'>ὁ</span> <span class='ocrx_word' id='word_1_7' title='bbox 546 331 682 388; x_wconf 89' lang='grc' dir='ltr'><em>νόμος</em></span> <span class='ocrx_word' id='word_1_8' title='bbox 719 331 929 388; x_wconf 79' lang='grc' dir='ltr'><em>ἐξηγεῖται</em></span> <span class='ocrx_word' id='word_1_9' title='bbox 939 348 952 381; x_wconf 93' lang='grc'><em>,·</em></span> 
     </span>
    </p>
   </div>
   <div class='ocr_carea' id='block_1_3' title="bbox 1421 225 1507 266">
    <p class='ocr_par' dir='ltr' id='par_1_3' title="bbox 1421 225 1507 266">
     <span class='ocr_line' id='line_1_3' title="bbox 1421 225 1507 266; baseline 0.023 -2"><span class='ocrx_word' id='word_1_10' title='bbox 1421 225 1507 266; x_wconf 82' lang='grc'><em>229</em></span> 
     </span>
    </p>
   </div>
   <div class='ocr_carea' id='block_1_4' title="bbox 1012 331 1503 388">
    <p class='ocr_par' dir='ltr' id='par_1_4' title="bbox 1012 331 1503 388">
     <span class='ocr_line' id='line_1_4' title="bbox 1012 331 1503 388; baseline 0.004 -13"><span class='ocrx_word' id='word_1_11' title='bbox 1012 336 1136 384; x_wconf 72' lang='grc' dir='ltr'><em>Πῶςς</em></span> <span class='ocrx_word' id='word_1_12' title='bbox 1181 331 1307 388; x_wconf 83' lang='grc' dir='ltr'><em>Λέγει</em></span> <span class='ocrx_word' id='word_1_13' title='bbox 1347 346 1436 376; x_wconf 87' lang='grc' dir='ltr'><em>που</em></span> <span class='ocrx_word' id='word_1_14' title='bbox 1478 331 1503 377; x_wconf 89' lang='grc' dir='ltr'>ὁ</span> 
     </span>
    </p>
   </div>
   <div class='ocr_carea' id='block_1_5' title="bbox 114 397 1565 798">
    <p class='ocr_par' dir='ltr' id='par_1_5' title="bbox 114 397 1565 798">
     <span class='ocr_line' id='line_1_5' title="bbox 121 397 1504 456; baseline -0.001 -12"><span class='ocrx_word' id='word_1_15' title='bbox 121 400 283 456; x_wconf 82' lang='grc' dir='ltr'><em>νόμος,</em></span> <span class='ocrx_word' id='word_1_16' title='bbox 331 397 399 442; x_wconf 78' lang='grc' dir='ltr'><em>ὅτι</em></span> <span class='ocrx_word' id='word_1_17' title='bbox 447 400 679 444; x_wconf 81' lang='grc' dir='ltr'><em>κάλλιστον</em></span> <span class='ocrx_word' id='word_1_18' title='bbox 720 399 789 443; x_wconf 81' lang='grc' dir='ltr'><em>ὅτι</em></span> <span class='ocrx_word' id='word_1_19' title='bbox 828 398 1016 455; x_wconf 78' lang='grc' dir='ltr'><em>μάλιστα</em></span> <span class='ocrx_word' id='word_1_20' title='bbox 1058 399 1245 456; x_wconf 79' lang='grc' dir='ltr'><em>ἡσυχίαν</em></span> <span class='ocrx_word' id='word_1_21' title='bbox 1285 399 1407 455; x_wconf 76' lang='grc' dir='ltr'><em>ἄγειν</em></span> <span class='ocrx_word' id='word_1_22' title='bbox 1457 400 1504 444; x_wconf 82' lang='grc' dir='ltr'><em>ἐν</em></span> 
     </span>
     <span class='ocr_line' id='line_1_6' title="bbox 119 465 1503 524; baseline 0.001 -13"><span class='ocrx_word' id='word_1_23' title='bbox 119 473 212 519; x_wconf 88' lang='grc' dir='ltr'><em>ταῖς</em></span> <span class='ocrx_word' id='word_1_24' title='bbox 240 470 489 523; x_wconf 79' lang='grc' dir='ltr'><em>ξυμφοραῖς</em></span> <span class='ocrx_word' id='word_1_25' title='bbox 524 469 598 512; x_wconf 81' lang='grc' dir='ltr'><em>καὶ</em></span> <span class='ocrx_word' id='word_1_26' title='bbox 627 466 684 524; x_wconf 87' lang='grc' dir='ltr'><em>μὴ</em></span> <span class='ocrx_word' id='word_1_27' title='bbox 715 465 1000 524; x_wconf 85' lang='grc' dir='ltr'><em>ἀγανακτεῖν,</em></span> <span class='ocrx_word' id='word_1_28' title='bbox 1038 466 1097 518; x_wconf 79' lang='grc' dir='ltr'><em>ὦς</em></span> <span class='ocrx_word' id='word_1_29' title='bbox 1128 468 1232 512; x_wconf 83' lang='grc' dir='ltr'><em>οὕτε</em></span> <span class='ocrx_word' id='word_1_30' title='bbox 1264 467 1401 524; x_wconf 74' lang='grc' dir='ltr'><em>δήλου</em></span> <span class='ocrx_word' id='word_1_31' title='bbox 1429 467 1503 512; x_wconf 81' lang='grc' dir='ltr'><em>ὅν-</em></span> 
     </span>
     <span class='ocr_line' id='line_1_7' title="bbox 118 533 1499 591; baseline 0.001 -12"><span class='ocrx_word' id='word_1_32' title='bbox 118 552 192 587; x_wconf 87' lang='grc' dir='ltr'><em>τος</em></span> <span class='ocrx_word' id='word_1_33' title='bbox 231 539 313 580; x_wconf 86' lang='grc' dir='ltr'><em>τοῦ</em></span> <span class='ocrx_word' id='word_1_34' title='bbox 343 533 522 591; x_wconf 81' lang='grc' dir='ltr'><em>ἀγαθοῦ</em></span> <span class='ocrx_word' id='word_1_35' title='bbox 560 553 605 580; x_wconf 85' lang='grc' dir='ltr'><em>τε</em></span> <span class='ocrx_word' id='word_1_36' title='bbox 642 536 716 580; x_wconf 86' lang='grc' dir='ltr'><em>καὶ</em></span> <span class='ocrx_word' id='word_1_37' title='bbox 749 540 892 580; x_wconf 80' lang='grc' dir='ltr'><em>κακοῦ</em></span> <span class='ocrx_word' id='word_1_38' title='bbox 920 539 1009 579; x_wconf 78' lang='grc' dir='ltr'><em>τῶν</em></span> <span class='ocrx_word' id='word_1_39' title='bbox 1037 536 1278 586; x_wconf 74' lang='grc' dir='ltr'><em>τοιούτων.</em></span> <span class='ocrx_word' id='word_1_40' title='bbox 1308 534 1408 579; x_wconf 83' lang='grc' dir='ltr'><em>οὔτε</em></span> <span class='ocrx_word' id='word_1_41' title='bbox 1438 538 1499 588; x_wconf 86' lang='grc' dir='ltr'><em>εἷς</em></span> 
     </span>
     <span class='ocr_line' id='line_1_8' title="bbox 116 601 1500 661; baseline 0.001 -14"><span class='ocrx_word' id='word_1_42' title='bbox 116 602 165 647; x_wconf 80' lang='grc' dir='ltr'><em>τὰ</em></span> <span class='ocrx_word' id='word_1_43' title='bbox 196 601 395 656; x_wconf 84' lang='grc' dir='ltr'><em>πρόσθεν</em></span> <span class='ocrx_word' id='word_1_44' title='bbox 425 602 556 648; x_wconf 75' lang='grc' dir='ltr'><em>οὐδὲν</em></span> <span class='ocrx_word' id='word_1_45' title='bbox 585 607 830 659; x_wconf 77' lang='grc' dir='ltr'><em>προβαῖνον</em></span> <span class='ocrx_word' id='word_1_46' title='bbox 857 608 919 661; x_wconf 79' lang='grc' dir='ltr'><em>τῷ</em></span> <span class='ocrx_word' id='word_1_47' title='bbox 947 606 1142 659; x_wconf 76' lang='grc' dir='ltr'><em>χαλεπῶς</em></span> <span class='ocrx_word' id='word_1_48' title='bbox 1172 602 1369 658; x_wconf 80' lang='grc' dir='ltr'><em>φέροντι,</em></span> <span class='ocrx_word' id='word_1_49' title='bbox 1398 603 1500 648; x_wconf 82' lang='grc' dir='ltr'><em>οὕτε</em></span> 
     </span>
     <span class='ocr_line' id='line_1_9' title="bbox 114 670 1565 728; baseline 0.001 -13"><span class='ocrx_word' id='word_1_50' title='bbox 114 689 158 715; x_wconf 89' lang='grc' dir='ltr'><em>τι</em></span> <span class='ocrx_word' id='word_1_51' title='bbox 195 676 285 728; x_wconf 74' lang='grc' dir='ltr'><em>τῶν</em></span> <span class='ocrx_word' id='word_1_52' title='bbox 325 671 621 725; x_wconf 74' lang='grc' dir='ltr'><em>ἀνθρωπίνων</em></span> <span class='ocrx_word' id='word_1_53' title='bbox 662 670 785 723; x_wconf 74' lang='grc' dir='ltr'><em>ἄξιον</em></span> <span class='ocrx_word' id='word_1_54' title='bbox 827 670 880 716; x_wconf 86' lang='grc' dir='ltr'><em>ὂν</em></span> <span class='ocrx_word' id='word_1_55' title='bbox 917 671 1104 728; x_wconf 82' lang='grc' dir='ltr'><em>μεγάλης</em></span> <span class='ocrx_word' id='word_1_56' title='bbox 1143 674 1360 728; x_wconf 81' lang='grc' dir='ltr'><em>σπουδῆς,</em></span> <span class='ocrx_word' id='word_1_57' title='bbox 1403 673 1427 716; x_wconf 84' lang='grc' dir='ltr'>ὅ</span> <span class='ocrx_word' id='word_1_58' title='bbox 1457 690 1500 717; x_wconf 90' lang='grc' dir='ltr'><em>τε</em></span> <span class='ocrx_word' id='word_1_59' title='bbox 1532 674 1565 716; x_wconf 86' lang='lat' dir='ltr'>C</span> 
     </span>
     <span class='ocr_line' id='line_1_10' title="bbox 116 738 1500 798; baseline -0.001 -14"><span class='ocrx_word' id='word_1_60' title='bbox 116 742 185 784; x_wconf 83' lang='grc' dir='ltr'><em>δεῖ</em></span> <span class='ocrx_word' id='word_1_61' title='bbox 219 741 266 784; x_wconf 79' lang='grc' dir='ltr'><em>ἐν</em></span> <span class='ocrx_word' id='word_1_62' title='bbox 300 738 450 790; x_wconf 80' lang='grc' dir='ltr'><em>αὐτοῖς</em></span> <span class='ocrx_word' id='word_1_63' title='bbox 489 738 554 783; x_wconf 87' lang='grc' dir='ltr'><em>ὅτι</em></span> <span class='ocrx_word' id='word_1_64' title='bbox 591 739 768 795; x_wconf 82' lang='grc' dir='ltr'><em>τάχιστα</em></span> <span class='ocrx_word' id='word_1_65' title='bbox 807 742 1156 796; x_wconf 84' lang='grc' dir='ltr'><em>παραγίγνεσθαι</em></span> <span class='ocrx_word' id='word_1_66' title='bbox 1192 739 1317 795; x_wconf 83' lang='grc' dir='ltr'><em>ἡμῖν,</em></span> <span class='ocrx_word' id='word_1_67' title='bbox 1360 739 1500 798; x_wconf 81' lang='grc' dir='ltr'><em>τούτῳ</em></span> 
     </span>
    </p>
   </div>
   <div class='ocr_carea' id='block_1_6' title="bbox 116 807 988 864">
    <p class='ocr_par' dir='ltr' id='par_1_6' title="bbox 116 807 988 864">
     <span class='ocr_line' id='line_1_11' title="bbox 116 807 988 864; baseline -0.003 -12"><span class='ocrx_word' id='word_1_68' title='bbox 116 807 319 864; x_wconf 67' lang='grc' dir='ltr'><em>ἐμποδῶν</em></span> <span class='ocrx_word' id='word_1_69' title='bbox 357 807 621 863; x_wconf 85' lang='grc' dir='ltr'><em>γιγνόμενον</em></span> <span class='ocrx_word' id='word_1_70' title='bbox 662 807 711 851; x_wconf 86' lang='grc' dir='ltr'><em>τὸ</em></span> <span class='ocrx_word' id='word_1_71' title='bbox 742 812 988 852; x_wconf 84' lang='grc' dir='ltr'><em>λυπεῖσθαι.</em></span> 
     </span>
    </p>
   </div>
   <div class='ocr_carea' id='block_1_7' title="bbox 1053 803 1502 864">
    <p class='ocr_par' dir='ltr' id='par_1_7' title="bbox 1053 803 1502 864">
     <span class='ocr_line' id='line_1_12' title="bbox 1053 803 1502 864; baseline 0.004 -14"><span class='ocrx_word' id='word_1_72' title='bbox 1053 809 1172 860; x_wconf 84' lang='grc' dir='ltr'><em>Τίνι,</em></span> <span class='ocrx_word' id='word_1_73' title='bbox 1201 803 1229 864; x_wconf 78' lang='grc' dir='ltr'><strong><em>ἦ</em></strong></span> <span class='ocrx_word' id='word_1_74' title='bbox 1261 807 1301 852; x_wconf 79' lang='grc' dir='ltr'><em>δ’</em></span> <span class='ocrx_word' id='word_1_75' title='bbox 1334 807 1402 859; x_wconf 76' lang='grc' dir='ltr'><em>ὃς,</em></span> <span class='ocrx_word' id='word_1_76' title='bbox 1438 810 1502 852; x_wconf 82' lang='grc' dir='ltr'><em>λέ-</em></span> 
     </span>
    </p>
   </div>
   <div class='ocr_carea' id='block_1_8' title="bbox 93 870 1502 1002">
    <p class='ocr_par' dir='ltr' id='par_1_8' title="bbox 93 870 1502 1002">
     <span class='ocr_line' id='line_1_13' title="bbox 93 870 1502 934; baseline 0.001 -14"><span class='ocrx_word' id='word_1_77' title='bbox 93 870 225 932; x_wconf 57' lang='grc' dir='ltr'><em>’γειςς</em></span> <span class='ocrx_word' id='word_1_78' title='bbox 271 878 342 934; x_wconf 77' lang='grc' dir='ltr'><em>Τῷ</em></span> <span class='ocrx_word' id='word_1_79' title='bbox 373 874 687 932; x_wconf 81' lang='grc' dir='ltr'><em>βουλεύεσθαι,</em></span> <span class='ocrx_word' id='word_1_80' title='bbox 715 871 772 933; x_wconf 79' lang='grc' dir='ltr'><em>ἦν</em></span> <span class='ocrx_word' id='word_1_81' title='bbox 803 875 844 920; x_wconf 92' lang='grc' dir='ltr'><em>δ’</em></span> <span class='ocrx_word' id='word_1_82' title='bbox 876 875 980 932; x_wconf 76' lang='grc' dir='ltr'><em>ἐγώ,</em></span> <span class='ocrx_word' id='word_1_83' title='bbox 1011 876 1109 930; x_wconf 86' lang='grc' dir='ltr'><em>περὶ</em></span> <span class='ocrx_word' id='word_1_84' title='bbox 1139 875 1188 918; x_wconf 84' lang='grc' dir='ltr'><em>τό</em></span> <span class='ocrx_word' id='word_1_85' title='bbox 1220 877 1397 933; x_wconf 87' lang='grc' dir='ltr'><em>γεγονὸς</em></span> <span class='ocrx_word' id='word_1_86' title='bbox 1428 878 1502 921; x_wconf 86' lang='grc' dir='ltr'><em>καὶ</em></span> 
     </span>
     <span class='ocr_line' id='line_1_14' title="bbox 116 943 1500 1002; baseline 0.001 -15"><span class='ocrx_word' id='word_1_87' title='bbox 116 944 261 998; x_wconf 78' lang='grc' dir='ltr'><em>ὥσπερ</em></span> <span class='ocrx_word' id='word_1_88' title='bbox 300 943 347 987; x_wconf 82' lang='grc' dir='ltr'><em>ἐν</em></span> <span class='ocrx_word' id='word_1_89' title='bbox 383 944 543 988; x_wconf 84' lang='grc' dir='ltr'><em>πτώσει</em></span> <span class='ocrx_word' id='word_1_90' title='bbox 581 944 734 1000; x_wconf 81' lang='grc' dir='ltr'><em>κύβων</em></span> <span class='ocrx_word' id='word_1_91' title='bbox 773 944 884 1002; x_wconf 85' lang='grc' dir='ltr'><em>πρὸς</em></span> <span class='ocrx_word' id='word_1_92' title='bbox 923 944 977 988; x_wconf 84' lang='grc' dir='ltr'><em>τοὶ</em></span> <span class='ocrx_word' id='word_1_93' title='bbox 1007 943 1263 988; x_wconf 86' lang='grc' dir='ltr'><em>πεπτωκότα</em></span> <span class='ocrx_word' id='word_1_94' title='bbox 1293 947 1500 989; x_wconf 84' lang='grc' dir='ltr'><em>τίθεσθαι</em></span> 
     </span>
    </p>
   </div>
   <div class='ocr_carea' id='block_1_9' title="bbox 104 1057 777 2943">
    <p class='ocr_par' dir='ltr' id='par_1_9' title="bbox 114 1057 777 1106">
     <span class='ocr_line' id='line_1_15' title="bbox 114 1057 777 1106; baseline 0.002 -13"><span class='ocrx_word' id='word_1_95' title='bbox 114 1070 167 1104; x_wconf 87' lang='lat' dir='ltr'><em>pr.</em></span> <span class='ocrx_word' id='word_1_96' title='bbox 192 1057 307 1103; x_wconf 84' lang='grc' dir='ltr'><em>νόμω,</em></span> <span class='ocrx_word' id='word_1_97' title='bbox 331 1059 424 1094; x_wconf 90' lang='lat' dir='ltr'>Mon.</span> <span class='ocrx_word' id='word_1_98' title='bbox 443 1060 483 1096; x_wconf 92' lang='lat' dir='ltr'><em>B.</em></span> <span class='ocrx_word' id='word_1_99' title='bbox 508 1059 560 1106; x_wconf 79' lang='grc' dir='ltr'><em>τῷ</em></span> <span class='ocrx_word' id='word_1_100' title='bbox 585 1072 649 1093; x_wconf 87' lang='lat' dir='ltr'>om.</span> <span class='ocrx_word' id='word_1_101' title='bbox 675 1060 777 1095; x_wconf 73' lang='lat' dir='ltr'>Vind.</span> 
     </span>
    </p>

    <p class='ocr_par' dir='ltr' id='par_1_10' title="bbox 113 1106 336 1140">
     <span class='ocr_line' id='line_1_16' title="bbox 113 1106 336 1140; baseline 0 -1"><span class='ocrx_word' id='word_1_102' title='bbox 113 1106 154 1139; x_wconf 90' lang='lat' dir='ltr'><em>B.</em></span> <span class='ocrx_word' id='word_1_103' title='bbox 179 1106 272 1140; x_wconf 88' lang='lat' dir='ltr'>Mon.</span> <span class='ocrx_word' id='word_1_104' title='bbox 295 1106 336 1140; x_wconf 88' lang='lat' dir='ltr'>C.</span> 
     </span>
    </p>

    <p class='ocr_par' dir='ltr' id='par_1_11' title="bbox 114 1146 777 1233">
     <span class='ocr_line' id='line_1_17' title="bbox 114 1146 777 1233; baseline 0 -48"><span class='ocrx_word' id='word_1_105' title='bbox 114 1146 224 1232; x_wconf 42' lang='lat' dir='ltr'><em>Off}</em></span> <span class='ocrx_word' id='word_1_106' title='bbox 243 1164 272 1231; x_wconf 55' lang='grc' dir='ltr'><em>ἰ]</em></span> <span class='ocrx_word' id='word_1_107' title='bbox 295 1153 387 1231; x_wconf 39' lang='grc' dir='ltr'><em>ἷεῐῐιῖ</em></span> <span class='ocrx_word' id='word_1_108' title='bbox 409 1151 591 1233; x_wconf 47' lang='grc' dir='ltr'><strong>19.ΒῖῙίηά</strong></span> <span class='ocrx_word' id='word_1_109' title='bbox 614 1151 658 1186; x_wconf 87' lang='lat' dir='ltr'><em>F.</em></span> <span class='ocrx_word' id='word_1_110' title='bbox 683 1151 777 1185; x_wconf 89' lang='lat' dir='ltr'>Mon.</span> 
     </span>
     <span class='ocr_line' id='line_1_18' title="bbox 182 1210 408 1232; baseline 0 0"><span class='ocrx_word' id='word_1_111' title='bbox 182 1210 201 1232; x_wconf 93' lang='grc' dir='ltr'><em>ο</em></span> <span class='ocrx_word' id='word_1_112' title='bbox 275 1210 294 1231; x_wconf 94' lang='lat' dir='ltr'>o</span> <span class='ocrx_word' id='word_1_113' title='bbox 388 1210 408 1232; x_wconf 88' lang='lat' dir='ltr'><strong>a</strong></span> 
     </span>
    </p>

    <p class='ocr_par' dir='ltr' id='par_1_12' title="bbox 160 1241 522 1300">
     <span class='ocr_line' id='line_1_19' title="bbox 160 1241 522 1300; baseline -0.006 -22"><span class='ocrx_word' id='word_1_114' title='bbox 160 1241 182 1278; x_wconf 82' lang='grc' dir='ltr'>ὁ</span> <span class='ocrx_word' id='word_1_115' title='bbox 207 1241 334 1288; x_wconf 88' lang='grc' dir='ltr'><em>νόμος]</em></span> <span class='ocrx_word' id='word_1_116' title='bbox 362 1256 427 1300; x_wconf 63' lang='lat'><strong><em>⁰⁷⁸⁷·</em></strong></span> <span class='ocrx_word' id='word_1_117' title='bbox 450 1244 522 1276; x_wconf 84' lang='lat' dir='ltr'>Fic.</span> 
     </span>
    </p>

    <p class='ocr_par' dir='ltr' id='par_1_13' title="bbox 112 1285 777 1426">
     <span class='ocr_line' id='line_1_20' title="bbox 160 1285 777 1334; baseline -0.002 -11"><span class='ocrx_word' id='word_1_118' title='bbox 160 1287 359 1334; x_wconf 76' lang='grc' dir='ltr'><em>ἐξηγεῖται,</em></span> <span class='ocrx_word' id='word_1_119' title='bbox 352 1291 375 1333; x_wconf 93' lang='grc'><em>·]</em></span> <span class='ocrx_word' id='word_1_120' title='bbox 401 1287 592 1333; x_wconf 79' lang='grc' dir='ltr'><em>ἐξηγεῖται.</em></span> <span class='ocrx_word' id='word_1_121' title='bbox 618 1285 698 1322; x_wconf 77' lang='lat' dir='ltr'>editi</span> <span class='ocrx_word' id='word_1_122' title='bbox 715 1301 777 1322; x_wconf 86' lang='lat' dir='ltr'><em>an-</em></span> 
     </span>
     <span class='ocr_line' id='line_1_21' title="bbox 114 1335 776 1380; baseline -0.002 -11"><span class='ocrx_word' id='word_1_123' title='bbox 114 1339 149 1369; x_wconf 87' lang='lat' dir='ltr'><em>te</em></span> <span class='ocrx_word' id='word_1_124' title='bbox 174 1337 315 1370; x_wconf 81' lang='lat' dir='ltr'>Astium.</span> <span class='ocrx_word' id='word_1_125' title='bbox 362 1336 403 1369; x_wconf 90' lang='lat' dir='ltr'><em>In</em></span> <span class='ocrx_word' id='word_1_126' title='bbox 428 1336 519 1370; x_wconf 90' lang='lat' dir='ltr'>Mon.</span> <span class='ocrx_word' id='word_1_127' title='bbox 546 1335 586 1370; x_wconf 87' lang='lat' dir='ltr'>C.</span> <span class='ocrx_word' id='word_1_128' title='bbox 611 1346 653 1368; x_wconf 89' lang='grc' dir='ltr'><em>το</em></span> <span class='ocrx_word' id='word_1_129' title='bbox 674 1346 776 1380; x_wconf 83' lang='lat' dir='ltr'>super</span> 
     </span>
     <span class='ocr_line' id='line_1_22' title="bbox 112 1382 372 1435; baseline -0.008 -20"><span class='ocrx_word' id='word_1_130' title='bbox 112 1394 175 1415; x_wconf 89' lang='grc' dir='ltr'><em>ται</em></span> <span class='ocrx_word' id='word_1_131' title='bbox 198 1382 372 1435; x_wconf 65' lang='lat' dir='ltr'>sedptum.</span> 
     </span>
    </p>

    <p class='ocr_par' dir='ltr' id='par_1_14' title="bbox 110 1424 775 1737">
     <span class='ocr_line' id='line_1_23' title="bbox 159 1424 775 1470; baseline -0.005 -9"><span class='ocrx_word' id='word_1_132' title='bbox 159 1427 270 1468; x_wconf 72' lang='lat' dir='ltr'><em>Hn‘595</em></span> <span class='ocrx_word' id='word_1_133' title='bbox 296 1425 404 1470; x_wconf 83' lang='grc' dir='ltr'><em>Λέγει</em></span> <span class='ocrx_word' id='word_1_134' title='bbox 430 1427 519 1470; x_wconf 91' lang='grc' dir='ltr'><em>που]</em></span> <span class='ocrx_word' id='word_1_135' title='bbox 545 1426 626 1466; x_wconf 75' lang='grc' dir='ltr'><em>πῶς</em></span> <span class='ocrx_word' id='word_1_136' title='bbox 650 1424 775 1469; x_wconf 79' lang='grc' dir='ltr'><em>λέγεις.</em></span> 
     </span>
     <span class='ocr_line' id='line_1_24' title="bbox 111 1472 773 1516; baseline -0.003 -9"><span class='ocrx_word' id='word_1_137' title='bbox 111 1485 187 1508; x_wconf 90' lang='grc' dir='ltr'><em>που</em></span> <span class='ocrx_word' id='word_1_138' title='bbox 227 1474 312 1506; x_wconf 86' lang='lat' dir='ltr'>Lob.</span> <span class='ocrx_word' id='word_1_139' title='bbox 361 1474 437 1506; x_wconf 84' lang='lat' dir='ltr'>vat.</span> <span class='ocrx_word' id='word_1_140' title='bbox 474 1473 524 1507; x_wconf 89' lang='grc' dir='ltr'><em>Μ.</em></span> <span class='ocrx_word' id='word_1_141' title='bbox 570 1472 664 1516; x_wconf 81' lang='grc' dir='ltr'><em>(ποῦ</em></span> <span class='ocrx_word' id='word_1_142' title='bbox 697 1473 773 1505; x_wconf 84' lang='lat' dir='ltr'>AId.</span> 
     </span>
     <span class='ocr_line' id='line_1_25' title="bbox 110 1517 775 1563; baseline -0.006 -9"><span class='ocrx_word' id='word_1_143' title='bbox 110 1521 191 1562; x_wconf 70' lang='lat' dir='ltr'>Bas.</span> <span class='ocrx_word' id='word_1_144' title='bbox 217 1520 294 1563; x_wconf 84' lang='lat' dir='ltr'>ab.)</span> <span class='ocrx_word' id='word_1_145' title='bbox 331 1517 439 1562; x_wconf 83' lang='grc' dir='ltr'><em>Λέγει</em></span> <span class='ocrx_word' id='word_1_146' title='bbox 470 1530 543 1552; x_wconf 87' lang='grc' dir='ltr'><em>που</em></span> <span class='ocrx_word' id='word_1_147' title='bbox 576 1523 640 1551; x_wconf 86' lang='lat' dir='ltr'>etc.</span> <span class='ocrx_word' id='word_1_148' title='bbox 666 1530 775 1562; x_wconf 77' lang='lat' dir='ltr'>usque</span> 
     </span>
     <span class='ocr_line' id='line_1_26' title="bbox 111 1564 775 1608; baseline -0.005 -9"><span class='ocrx_word' id='word_1_149' title='bbox 111 1567 154 1599; x_wconf 85' lang='lat' dir='ltr'><em>ad</em></span> <span class='ocrx_word' id='word_1_150' title='bbox 188 1566 422 1608; x_wconf 82' lang='grc' dir='ltr'><em>καταμαθεῖν</em></span> <span class='ocrx_word' id='word_1_151' title='bbox 457 1564 580 1597; x_wconf 76' lang='lat' dir='ltr'><strong>iterum</strong></span> <span class='ocrx_word' id='word_1_152' title='bbox 615 1564 775 1604; x_wconf 66' lang='lat' dir='ltr'>leguntur</span> 
     </span>
     <span class='ocr_line' id='line_1_27' title="bbox 112 1610 773 1655; baseline -0.002 -11"><span class='ocrx_word' id='word_1_153' title='bbox 112 1611 258 1645; x_wconf 83' lang='lat' dir='ltr'>Stobaei</span> <span class='ocrx_word' id='word_1_154' title='bbox 282 1622 381 1644; x_wconf 84' lang='lat' dir='ltr'>serm.</span> <span class='ocrx_word' id='word_1_155' title='bbox 408 1610 534 1645; x_wconf 90' lang='lat' dir='ltr'>CVIII.</span> <span class='ocrx_word' id='word_1_156' title='bbox 560 1623 593 1655; x_wconf 89' lang='lat' dir='ltr'><em>p.</em></span> <span class='ocrx_word' id='word_1_157' title='bbox 614 1612 692 1644; x_wconf 82' lang='lat'>579.</span> <span class='ocrx_word' id='word_1_158' title='bbox 714 1610 773 1643; x_wconf 85' lang='lat' dir='ltr'><em>sed</em></span> 
     </span>
     <span class='ocr_line' id='line_1_28' title="bbox 110 1657 772 1702; baseline -0.002 -12"><span class='ocrx_word' id='word_1_159' title='bbox 110 1657 158 1690; x_wconf 89' lang='lat' dir='ltr'><em>ibi</em></span> <span class='ocrx_word' id='word_1_160' title='bbox 200 1668 334 1702; x_wconf 85' lang='lat' dir='ltr'>quoque</span> <span class='ocrx_word' id='word_1_161' title='bbox 368 1657 403 1690; x_wconf 91' lang='lat' dir='ltr'><em>in</em></span> <span class='ocrx_word' id='word_1_162' title='bbox 449 1657 522 1690; x_wconf 92' lang='lat' dir='ltr'>cod.</span> <span class='ocrx_word' id='word_1_163' title='bbox 555 1658 596 1690; x_wconf 81' lang='lat' dir='ltr'>A.</span> <span class='ocrx_word' id='word_1_164' title='bbox 640 1657 772 1690; x_wconf 84' lang='lat' dir='ltr'><strong>desunt.</strong></span> 
     </span>
     <span class='ocr_line' id='line_1_29' title="bbox 111 1702 692 1737; baseline 0 -1"><span class='ocrx_word' id='word_1_165' title='bbox 111 1714 185 1737; x_wconf 88' lang='grc' dir='ltr'><em>που</em></span> <span class='ocrx_word' id='word_1_166' title='bbox 210 1714 274 1736; x_wconf 88' lang='lat' dir='ltr'><em>om.</em></span> <span class='ocrx_word' id='word_1_167' title='bbox 299 1703 396 1736; x_wconf 90' lang='lat' dir='ltr'>Stob.</span> <span class='ocrx_word' id='word_1_168' title='bbox 421 1702 539 1736; x_wconf 67' lang='lat' dir='ltr'>TrInc.</span> <span class='ocrx_word' id='word_1_169' title='bbox 567 1702 692 1736; x_wconf 83' lang='lat' dir='ltr'>CVIII.</span> 
     </span>
    </p>

    <p class='ocr_par' dir='ltr' id='par_1_15' title="bbox 104 1744 772 2800">
     <span class='ocr_line' id='line_1_30' title="bbox 160 1744 772 1792; baseline -0.005 -9"><span class='ocrx_word' id='word_1_170' title='bbox 160 1744 219 1783; x_wconf 78' lang='grc' dir='ltr'><em>ὅτι</em></span> <span class='ocrx_word' id='word_1_171' title='bbox 241 1745 420 1792; x_wconf 73' lang='grc' dir='ltr'><em>μάλιστα]</em></span> <span class='ocrx_word' id='word_1_172' title='bbox 447 1744 587 1791; x_wconf 79' lang='grc' dir='ltr'><em>ὁτιμάλ.</em></span> <span class='ocrx_word' id='word_1_173' title='bbox 619 1748 711 1781; x_wconf 87' lang='grc' dir='ltr'><strong>Μοη.</strong></span> <span class='ocrx_word' id='word_1_174' title='bbox 732 1748 772 1781; x_wconf 91' lang='grc' dir='ltr'><em>Β.</em></span> 
     </span>
     <span class='ocr_line' id='line_1_31' title="bbox 112 1794 772 1839; baseline -0.005 -10"><span class='ocrx_word' id='word_1_175' title='bbox 112 1795 188 1829; x_wconf 82' lang='lat' dir='ltr'>Ast.</span> <span class='ocrx_word' id='word_1_176' title='bbox 213 1806 265 1839; x_wconf 82' lang='lat' dir='ltr'><em>pr.</em></span> <span class='ocrx_word' id='word_1_177' title='bbox 313 1794 500 1837; x_wconf 85' lang='lat' dir='ltr'><strong>Sequentia</strong></span> <span class='ocrx_word' id='word_1_178' title='bbox 523 1794 676 1828; x_wconf 69' lang='lat' dir='ltr'>adhibuit</span> <span class='ocrx_word' id='word_1_179' title='bbox 693 1794 772 1827; x_wconf 89' lang='lat' dir='ltr'>Plu—</span> 
     </span>
     <span class='ocr_line' id='line_1_32' title="bbox 113 1840 771 1893; baseline -0.002 -20"><span class='ocrx_word' id='word_1_180' title='bbox 113 1840 252 1874; x_wconf 81' lang='lat' dir='ltr'>tarchus</span> <span class='ocrx_word' id='word_1_181' title='bbox 287 1840 328 1873; x_wconf 83' lang='lat' dir='ltr'><em>ad</em></span> <span class='ocrx_word' id='word_1_182' title='bbox 361 1840 515 1885; x_wconf 89' lang='lat' dir='ltr'>Apollon.</span> <span class='ocrx_word' id='word_1_183' title='bbox 548 1851 591 1893; x_wconf 93' lang='lat' dir='ltr'><em>p.</em></span> <span class='ocrx_word' id='word_1_184' title='bbox 610 1842 687 1874; x_wconf 76' lang='lat'>112.</span> <span class='ocrx_word' id='word_1_185' title='bbox 718 1840 771 1873; x_wconf 88' lang='lat' dir='ltr'><em>E:</em></span> 
     </span>
     <span class='ocr_line' id='line_1_33' title="bbox 111 1882 771 1924; baseline -0.002 -5"><span class='ocrx_word' id='word_1_186' title='bbox 111 1884 172 1920; x_wconf 86' lang='grc' dir='ltr'><em>διὸ</em></span> <span class='ocrx_word' id='word_1_187' title='bbox 204 1885 268 1919; x_wconf 81' lang='grc' dir='ltr'><em>καὶ</em></span> <span class='ocrx_word' id='word_1_188' title='bbox 289 1883 391 1919; x_wconf 81' lang='grc' dir='ltr'><em>πάνυ</em></span> <span class='ocrx_word' id='word_1_189' title='bbox 424 1886 545 1924; x_wconf 78' lang='grc' dir='ltr'><em>καλῶς</em></span> <span class='ocrx_word' id='word_1_190' title='bbox 571 1882 591 1919; x_wconf 86' lang='grc' dir='ltr'>ὁ</span> <span class='ocrx_word' id='word_1_191' title='bbox 612 1883 771 1919; x_wconf 78' lang='grc' dir='ltr'><em>Πλάτων</em></span> 
     </span>
     <span class='ocr_line' id='line_1_34' title="bbox 111 1929 770 1975; baseline 0 -10"><span class='ocrx_word' id='word_1_192' title='bbox 111 1929 206 1966; x_wconf 84' lang='grc' dir='ltr'><em>εὀικε</em></span> <span class='ocrx_word' id='word_1_193' title='bbox 238 1934 434 1975; x_wconf 84' lang='grc' dir='ltr'><em>παραινεῖν</em></span> <span class='ocrx_word' id='word_1_194' title='bbox 468 1929 506 1965; x_wconf 81' lang='grc' dir='ltr'><em>ἐν</em></span> <span class='ocrx_word' id='word_1_195' title='bbox 538 1933 620 1969; x_wconf 82' lang='grc' dir='ltr'><em>ταῖς</em></span> <span class='ocrx_word' id='word_1_196' title='bbox 643 1929 770 1965; x_wconf 84' lang='grc' dir='ltr'><em>τοιαύ-</em></span> 
     </span>
     <span class='ocr_line' id='line_1_35' title="bbox 109 1974 769 2033; baseline -0.002 -22"><span class='ocrx_word' id='word_1_197' title='bbox 109 1989 191 2017; x_wconf 88' lang='grc' dir='ltr'><em>ταις</em></span> <span class='ocrx_word' id='word_1_198' title='bbox 215 1980 456 2033; x_wconf 83' lang='grc' dir='ltr'><em>συμφοραῖς</em></span> <span class='ocrx_word' id='word_1_199' title='bbox 472 1974 630 2021; x_wconf 81' lang='grc' dir='ltr'><em>ἡσυχίαν</em></span> <span class='ocrx_word' id='word_1_200' title='bbox 665 1975 769 2020; x_wconf 78' lang='grc' dir='ltr'><em>ἔχειν,</em></span> 
     </span>
     <span class='ocr_line' id='line_1_36' title="bbox 109 2019 768 2080; baseline 0 -22"><span class='ocrx_word' id='word_1_201' title='bbox 109 2036 162 2063; x_wconf 82' lang='grc' dir='ltr'><em>ως</em></span> <span class='ocrx_word' id='word_1_202' title='bbox 186 2020 272 2058; x_wconf 77' lang='grc' dir='ltr'><em>οὔτε</em></span> <span class='ocrx_word' id='word_1_203' title='bbox 296 2021 410 2080; x_wconf 66' lang='grc' dir='ltr'><em>δήλου</em></span> <span class='ocrx_word' id='word_1_204' title='bbox 435 2019 546 2062; x_wconf 80' lang='grc' dir='ltr'><em>ὄντος</em></span> <span class='ocrx_word' id='word_1_205' title='bbox 564 2023 632 2057; x_wconf 83' lang='grc' dir='ltr'><em>τοῦ</em></span> <span class='ocrx_word' id='word_1_206' title='bbox 652 2024 768 2058; x_wconf 82' lang='grc' dir='ltr'><em>κακοῦ</em></span> 
     </span>
     <span class='ocr_line' id='line_1_37' title="bbox 108 2065 768 2114; baseline 0 -10"><span class='ocrx_word' id='word_1_207' title='bbox 108 2082 173 2104; x_wconf 89' lang='grc' dir='ltr'><em>και</em></span> <span class='ocrx_word' id='word_1_208' title='bbox 205 2070 274 2104; x_wconf 82' lang='grc' dir='ltr'><em>τοῦ</em></span> <span class='ocrx_word' id='word_1_209' title='bbox 313 2082 361 2114; x_wconf 87' lang='grc' dir='ltr'><em>αγ</em></span> <span class='ocrx_word' id='word_1_210' title='bbox 364 2070 467 2104; x_wconf 86' lang='grc' dir='ltr'><em>αθοῦ</em></span> <span class='ocrx_word' id='word_1_211' title='bbox 510 2065 598 2103; x_wconf 76' lang='grc' dir='ltr'><em>οὔτε</em></span> <span class='ocrx_word' id='word_1_212' title='bbox 634 2070 685 2109; x_wconf 87' lang='grc' dir='ltr'><em>εἰς</em></span> <span class='ocrx_word' id='word_1_213' title='bbox 724 2069 768 2104; x_wconf 89' lang='grc' dir='ltr'><em>τὸ</em></span> 
     </span>
     <span class='ocr_line' id='line_1_38' title="bbox 107 2113 769 2171; baseline -0.002 -21"><span class='ocrx_word' id='word_1_214' title='bbox 107 2114 276 2159; x_wconf 82' lang='grc' dir='ltr'><em>πρόσθεν</em></span> <span class='ocrx_word' id='word_1_215' title='bbox 313 2113 424 2151; x_wconf 90' lang='grc' dir='ltr'><em>ουδεν</em></span> <span class='ocrx_word' id='word_1_216' title='bbox 463 2115 673 2160; x_wconf 83' lang='grc' dir='ltr'><em>προβαῖνον</em></span> <span class='ocrx_word' id='word_1_217' title='bbox 717 2116 769 2171; x_wconf 83' lang='grc' dir='ltr'><em>τῷ</em></span> 
     </span>
     <span class='ocr_line' id='line_1_39' title="bbox 106 2159 770 2217; baseline 0 -22"><span class='ocrx_word' id='word_1_218' title='bbox 106 2162 274 2205; x_wconf 79' lang='grc' dir='ltr'><em>χαλεπῶς</em></span> <span class='ocrx_word' id='word_1_219' title='bbox 298 2160 463 2217; x_wconf 82' lang='grc' dir='ltr'><em>φέροντι.</em></span> <span class='ocrx_word' id='word_1_220' title='bbox 503 2159 677 2205; x_wconf 78' lang='grc' dir='ltr'><em>ἐμποδών</em></span> <span class='ocrx_word' id='word_1_221' title='bbox 698 2160 770 2206; x_wconf 83' lang='grc' dir='ltr'><em>γὰρ</em></span> 
     </span>
     <span class='ocr_line' id='line_1_40' title="bbox 107 2205 769 2265; baseline 0 -24"><span class='ocrx_word' id='word_1_222' title='bbox 107 2207 278 2261; x_wconf 83' lang='grc' dir='ltr'><em>γίνεσθαι</em></span> <span class='ocrx_word' id='word_1_223' title='bbox 301 2205 344 2242; x_wconf 84' lang='grc' dir='ltr'>τὸ</span> <span class='ocrx_word' id='word_1_224' title='bbox 378 2209 577 2246; x_wconf 85' lang='grc' dir='ltr'><em>λυπεῖσθαι</em></span> <span class='ocrx_word' id='word_1_225' title='bbox 604 2208 656 2263; x_wconf 80' lang='grc' dir='ltr'><em>τῷ</em></span> <span class='ocrx_word' id='word_1_226' title='bbox 682 2210 769 2265; x_wconf 86' lang='grc' dir='ltr'><em>βου-</em></span> 
     </span>
     <span class='ocr_line' id='line_1_41' title="bbox 108 2250 770 2297; baseline 0 -10"><span class='ocrx_word' id='word_1_227' title='bbox 108 2250 283 2287; x_wconf 84' lang='grc' dir='ltr'><em>λεύεσθαι</em></span> <span class='ocrx_word' id='word_1_228' title='bbox 315 2253 400 2295; x_wconf 86' lang='grc' dir='ltr'><em>περὶ</em></span> <span class='ocrx_word' id='word_1_229' title='bbox 437 2251 480 2289; x_wconf 86' lang='grc' dir='ltr'><em>τὸ</em></span> <span class='ocrx_word' id='word_1_230' title='bbox 521 2252 672 2297; x_wconf 83' lang='grc' dir='ltr'><em>γεγονὸς</em></span> <span class='ocrx_word' id='word_1_231' title='bbox 707 2253 770 2288; x_wconf 81' lang='grc' dir='ltr'><em>καὶ</em></span> 
     </span>
     <span class='ocr_line' id='line_1_42' title="bbox 109 2295 769 2354; baseline 0 -21"><span class='ocrx_word' id='word_1_232' title='bbox 109 2295 232 2343; x_wconf 76' lang='grc' dir='ltr'><em>ω’σπερ</em></span> <span class='ocrx_word' id='word_1_233' title='bbox 253 2311 292 2333; x_wconf 92' lang='grc' dir='ltr'><em>εν</em></span> <span class='ocrx_word' id='word_1_234' title='bbox 311 2298 448 2333; x_wconf 74' lang='grc' dir='ltr'><em>πτώσει</em></span> <span class='ocrx_word' id='word_1_235' title='bbox 467 2297 597 2354; x_wconf 75' lang='grc' dir='ltr'><em>κύβων</em></span> <span class='ocrx_word' id='word_1_236' title='bbox 610 2298 704 2343; x_wconf 88' lang='grc' dir='ltr'><em>πρὸς</em></span> <span class='ocrx_word' id='word_1_237' title='bbox 722 2297 769 2333; x_wconf 78' lang='grc' dir='ltr'><em>τοὶ</em></span> 
     </span>
     <span class='ocr_line' id='line_1_43' title="bbox 108 2343 769 2380; baseline 0.003 -2"><span class='ocrx_word' id='word_1_238' title='bbox 108 2343 330 2380; x_wconf 82' lang='grc' dir='ltr'><em>πεπτωκότα</em></span> <span class='ocrx_word' id='word_1_239' title='bbox 353 2346 530 2379; x_wconf 84' lang='grc' dir='ltr'><em>τίθεσθαι</em></span> <span class='ocrx_word' id='word_1_240' title='bbox 557 2343 603 2379; x_wconf 79' lang='grc' dir='ltr'><em>τὰ</em></span> <span class='ocrx_word' id='word_1_241' title='bbox 630 2344 769 2380; x_wconf 75' lang='grc' dir='ltr'><em>εαυτοῦ</em></span> 
     </span>
     <span class='ocr_line' id='line_1_44' title="bbox 108 2387 768 2449; baseline 0.005 -25"><span class='ocrx_word' id='word_1_242' title='bbox 108 2389 307 2449; x_wconf 78' lang='grc' dir='ltr'><em>πράγματα</em></span> <span class='ocrx_word' id='word_1_243' title='bbox 332 2387 407 2435; x_wconf 81' lang='grc' dir='ltr'><em>σ’πη</em></span> <span class='ocrx_word' id='word_1_244' title='bbox 435 2389 544 2436; x_wconf 81' lang='grc' dir='ltr'><em>λόγος</em></span> <span class='ocrx_word' id='word_1_245' title='bbox 568 2391 666 2436; x_wconf 80' lang='grc' dir='ltr'><em>αιρεῖ</em></span> <span class='ocrx_word' id='word_1_246' title='bbox 689 2391 768 2438; x_wconf 84' lang='grc' dir='ltr'><em>βέλ-</em></span> 
     </span>
     <span class='ocr_line' id='line_1_45' title="bbox 108 2435 768 2496; baseline 0.003 -26"><span class='ocrx_word' id='word_1_247' title='bbox 108 2435 205 2471; x_wconf 82' lang='grc' dir='ltr'><em>τιστ’</em></span> <span class='ocrx_word' id='word_1_248' title='bbox 230 2435 333 2480; x_wconf 86' lang='grc' dir='ltr'><em>ε’χειν.</em></span> <span class='ocrx_word' id='word_1_249' title='bbox 369 2436 414 2471; x_wconf 74' lang='grc' dir='ltr'><em>οὕ</em></span> <span class='ocrx_word' id='word_1_250' title='bbox 449 2437 528 2471; x_wconf 89' lang='grc' dir='ltr'><em>δεῖν</em></span> <span class='ocrx_word' id='word_1_251' title='bbox 561 2437 630 2472; x_wconf 75' lang='grc' dir='ltr'><em>οὖν</em></span> <span class='ocrx_word' id='word_1_252' title='bbox 653 2449 768 2496; x_wconf 90' lang='grc' dir='ltr'><em>προσ-</em></span> 
     </span>
     <span class='ocr_line' id='line_1_46' title="bbox 106 2481 769 2528; baseline 0.002 -11"><span class='ocrx_word' id='word_1_253' title='bbox 106 2483 339 2523; x_wconf 86' lang='grc' dir='ltr'><em>πταίσαντας</em></span> <span class='ocrx_word' id='word_1_254' title='bbox 353 2481 527 2527; x_wconf 79' lang='grc' dir='ltr'><em>καθάπερ</em></span> <span class='ocrx_word' id='word_1_255' title='bbox 536 2482 708 2524; x_wconf 83' lang='grc' dir='ltr'><em>παῖδας’</em></span> <span class='ocrx_word' id='word_1_256' title='bbox 692 2496 769 2528; x_wconf 86' lang='grc' dir='ltr'><em>εχο-</em></span> 
     </span>
     <span class='ocr_line' id='line_1_47' title="bbox 107 2527 767 2586; baseline 0.003 -24"><span class='ocrx_word' id='word_1_257' title='bbox 107 2527 242 2572; x_wconf 81' lang='grc' dir='ltr'><em>μένους</em></span> <span class='ocrx_word' id='word_1_258' title='bbox 258 2529 326 2564; x_wconf 90' lang='grc' dir='ltr'><em>τοῦ</em></span> <span class='ocrx_word' id='word_1_259' title='bbox 345 2528 544 2573; x_wconf 84' lang='grc' dir='ltr'><em>πληγέντος</em></span> <span class='ocrx_word' id='word_1_260' title='bbox 565 2530 672 2586; x_wconf 79' lang='grc' dir='ltr'><em>βοᾷν,</em></span> <span class='ocrx_word' id='word_1_261' title='bbox 691 2527 767 2564; x_wconf 84' lang='grc' dir='ltr'><em>ἀλλ’</em></span> 
     </span>
     <span class='ocr_line' id='line_1_48' title="bbox 107 2572 769 2620; baseline 0.003 -12"><span class='ocrx_word' id='word_1_262' title='bbox 107 2573 245 2616; x_wconf 84' lang='grc' dir='ltr'><em>ἐθίζειν</em></span> <span class='ocrx_word' id='word_1_263' title='bbox 284 2572 351 2619; x_wconf 82' lang='grc' dir='ltr'><em>τήν</em></span> <span class='ocrx_word' id='word_1_264' title='bbox 391 2574 516 2619; x_wconf 82' lang='grc' dir='ltr'><em>ψυχὴν</em></span> <span class='ocrx_word' id='word_1_265' title='bbox 557 2588 769 2620; x_wconf 86' lang='grc' dir='ltr'><em>οτιταχιστα</em></span> 
     </span>
     <span class='ocr_line' id='line_1_49' title="bbox 106 2620 769 2664; baseline 0.003 -10.003"><span class='ocrx_word' id='word_1_266' title='bbox 106 2621 277 2664; x_wconf 84' lang='grc' dir='ltr'><em>γίνεσθαι</em></span> <span class='ocrx_word' id='word_1_267' title='bbox 301 2620 385 2664; x_wconf 84' lang='grc' dir='ltr'><em>περὶ</em></span> <span class='ocrx_word' id='word_1_268' title='bbox 409 2620 452 2656; x_wconf 82' lang='grc' dir='ltr'><em>τὸ</em></span> <span class='ocrx_word' id='word_1_269' title='bbox 480 2622 616 2656; x_wconf 81' lang='grc' dir='ltr'><em>ἰᾶσθαί</em></span> <span class='ocrx_word' id='word_1_270' title='bbox 639 2634 677 2656; x_wconf 91' lang='grc' dir='ltr'><em>τε</em></span> <span class='ocrx_word' id='word_1_271' title='bbox 706 2622 769 2656; x_wconf 84' lang='grc' dir='ltr'><em>καὶ</em></span> 
     </span>
     <span class='ocr_line' id='line_1_50' title="bbox 106 2665 769 2711; baseline 0.003 -11"><span class='ocrx_word' id='word_1_272' title='bbox 106 2665 350 2711; x_wconf 77' lang='grc' dir='ltr'><em>ἐπανορθοῦν</em></span> <span class='ocrx_word' id='word_1_273' title='bbox 373 2665 415 2702; x_wconf 86' lang='grc' dir='ltr'><em>τὸ</em></span> <span class='ocrx_word' id='word_1_274' title='bbox 442 2665 556 2702; x_wconf 88' lang='grc' dir='ltr'><em>πεσόν</em></span> <span class='ocrx_word' id='word_1_275' title='bbox 574 2680 610 2702; x_wconf 87' lang='grc' dir='ltr'><em>τε</em></span> <span class='ocrx_word' id='word_1_276' title='bbox 626 2668 689 2703; x_wconf 86' lang='grc' dir='ltr'><em>καὶ</em></span> <span class='ocrx_word' id='word_1_277' title='bbox 709 2681 769 2702; x_wconf 87' lang='grc' dir='ltr'><em>νο-</em></span> 
     </span>
     <span class='ocr_line' id='line_1_51' title="bbox 107 2713 769 2760; baseline 0.003 -14"><span class='ocrx_word' id='word_1_278' title='bbox 107 2713 236 2756; x_wconf 87' lang='grc' dir='ltr'><em>σῆσαν,</em></span> <span class='ocrx_word' id='word_1_279' title='bbox 263 2713 407 2759; x_wconf 83' lang='grc' dir='ltr'><em>ἰατρικῇ</em></span> <span class='ocrx_word' id='word_1_280' title='bbox 432 2714 648 2760; x_wconf 74' lang='grc' dir='ltr'><em>θρηνῳδίαν</em></span> <span class='ocrx_word' id='word_1_281' title='bbox 669 2726 769 2759; x_wconf 82' lang='grc' dir='ltr'><em>αφα-</em></span> 
     </span>
     <span class='ocr_line' id='line_1_52' title="bbox 104 2760 286 2800; baseline -0.005 -7"><span class='ocrx_word' id='word_1_282' title='bbox 104 2760 286 2800; x_wconf 82' lang='grc' dir='ltr'><em>νίζοντας.</em></span> 
     </span>
    </p>

    <p class='ocr_par' dir='ltr' id='par_1_16' title="bbox 108 2803 768 2886">
     <span class='ocr_line' id='line_1_53' title="bbox 155 2803 768 2849; baseline 0.002 -10"><span class='ocrx_word' id='word_1_283' title='bbox 155 2803 307 2849; x_wconf 81' lang='grc' dir='ltr'><em>ἀγαθοῦ</em></span> <span class='ocrx_word' id='word_1_284' title='bbox 331 2806 395 2849; x_wconf 87' lang='grc' dir='ltr'><em>τε]</em></span> <span class='ocrx_word' id='word_1_285' title='bbox 410 2817 448 2839; x_wconf 90' lang='grc' dir='ltr'><em>τε</em></span> <span class='ocrx_word' id='word_1_286' title='bbox 473 2817 538 2840; x_wconf 87' lang='lat' dir='ltr'>om.</span> <span class='ocrx_word' id='word_1_287' title='bbox 561 2806 647 2840; x_wconf 92' lang='lat' dir='ltr'>Lob.</span> <span class='ocrx_word' id='word_1_288' title='bbox 667 2806 768 2841; x_wconf 85' lang='lat' dir='ltr'>Vind.</span> 
     </span>
     <span class='ocr_line' id='line_1_54' title="bbox 108 2852 731 2886; baseline 0 -1"><span class='ocrx_word' id='word_1_289' title='bbox 108 2852 151 2885; x_wconf 84' lang='lat' dir='ltr'>E.</span> <span class='ocrx_word' id='word_1_290' title='bbox 179 2852 270 2886; x_wconf 86' lang='lat' dir='ltr'>Mon.</span> <span class='ocrx_word' id='word_1_291' title='bbox 296 2853 336 2886; x_wconf 91' lang='grc' dir='ltr'><em>Β.</em></span> <span class='ocrx_word' id='word_1_292' title='bbox 363 2853 443 2886; x_wconf 80' lang='lat' dir='ltr'>vat.</span> <span class='ocrx_word' id='word_1_293' title='bbox 467 2852 545 2886; x_wconf 81' lang='grc' dir='ltr'><em>ΒΜ.</em></span> <span class='ocrx_word' id='word_1_294' title='bbox 570 2852 663 2886; x_wconf 76' lang='lat' dir='ltr'>Flor.</span> <span class='ocrx_word' id='word_1_295' title='bbox 687 2852 731 2885; x_wconf 90' lang='lat' dir='ltr'><em>U.</em></span> 
     </span>
    </p>

    <p class='ocr_par' dir='ltr' id='par_1_17' title="bbox 153 2896 767 2943">
     <span class='ocr_line' id='line_1_55' title="bbox 153 2896 767 2943; baseline 0 -11"><span class='ocrx_word' id='word_1_296' title='bbox 153 2896 216 2932; x_wconf 73' lang='grc' dir='ltr'><em>καὶ</em></span> <span class='ocrx_word' id='word_1_297' title='bbox 235 2898 368 2943; x_wconf 78' lang='grc' dir='ltr'><em>κακοῦ]</em></span> <span class='ocrx_word' id='word_1_298' title='bbox 395 2897 459 2932; x_wconf 84' lang='grc' dir='ltr'><em>καὶ</em></span> <span class='ocrx_word' id='word_1_299' title='bbox 482 2898 549 2932; x_wconf 86' lang='grc' dir='ltr'><em>τοῦ</em></span> <span class='ocrx_word' id='word_1_300' title='bbox 568 2910 600 2932; x_wconf 90' lang='grc' dir='ltr'><em>κ.</em></span> <span class='ocrx_word' id='word_1_301' title='bbox 611 2898 767 2933; x_wconf 79' lang='lat' dir='ltr'>Vind.E</span> 
     </span>
    </p>
   </div>
   <div class='ocr_carea' id='block_1_10' title="bbox 832 1060 1500 1335">
    <p class='ocr_par' dir='ltr' id='par_1_18' title="bbox 832 1060 1500 1193">
     <span class='ocr_line' id='line_1_56' title="bbox 881 1060 1498 1106; baseline 0.003 -12"><span class='ocrx_word' id='word_1_302' title='bbox 881 1060 1113 1106; x_wconf 86' lang='grc' dir='ltr'><em>προβαῖνον]</em></span> <span class='ocrx_word' id='word_1_303' title='bbox 1150 1060 1366 1105; x_wconf 84' lang='grc' dir='ltr'><em>προβαίνων</em></span> <span class='ocrx_word' id='word_1_304' title='bbox 1400 1061 1498 1096; x_wconf 76' lang='lat' dir='ltr'>Vind.</span> 
     </span>
     <span class='ocr_line' id='line_1_57' title="bbox 834 1106 1500 1148; baseline 0 -8"><span class='ocrx_word' id='word_1_305' title='bbox 834 1107 875 1141; x_wconf 92' lang='lat' dir='ltr'><em>B.</em></span> <span class='ocrx_word' id='word_1_306' title='bbox 901 1114 946 1148; x_wconf 84' lang='lat' dir='ltr'><em>et,</em></span> <span class='ocrx_word' id='word_1_307' title='bbox 976 1106 1093 1140; x_wconf 86' lang='lat' dir='ltr'>addito</span> <span class='ocrx_word' id='word_1_308' title='bbox 1120 1106 1162 1139; x_wconf 85' lang='lat' dir='ltr'><em>ad</em></span> <span class='ocrx_word' id='word_1_309' title='bbox 1192 1114 1329 1140; x_wconf 80' lang='lat' dir='ltr'><strong>acutum</strong></span> <span class='ocrx_word' id='word_1_310' title='bbox 1355 1107 1500 1140; x_wconf 85' lang='lat' dir='ltr'><strong>circum-</strong></span> 
     </span>
     <span class='ocr_line' id='line_1_58' title="bbox 832 1152 1119 1193; baseline -0.003 -7"><span class='ocrx_word' id='word_1_311' title='bbox 832 1153 935 1193; x_wconf 77' lang='lat' dir='ltr'>flexo,</span> <span class='ocrx_word' id='word_1_312' title='bbox 959 1152 1052 1185; x_wconf 85' lang='lat' dir='ltr'>Mon.</span> <span class='ocrx_word' id='word_1_313' title='bbox 1078 1153 1119 1185; x_wconf 91' lang='lat' dir='ltr'>C.</span> 
     </span>
    </p>

    <p class='ocr_par' dir='ltr' id='par_1_19' title="bbox 832 1198 1499 1335">
     <span class='ocr_line' id='line_1_59' title="bbox 878 1198 1498 1242; baseline 0.008 -12"><span class='ocrx_word' id='word_1_314' title='bbox 878 1198 1058 1242; x_wconf 78' lang='grc' dir='ltr'><em>χαλεπῶς]</em></span> <span class='ocrx_word' id='word_1_315' title='bbox 1083 1198 1229 1241; x_wconf 81' lang='grc' dir='ltr'><em>χαλεπῶ</em></span> <span class='ocrx_word' id='word_1_316' title='bbox 1249 1198 1351 1232; x_wconf 81' lang='lat' dir='ltr'>Vind.</span> <span class='ocrx_word' id='word_1_317' title='bbox 1364 1199 1404 1233; x_wconf 84' lang='lat' dir='ltr'><em>F.</em></span> <span class='ocrx_word' id='word_1_318' title='bbox 1419 1199 1498 1235; x_wconf 84' lang='lat' dir='ltr'>Par.</span> 
     </span>
     <span class='ocr_line' id='line_1_60' title="bbox 832 1244 1498 1288; baseline 0.002 -11"><span class='ocrx_word' id='word_1_319' title='bbox 832 1244 876 1278; x_wconf 88' lang='lat' dir='ltr'><em>K.</em></span> <span class='ocrx_word' id='word_1_320' title='bbox 902 1255 970 1278; x_wconf 86' lang='lat' dir='ltr'>see.</span> <span class='ocrx_word' id='word_1_321' title='bbox 995 1244 1106 1278; x_wconf 86' lang='lat' dir='ltr'>Bekk.</span> <span class='ocrx_word' id='word_1_322' title='bbox 1143 1245 1228 1288; x_wconf 83' lang='lat' dir='ltr'>Ang.</span> <span class='ocrx_word' id='word_1_323' title='bbox 1254 1245 1294 1278; x_wconf 93' lang='lat' dir='ltr'><em>B.</em></span> <span class='ocrx_word' id='word_1_324' title='bbox 1324 1247 1498 1288; x_wconf 82' lang='grc' dir='ltr'><em>χαλεπαι-</em></span> 
     </span>
     <span class='ocr_line' id='line_1_61' title="bbox 832 1290 1499 1335; baseline 0.003 -12"><span class='ocrx_word' id='word_1_325' title='bbox 832 1302 948 1332; x_wconf 88' lang='grc' dir='ltr'><em>νοντι,</em></span> <span class='ocrx_word' id='word_1_326' title='bbox 974 1301 1048 1334; x_wconf 89' lang='lat' dir='ltr'>sup.</span> <span class='ocrx_word' id='word_1_327' title='bbox 1075 1290 1126 1328; x_wconf 80' lang='grc' dir='ltr'><em>ὦς</em></span> <span class='ocrx_word' id='word_1_328' title='bbox 1150 1301 1253 1335; x_wconf 85' lang='lat' dir='ltr'>super</span> <span class='ocrx_word' id='word_1_329' title='bbox 1274 1290 1424 1325; x_wconf 78' lang='lat' dir='ltr'>inductis</span> <span class='ocrx_word' id='word_1_330' title='bbox 1443 1303 1499 1325; x_wconf 86' lang='grc' dir='ltr'><em>αι·-</em></span> 
     </span>
    </p>
   </div>
   <div class='ocr_carea' id='block_1_11' title="bbox 833 1329 1498 1426">
    <p class='ocr_par' dir='ltr' id='par_1_20' title="bbox 833 1329 1498 1426">
     <span class='ocr_line' id='line_1_62' title="bbox 833 1329 1103 1378; baseline -0.007 -8"><span class='ocrx_word' id='word_1_331' title='bbox 833 1329 912 1378; x_wconf 81' lang='grc' dir='ltr'><em>νον,</em></span> <span class='ocrx_word' id='word_1_332' title='bbox 942 1336 1035 1369; x_wconf 84' lang='lat' dir='ltr'>Mon.</span> <span class='ocrx_word' id='word_1_333' title='bbox 1063 1336 1103 1369; x_wconf 88' lang='lat' dir='ltr'><em>C.</em></span> 
     </span>
     <span class='ocr_line' id='line_1_63' title="bbox 880 1379 1498 1426; baseline 0.003 -11"><span class='ocrx_word' id='word_1_334' title='bbox 880 1379 1146 1426; x_wconf 82' lang='grc' dir='ltr'><em>ἀνθρωπίνων]</em></span> <span class='ocrx_word' id='word_1_335' title='bbox 1172 1382 1238 1415; x_wconf 84' lang='lat' dir='ltr'><em>Hic</em></span> <span class='ocrx_word' id='word_1_336' title='bbox 1263 1383 1380 1416; x_wconf 85' lang='lat' dir='ltr'>deficit</span> <span class='ocrx_word' id='word_1_337' title='bbox 1403 1383 1498 1418; x_wconf 86' lang='lat' dir='ltr'>Mon.</span> 
     </span>
    </p>
   </div>
   <div class='ocr_carea' id='block_1_12' title="bbox 830 1469 1496 1701">
    <p class='ocr_par' dir='ltr' id='par_1_21' title="bbox 878 1469 1406 1528">
     <span class='ocr_line' id='line_1_64' title="bbox 878 1469 1406 1528; baseline 0 -22"><span class='ocrx_word' id='word_1_338' title='bbox 878 1469 999 1528; x_wconf 73' lang='grc' dir='ltr'><em>ἀξιον]</em></span> <span class='ocrx_word' id='word_1_339' title='bbox 1025 1486 1090 1507; x_wconf 86' lang='lat' dir='ltr'><em>om.</em></span> <span class='ocrx_word' id='word_1_340' title='bbox 1114 1474 1199 1507; x_wconf 92' lang='lat' dir='ltr'>Lob.</span> <span class='ocrx_word' id='word_1_341' title='bbox 1221 1474 1301 1506; x_wconf 83' lang='lat' dir='ltr'>V.at</span> <span class='ocrx_word' id='word_1_342' title='bbox 1327 1473 1406 1507; x_wconf 78' lang='grc' dir='ltr'><em>ΒΜ.</em></span> 
     </span>
    </p>

    <p class='ocr_par' dir='ltr' id='par_1_22' title="bbox 830 1516 1496 1701">
     <span class='ocr_line' id='line_1_65' title="bbox 879 1516 1495 1563; baseline 0 -10"><span class='ocrx_word' id='word_1_343' title='bbox 879 1516 902 1554; x_wconf 79' lang='grc' dir='ltr'>ὅ</span> <span class='ocrx_word' id='word_1_344' title='bbox 922 1520 984 1563; x_wconf 86' lang='grc' dir='ltr'><em>τε]</em></span> <span class='ocrx_word' id='word_1_345' title='bbox 1019 1516 1076 1553; x_wconf 79' lang='grc' dir='ltr'><em>ὅτι</em></span> <span class='ocrx_word' id='word_1_346' title='bbox 1102 1520 1200 1553; x_wconf 83' lang='lat' dir='ltr'>Stob.</span> <span class='ocrx_word' id='word_1_347' title='bbox 1225 1519 1343 1554; x_wconf 78' lang='lat' dir='ltr'>Trinc.</span> <span class='ocrx_word' id='word_1_348' title='bbox 1369 1520 1431 1553; x_wconf 77' lang='lat' dir='ltr'><em>CV</em></span> <span class='ocrx_word' id='word_1_349' title='bbox 1432 1520 1495 1554; x_wconf 89' lang='lat' dir='ltr'>III.</span> 
     </span>
     <span class='ocr_line' id='line_1_66' title="bbox 831 1562 1496 1609; baseline 0.002 -10"><span class='ocrx_word' id='word_1_350' title='bbox 831 1570 877 1606; x_wconf 85' lang='lat' dir='ltr'><em>et,</em></span> <span class='ocrx_word' id='word_1_351' title='bbox 902 1577 976 1609; x_wconf 77' lang='lat' dir='ltr'>sup.</span> <span class='ocrx_word' id='word_1_352' title='bbox 1005 1577 1019 1598; x_wconf 89' lang='grc' dir='ltr'><em>ε</em></span> <span class='ocrx_word' id='word_1_353' title='bbox 1045 1577 1145 1608; x_wconf 82' lang='lat' dir='ltr'>super</span> <span class='ocrx_word' id='word_1_354' title='bbox 1168 1578 1214 1607; x_wconf 82' lang='grc' dir='ltr'><em>τι,</em></span> <span class='ocrx_word' id='word_1_355' title='bbox 1240 1565 1318 1598; x_wconf 84' lang='lat' dir='ltr'>Par.</span> <span class='ocrx_word' id='word_1_356' title='bbox 1344 1568 1385 1600; x_wconf 86' lang='lat' dir='ltr'><em>A.</em></span> <span class='ocrx_word' id='word_1_357' title='bbox 1408 1562 1496 1600; x_wconf 76' lang='grc' dir='ltr'><em>οὔτε</em></span> 
     </span>
     <span class='ocr_line' id='line_1_67' title="bbox 830 1607 1496 1657; baseline 0.005 -13"><span class='ocrx_word' id='word_1_358' title='bbox 830 1612 916 1656; x_wconf 82' lang='lat' dir='ltr'>Ang.</span> <span class='ocrx_word' id='word_1_359' title='bbox 942 1612 981 1644; x_wconf 87' lang='lat' dir='ltr'><em>B.</em></span> <span class='ocrx_word' id='word_1_360' title='bbox 1031 1612 1071 1644; x_wconf 91' lang='lat' dir='ltr'><em>In</em></span> <span class='ocrx_word' id='word_1_361' title='bbox 1099 1612 1196 1645; x_wconf 77' lang='lat' dir='ltr'>vind.</span> <span class='ocrx_word' id='word_1_362' title='bbox 1222 1611 1261 1644; x_wconf 93' lang='lat' dir='ltr'><em>F.</em></span> <span class='ocrx_word' id='word_1_363' title='bbox 1294 1607 1321 1644; x_wconf 87' lang='grc' dir='ltr'><em>α’</em></span> <span class='ocrx_word' id='word_1_364' title='bbox 1345 1624 1447 1657; x_wconf 79' lang='lat' dir='ltr'>snper</span> <span class='ocrx_word' id='word_1_365' title='bbox 1473 1609 1496 1647; x_wconf 77' lang='grc' dir='ltr'><em>ὅ</em></span> 
     </span>
     <span class='ocr_line' id='line_1_68' title="bbox 831 1658 1228 1701; baseline -0.005 -9"><span class='ocrx_word' id='word_1_366' title='bbox 831 1669 851 1692; x_wconf 77' lang='lat' dir='ltr'><strong>a</strong></span> <span class='ocrx_word' id='word_1_367' title='bbox 874 1670 918 1692; x_wconf 84' lang='lat' dir='ltr'><em>m.</em></span> <span class='ocrx_word' id='word_1_368' title='bbox 943 1670 969 1690; x_wconf 91' lang='grc'><strong>5.</strong></span> <span class='ocrx_word' id='word_1_369' title='bbox 996 1669 1067 1701; x_wconf 86' lang='lat' dir='ltr'>pos·</span> <span class='ocrx_word' id='word_1_370' title='bbox 1060 1658 1138 1690; x_wconf 86' lang='lat' dir='ltr'>&#39;tum</span> <span class='ocrx_word' id='word_1_371' title='bbox 1165 1662 1228 1692; x_wconf 74' lang='lat' dir='ltr'>est.</span> 
     </span>
    </p>
   </div>
   <div class='ocr_carea' id='block_1_13' title="bbox 830 1714 1496 1805">
    <p class='ocr_par' dir='ltr' id='par_1_23' title="bbox 830 1714 1496 1805">
     <span class='ocr_line' id='line_1_69' title="bbox 877 1714 1495 1759; baseline -0.003 -9.916"><span class='ocrx_word' id='word_1_372' title='bbox 877 1715 955 1759; x_wconf 89' lang='grc' dir='ltr'><em>δεῖ]</em></span> <span class='ocrx_word' id='word_1_373' title='bbox 1000 1727 1064 1747; x_wconf 88' lang='lat' dir='ltr'><em>om.</em></span> <span class='ocrx_word' id='word_1_374' title='bbox 1109 1714 1208 1747; x_wconf 83' lang='lat' dir='ltr'>Vind.</span> <span class='ocrx_word' id='word_1_375' title='bbox 1242 1714 1287 1747; x_wconf 88' lang='lat' dir='ltr'><em>F.</em></span> <span class='ocrx_word' id='word_1_376' title='bbox 1328 1718 1416 1758; x_wconf 86' lang='lat' dir='ltr'>Ang.</span> <span class='ocrx_word' id='word_1_377' title='bbox 1454 1715 1495 1747; x_wconf 89' lang='lat' dir='ltr'><em>B.</em></span> 
     </span>
     <span class='ocr_line' id='line_1_70' title="bbox 830 1761 1496 1805; baseline 0 -11"><span class='ocrx_word' id='word_1_378' title='bbox 830 1763 1022 1805; x_wconf 81' lang='lat' dir='ltr'><strong><em>(illudque,</em></strong></span> <span class='ocrx_word' id='word_1_379' title='bbox 1057 1761 1147 1803; x_wconf 76' lang='lat' dir='ltr'><em>quod</em></span> <span class='ocrx_word' id='word_1_380' title='bbox 1179 1761 1291 1794; x_wconf 78' lang='lat' dir='ltr'><em>subito</em></span> <span class='ocrx_word' id='word_1_381' title='bbox 1317 1761 1496 1804; x_wconf 81' lang='lat' dir='ltr'><strong><em>praesidio</em></strong></span> 
     </span>
    </p>
   </div>
   <div class='ocr_carea' id='block_1_14' title="bbox 828 1806 1493 2125">
    <p class='ocr_par' dir='ltr' id='par_1_24' title="bbox 828 1806 1493 2125">
     <span class='ocr_line' id='line_1_71' title="bbox 830 1806 1145 1861; baseline -0.01 -20"><span class='ocrx_word' id='word_1_382' title='bbox 830 1808 921 1861; x_wconf 84' lang='lat' dir='ltr'><strong>esse)</strong></span> <span class='ocrx_word' id='word_1_383' title='bbox 940 1811 1054 1860; x_wconf 79' lang='lat' dir='ltr'>potest</span> <span class='ocrx_word' id='word_1_384' title='bbox 1073 1806 1145 1839; x_wconf 81' lang='lat' dir='ltr'>Fic.</span> 
     </span>
     <span class='ocr_line' id='line_1_72' title="bbox 878 1848 1493 1906; baseline -0.005 -19"><span class='ocrx_word' id='word_1_385' title='bbox 878 1850 935 1888; x_wconf 82' lang='grc' dir='ltr'><em>ὅτι</em></span> <span class='ocrx_word' id='word_1_386' title='bbox 955 1850 1128 1906; x_wconf 84' lang='grc' dir='ltr'><em>ταχιστα]</em></span> <span class='ocrx_word' id='word_1_387' title='bbox 1159 1848 1307 1906; x_wconf 76' lang='grc' dir='ltr'><em>ὁτιτάχ.</em></span> <span class='ocrx_word' id='word_1_388' title='bbox 1334 1851 1426 1885; x_wconf 84' lang='grc' dir='ltr'><strong>Μοη.</strong></span> <span class='ocrx_word' id='word_1_389' title='bbox 1451 1853 1493 1887; x_wconf 91' lang='grc' dir='ltr'><em>Β.</em></span> 
     </span>
     <span class='ocr_line' id='line_1_73' title="bbox 829 1894 1406 1944; baseline -0.005 -11"><span class='ocrx_word' id='word_1_390' title='bbox 829 1900 902 1933; x_wconf 85' lang='lat' dir='ltr'><em>Ast</em></span> <span class='ocrx_word' id='word_1_391' title='bbox 927 1910 979 1944; x_wconf 84' lang='lat' dir='ltr'><em>pr.</em></span> <span class='ocrx_word' id='word_1_392' title='bbox 1007 1895 1066 1932; x_wconf 84' lang='grc' dir='ltr'><em>ὅτι</em></span> <span class='ocrx_word' id='word_1_393' title='bbox 1089 1911 1118 1931; x_wconf 91' lang='grc' dir='ltr'><em>τ.</em></span> <span class='ocrx_word' id='word_1_394' title='bbox 1144 1894 1233 1940; x_wconf 79' lang='grc' dir='ltr'><em>ἡμῖν</em></span> <span class='ocrx_word' id='word_1_395' title='bbox 1261 1899 1342 1933; x_wconf 86' lang='lat' dir='ltr'>Vat.</span> <span class='ocrx_word' id='word_1_396' title='bbox 1366 1898 1406 1931; x_wconf 96' lang='grc' dir='ltr'><em>Β.</em></span> 
     </span>
     <span class='ocr_line' id='line_1_74' title="bbox 875 1944 1492 1988; baseline -0.002 -9"><span class='ocrx_word' id='word_1_397' title='bbox 875 1944 1184 1988; x_wconf 86' lang='grc' dir='ltr'><em>παραγίγνεσθαι]</em></span> <span class='ocrx_word' id='word_1_398' title='bbox 1206 1944 1377 1987; x_wconf 85' lang='grc' dir='ltr'><em>παραγίν.</em></span> <span class='ocrx_word' id='word_1_399' title='bbox 1398 1944 1492 1978; x_wconf 86' lang='grc' dir='ltr'><strong>Μοη.</strong></span> 
     </span>
     <span class='ocr_line' id='line_1_75' title="bbox 828 1990 1491 2025; baseline -0.003 0"><span class='ocrx_word' id='word_1_400' title='bbox 828 1992 868 2025; x_wconf 90' lang='grc' dir='ltr'><em>Β.</em></span> <span class='ocrx_word' id='word_1_401' title='bbox 901 1992 993 2025; x_wconf 68' lang='lat' dir='ltr'>Fior.</span> <span class='ocrx_word' id='word_1_402' title='bbox 1037 1990 1150 2025; x_wconf 86' lang='lat' dir='ltr'>R&#39;lU.</span> <span class='ocrx_word' id='word_1_403' title='bbox 1195 1990 1294 2024; x_wconf 82' lang='lat' dir='ltr'>Stob.</span> <span class='ocrx_word' id='word_1_404' title='bbox 1328 1990 1491 2024; x_wconf 87' lang='lat' dir='ltr'>CXXIII.</span> 
     </span>
     <span class='ocr_line' id='line_1_76' title="bbox 829 2036 1493 2081; baseline -0.003 -9"><span class='ocrx_word' id='word_1_405' title='bbox 829 2038 924 2081; x_wconf 87' lang='lat' dir='ltr'>(non</span> <span class='ocrx_word' id='word_1_406' title='bbox 971 2036 1115 2079; x_wconf 76' lang='lat' dir='ltr'>Gaisf.)</span> <span class='ocrx_word' id='word_1_407' title='bbox 1185 2040 1221 2068; x_wconf 85' lang='lat' dir='ltr'><em>et</em></span> <span class='ocrx_word' id='word_1_408' title='bbox 1276 2036 1359 2069; x_wconf 82' lang='lat' dir='ltr'>editi</span> <span class='ocrx_word' id='word_1_409' title='bbox 1413 2040 1493 2070; x_wconf 81' lang='lat' dir='ltr'><strong>ante</strong></span> 
     </span>
     <span class='ocr_line' id='line_1_77' title="bbox 828 2081 1290 2125; baseline -0.006 -8"><span class='ocrx_word' id='word_1_410' title='bbox 828 2084 970 2125; x_wconf 85' lang='lat' dir='ltr'>Astium‚</span> <span class='ocrx_word' id='word_1_411' title='bbox 994 2081 1188 2117; x_wconf 85' lang='lat' dir='ltr'>tacentibus</span> <span class='ocrx_word' id='word_1_412' title='bbox 1212 2081 1290 2125; x_wconf 92' lang='lat' dir='ltr'>Bip.</span> 
     </span>
    </p>
   </div>
   <div class='ocr_carea' id='block_1_15' title="bbox 828 2138 1490 2222">
    <p class='ocr_par' dir='ltr' id='par_1_25' title="bbox 828 2138 1490 2222">
     <span class='ocr_line' id='line_1_78' title="bbox 873 2138 1490 2186; baseline -0.002 -12"><span class='ocrx_word' id='word_1_413' title='bbox 873 2138 1018 2186; x_wconf 80' lang='grc' dir='ltr'><em>τούτῳ]</em></span> <span class='ocrx_word' id='word_1_414' title='bbox 1052 2139 1166 2172; x_wconf 86' lang='grc' dir='ltr'><em>τοῦτο</em></span> <span class='ocrx_word' id='word_1_415' title='bbox 1200 2139 1286 2173; x_wconf 87' lang='lat' dir='ltr'>Lob.</span> <span class='ocrx_word' id='word_1_416' title='bbox 1319 2138 1420 2172; x_wconf 83' lang='lat' dir='ltr'>Vind.</span> <span class='ocrx_word' id='word_1_417' title='bbox 1448 2139 1490 2173; x_wconf 84' lang='lat' dir='ltr'><em>E.</em></span> 
     </span>
     <span class='ocr_line' id='line_1_79' title="bbox 828 2185 1444 2222; baseline -0.005 -1"><span class='ocrx_word' id='word_1_418' title='bbox 828 2185 1251 2222; x_wconf 58' lang='lat' dir='ltr'>Vat.1xl.stob.&#39;1rinc.</span> <span class='ocrx_word' id='word_1_419' title='bbox 1281 2185 1444 2219; x_wconf 82' lang='lat' dir='ltr'>CXXIII.</span> 
     </span>
    </p>
   </div>
   <div class='ocr_carea' id='block_1_16' title="bbox 825 2229 1491 2405">
    <p class='ocr_par' dir='ltr' id='par_1_26' title="bbox 825 2229 1491 2405">
     <span class='ocr_line' id='line_1_80' title="bbox 874 2229 1489 2276; baseline -0.005 -10"><span class='ocrx_word' id='word_1_420' title='bbox 874 2229 1065 2276; x_wconf 80' lang='grc' dir='ltr'><em>ε’μποδων]</em></span> <span class='ocrx_word' id='word_1_421' title='bbox 1103 2229 1276 2273; x_wconf 77' lang='grc' dir='ltr'><em>ἐμποδῶν</em></span> <span class='ocrx_word' id='word_1_422' title='bbox 1313 2231 1408 2263; x_wconf 76' lang='lat' dir='ltr'>Vind.</span> <span class='ocrx_word' id='word_1_423' title='bbox 1445 2232 1489 2266; x_wconf 91' lang='lat' dir='ltr'><em>F.</em></span> 
     </span>
     <span class='ocr_line' id='line_1_81' title="bbox 826 2274 1491 2333; baseline -0.003 -21"><span class='ocrx_word' id='word_1_424' title='bbox 826 2279 926 2313; x_wconf 91' lang='lat' dir='ltr'>Stob.</span> <span class='ocrx_word' id='word_1_425' title='bbox 948 2279 1068 2312; x_wconf 87' lang='lat' dir='ltr'>Trinc.</span> <span class='ocrx_word' id='word_1_426' title='bbox 1093 2278 1284 2333; x_wconf 75' lang='lat' dir='ltr'>utrobique.</span> <span class='ocrx_word' id='word_1_427' title='bbox 1309 2274 1491 2319; x_wconf 81' lang='grc' dir='ltr'><em>ἐμπόδιον</em></span> 
     </span>
     <span class='ocr_line' id='line_1_82' title="bbox 825 2320 1488 2358; baseline 0 -1"><span class='ocrx_word' id='word_1_428' title='bbox 825 2325 911 2358; x_wconf 85' lang='lat' dir='ltr'>Lob.</span> <span class='ocrx_word' id='word_1_429' title='bbox 939 2326 1017 2358; x_wconf 86' lang='lat' dir='ltr'>Vat.</span> <span class='ocrx_word' id='word_1_430' title='bbox 1045 2324 1091 2357; x_wconf 86' lang='grc' dir='ltr'><strong>Μ.</strong></span> <span class='ocrx_word' id='word_1_431' title='bbox 1127 2320 1300 2356; x_wconf 76' lang='grc' dir='ltr'><em>ἐκποδὼν</em></span> <span class='ocrx_word' id='word_1_432' title='bbox 1331 2323 1488 2357; x_wconf 82' lang='lat' dir='ltr'>Turnebi</span> 
     </span>
     <span class='ocr_line' id='line_1_83' title="bbox 825 2369 1405 2405; baseline -0.003 0"><span class='ocrx_word' id='word_1_433' title='bbox 825 2376 861 2405; x_wconf 83' lang='lat' dir='ltr'><em>et</em></span> <span class='ocrx_word' id='word_1_434' title='bbox 885 2369 1041 2405; x_wconf 87' lang='lat' dir='ltr'>Vulcobii</span> <span class='ocrx_word' id='word_1_435' title='bbox 1066 2369 1199 2403; x_wconf 82' lang='lat' dir='ltr'>codices</span> <span class='ocrx_word' id='word_1_436' title='bbox 1226 2369 1405 2403; x_wconf 69' lang='lat' dir='ltr'>Pflutarchi.</span> 
     </span>
    </p>
   </div>
   <div class='ocr_carea' id='block_1_17' title="bbox 871 2425 1488 2472">
    <p class='ocr_par' dir='ltr' id='par_1_27' title="bbox 871 2425 1488 2472">
     <span class='ocr_line' id='line_1_84' title="bbox 871 2425 1488 2472; baseline -0.002 -11"><span class='ocrx_word' id='word_1_437' title='bbox 871 2425 1100 2472; x_wconf 83' lang='grc' dir='ltr'><em>γιγνόμενον]</em></span> <span class='ocrx_word' id='word_1_438' title='bbox 1124 2437 1193 2468; x_wconf 88' lang='grc' dir='ltr'><em>γιν.</em></span> <span class='ocrx_word' id='word_1_439' title='bbox 1212 2426 1312 2461; x_wconf 85' lang='lat' dir='ltr'>Stob.</span> <span class='ocrx_word' id='word_1_440' title='bbox 1324 2426 1488 2462; x_wconf 87' lang='lat' dir='ltr'>CXXIII.</span> 
     </span>
    </p>
   </div>
   <div class='ocr_carea' id='block_1_18' title="bbox 825 2473 1489 2573">
    <p class='ocr_par' dir='ltr' id='par_1_28' title="bbox 825 2473 1476 2561">
     <span class='ocr_line' id='line_1_85' title="bbox 825 2473 1065 2530; baseline -0.013 -22"><span class='ocrx_word' id='word_1_441' title='bbox 825 2474 908 2530; x_wconf 85' lang='lat' dir='ltr'>(non</span> <span class='ocrx_word' id='word_1_442' title='bbox 933 2473 1065 2514; x_wconf 72' lang='lat' dir='ltr'>Gaisf.)</span> 
     </span>
     <span class='ocr_line' id='line_1_86' title="bbox 870 2517 1489 2573; baseline -0.002 -21"><span class='ocrx_word' id='word_1_443' title='bbox 870 2518 913 2554; x_wconf 86' lang='grc' dir='ltr'><em>τὸ</em></span> <span class='ocrx_word' id='word_1_444' title='bbox 941 2517 1155 2573; x_wconf 88' lang='grc' dir='ltr'><em>λυπεῖσθαι]</em></span> <span class='ocrx_word' id='word_1_445' title='bbox 1181 2517 1235 2550; x_wconf 78' lang='grc' dir='ltr'><em>ταῖ</em></span> <span class='ocrx_word' id='word_1_446' title='bbox 1259 2519 1290 2552; x_wconf 84' lang='grc' dir='ltr'><em>λ.</em></span> <span class='ocrx_word' id='word_1_447' title='bbox 1317 2519 1418 2553; x_wconf 83' lang='lat' dir='ltr'>Vind.</span> <span class='ocrx_word' id='word_1_448' title='bbox 1444 2520 1489 2553; x_wconf 87' lang='lat' dir='ltr'>E.</span> 
     </span>
    </p>
   </div>
   <div class='ocr_carea' id='block_1_19' title="bbox 825 2558 1490 2791">
    <p class='ocr_par' dir='ltr' id='par_1_29' title="bbox 826 2558 1489 2645">
     <span class='ocr_line' id='line_1_87' title="bbox 876 2558 1489 2609; baseline 0 -10"><span class='ocrx_word' id='word_1_449' title='bbox 876 2566 970 2607; x_wconf 84' lang='grc' dir='ltr'><em>Τίνι,</em></span> <span class='ocrx_word' id='word_1_450' title='bbox 994 2564 1016 2607; x_wconf 91' lang='grc' dir='ltr'><em>η’</em></span> <span class='ocrx_word' id='word_1_451' title='bbox 1045 2560 1084 2597; x_wconf 89' lang='grc' dir='ltr'><em>δ’</em></span> <span class='ocrx_word' id='word_1_452' title='bbox 1116 2558 1179 2607; x_wconf 83' lang='grc' dir='ltr'><em>ὃς,</em></span> <span class='ocrx_word' id='word_1_453' title='bbox 1218 2561 1368 2609; x_wconf 75' lang='grc' dir='ltr'><em>λέγειςς]</em></span> <span class='ocrx_word' id='word_1_454' title='bbox 1397 2567 1489 2608; x_wconf 77' lang='lat' dir='ltr'><em>Quid</em></span> 
     </span>
     <span class='ocr_line' id='line_1_88' title="bbox 826 2610 1085 2645; baseline -0.016 0"><span class='ocrx_word' id='word_1_455' title='bbox 826 2613 888 2645; x_wconf 79' lang='lat' dir='ltr'><em>hoc</em></span> <span class='ocrx_word' id='word_1_456' title='bbox 908 2614 977 2644; x_wconf 81' lang='lat' dir='ltr'>ais.</span> <span class='ocrx_word' id='word_1_457' title='bbox 970 2611 986 2629; x_wconf 71' lang='lat'>²</span> <span class='ocrx_word' id='word_1_458' title='bbox 1010 2610 1085 2643; x_wconf 77' lang='lat' dir='ltr'>Fic.</span> 
     </span>
    </p>

    <p class='ocr_par' dir='ltr' id='par_1_30' title="bbox 825 2653 1490 2791">
     <span class='ocr_line' id='line_1_89' title="bbox 877 2653 1489 2703; baseline -0.003 -12"><span class='ocrx_word' id='word_1_459' title='bbox 877 2658 937 2703; x_wconf 78' lang='grc' dir='ltr'><em>Τῷ</em></span> <span class='ocrx_word' id='word_1_460' title='bbox 964 2653 1234 2701; x_wconf 81' lang='grc' dir='ltr'><em>βουλεύεσθαι]</em></span> <span class='ocrx_word' id='word_1_461' title='bbox 1257 2653 1299 2690; x_wconf 79' lang='grc' dir='ltr'><em>τό</em></span> <span class='ocrx_word' id='word_1_462' title='bbox 1326 2656 1360 2701; x_wconf 86' lang='grc' dir='ltr'><em>β.</em></span> <span class='ocrx_word' id='word_1_463' title='bbox 1385 2657 1489 2691; x_wconf 78' lang='lat' dir='ltr'>Vind.</span> 
     </span>
     <span class='ocr_line' id='line_1_90' title="bbox 825 2702 1490 2737; baseline -0.002 0"><span class='ocrx_word' id='word_1_464' title='bbox 825 2704 898 2737; x_wconf 92' lang='grc' dir='ltr'><em>ΒΕ.</em></span> <span class='ocrx_word' id='word_1_465' title='bbox 923 2704 1020 2736; x_wconf 87' lang='lat' dir='ltr'>Stob.</span> <span class='ocrx_word' id='word_1_466' title='bbox 1044 2702 1163 2736; x_wconf 73' lang='lat' dir='ltr'>Tn&#39;nc.</span> <span class='ocrx_word' id='word_1_467' title='bbox 1189 2702 1314 2735; x_wconf 83' lang='lat' dir='ltr'>CVIII</span> <span class='ocrx_word' id='word_1_468' title='bbox 1350 2704 1490 2736; x_wconf 78' lang='lat' dir='ltr'><strong><em>Consul—</em></strong></span> 
     </span>
     <span class='ocr_line' id='line_1_91' title="bbox 825 2748 1416 2791; baseline -0.002 -8"><span class='ocrx_word' id='word_1_469' title='bbox 825 2756 902 2784; x_wconf 81' lang='lat' dir='ltr'><strong><em>tare</em></strong></span> <span class='ocrx_word' id='word_1_470' title='bbox 924 2769 968 2774; x_wconf 91' lang='lat'><em>——</em></span> <span class='ocrx_word' id='word_1_471' title='bbox 991 2749 1027 2781; x_wconf 82' lang='lat' dir='ltr'><em>in</em></span> <span class='ocrx_word' id='word_1_472' title='bbox 1047 2748 1166 2791; x_wconf 79' lang='lat' dir='ltr'>primis</span> <span class='ocrx_word' id='word_1_473' title='bbox 1188 2753 1321 2791; x_wconf 72' lang='lat' dir='ltr'><em>oportet</em></span> <span class='ocrx_word' id='word_1_474' title='bbox 1343 2749 1416 2782; x_wconf 82' lang='lat' dir='ltr'>Fic.</span> 
     </span>
    </p>
   </div>
   <div class='ocr_carea' id='block_1_20' title="bbox 825 2803 1484 2943">
    <p class='ocr_par' dir='ltr' id='par_1_31' title="bbox 825 2803 1484 2943">
     <span class='ocr_line' id='line_1_92' title="bbox 871 2803 1484 2851; baseline -0.002 -10.998"><span class='ocrx_word' id='word_1_475' title='bbox 871 2804 1020 2851; x_wconf 80' lang='grc' dir='ltr'><em>κύβων]</em></span> <span class='ocrx_word' id='word_1_476' title='bbox 1045 2803 1163 2851; x_wconf 82' lang='grc' dir='ltr'><em>κύβον</em></span> <span class='ocrx_word' id='word_1_477' title='bbox 1198 2817 1271 2838; x_wconf 88' lang='lat' dir='ltr'><em>cum</em></span> <span class='ocrx_word' id='word_1_478' title='bbox 1295 2816 1317 2837; x_wconf 87' lang='lat' dir='ltr'><em>v</em></span> <span class='ocrx_word' id='word_1_479' title='bbox 1343 2816 1364 2838; x_wconf 88' lang='lat' dir='ltr'>a</span> <span class='ocrx_word' id='word_1_480' title='bbox 1390 2817 1433 2840; x_wconf 86' lang='lat' dir='ltr'><em>m.</em></span> <span class='ocrx_word' id='word_1_481' title='bbox 1457 2818 1484 2839; x_wconf 88' lang='lat' dir='ltr'><em>s.</em></span> 
     </span>
     <span class='ocr_line' id='line_1_93' title="bbox 825 2852 1301 2905; baseline -0.009 -18"><span class='ocrx_word' id='word_1_482' title='bbox 825 2863 928 2898; x_wconf 85' lang='lat' dir='ltr'>super</span> <span class='ocrx_word' id='word_1_483' title='bbox 955 2864 973 2885; x_wconf 95' lang='grc' dir='ltr'><em>ο</em></span> <span class='ocrx_word' id='word_1_484' title='bbox 999 2852 1108 2905; x_wconf 84' lang='lat' dir='ltr'>posito</span> <span class='ocrx_word' id='word_1_485' title='bbox 1133 2852 1233 2886; x_wconf 77' lang='lat' dir='ltr'>vind.</span> <span class='ocrx_word' id='word_1_486' title='bbox 1261 2852 1301 2905; x_wconf 85' lang='lat' dir='ltr'><em>F.</em></span> 
     </span>
     <span class='ocr_line' id='line_1_94' title="bbox 871 2894 1484 2943; baseline -0.005 -11"><span class='ocrx_word' id='word_1_487' title='bbox 871 2895 1107 2943; x_wconf 84' lang='grc' dir='ltr'><em>πεπτωκότα]</em></span> <span class='ocrx_word' id='word_1_488' title='bbox 1127 2894 1325 2932; x_wconf 86' lang='grc' dir='ltr'><em>πεπωκότα</em></span> <span class='ocrx_word' id='word_1_489' title='bbox 1344 2897 1428 2942; x_wconf 80' lang='lat' dir='ltr'>Aug.</span> <span class='ocrx_word' id='word_1_490' title='bbox 1445 2897 1484 2930; x_wconf 92' lang='lat' dir='ltr'><em>B.</em></span> 
     </span>
    </p>
   </div>
  </div>
 </body>
</html>
