1764 3176
487 184 809 228 CIVITAS
858 185 986 227 LIB.
1025 185 1085 227 X.
1121 190 1188 226 598

1446 187 1531 228 2⁰3

151 296 370 354 σταμὲνῳ,
399 295 728 354 ὑπολαμβάνειν
757 299 826 341 δεῖ
851 301 914 357 τῷ
942 296 1153 355 τοιούτῳ,
1185 296 1254 340 ὅτι
1283 294 1447 353 εὐήθης
1468 312 1532 347 τις

150 367 389 420 ἅνθρωπος
418 366 504 419 καὶ,
537 365 596 417 ὥς
624 366 780 417 ἔοικεν,
803 366 996 421 ἐντυχων
1024 365 1150 422 γόητί
1178 382 1266 408 τινι
1295 365 1369 409 καὶ
1399 380 1532 420 μιμη-

149 438 204 492 τῇ
232 433 500 492 ἐξηπατήθη,
542 433 651 478 ω’στε
691 433 837 486 ἔδοξεν
868 432 988 492 αὐτῷ
1025 433 1256 516 πάσσοφος
1286 431 1424 484 εἶναι,
1456 431 1529 475 διὰ

147 503 198 548 τὸ
228 502 361 555 αὐτὸς
389 502 449 559 μή
478 499 571 554 οἶός
599 500 642 546 τ’
674 500 786 546 εἶναι
816 501 1057 559 ἐπιστήμην
1086 502 1160 545 καὶ
1192 500 1533 556 ἀνεπιστημοσύ-

147 588 233 628 νην
260 573 335 616 καὶ
363 573 543 627 μίμησιν
576 569 782 622 ἐξετάσαι.

835 568 1148 626 ’Λληθέστατα,
1180 587 1275 626 εφη.
1340 568 1534 619 Ου’κοῦν,

146 641 204 695 ἠν
241 638 286 683 δ’
325 638 430 695 ἐγω,
470 637 577 694 μετὰ
616 643 750 682 τοῦτο
780 638 1061 682 ἐπισκεπτέον
1089 637 1170 694 τήν
1199 655 1243 681 τε
1283 639 1534 695 τραγῳδίαν

147 706 224 750 καὶ
260 706 341 750 τὸν
385 705 580 764 ἡγεμόνα
616 705 752 764 αὐτῆς
781 706 1003 763 “”Ομηρον,
1032 706 1178 763 ἐπειδη
1208 722 1343 750 τινων
1375 705 1534 750 ἀκούο-

194 853 375 900 ἐνέτυχεν]
402 853 527 900 ἔτυχεν
549 857 630 891 Vat.
655 857 699 891 H.

192 922 276 969 τὰς]
301 936 368 959 om.
391 925 484 960 Mon.
511 925 553 960 C.

178 987 324 1049 τᾶλλα]
346 1006 366 1027 τ
368 989 595 1028 'alluvium
609 994 652 1028 E.
665 995 759 1029 Mon.
770 995 810 1028 C.

147 1035 263 1120 Σιξέλα
286 1040 389 1074 vind.
412 1040 485 1076 BF.
510 1041 603 1075 Mon.
623 1041 664 1074 Β.
688 1042 811 1086 steph.

197 1151 295 1199 ουχὶ]
321 1166 388 1189 om.
417 1156 498 1191 vat.
522 1155 569 1189 H.

197 1218 382 1269 ὁτουοῦν]
417 1219 508 1257 ὅτου
540 1216 609 1257 οὖν
642 1224 743 1258 Vind.
766 1224 810 1258 F.

149 1264 291 1303 ὄτοούν
328 1269 422 1303 Flor.
457 1269 534 1303 UV.
569 1273 618 1304 et*
644 1281 664 1304 a
688 1282 731 1303 m.
756 1282 810 1315 pr.

147 1315 242 1349 Mon.
267 1316 306 1349 B.
343 1311 493 1350 ὁτουοῦν
525 1315 626 1350 Vind.
651 1317 692 1349 B.
716 1315 809 1350 Mon.

149 1361 191 1396 C.
217 1362 298 1396 Vat.
322 1361 368 1396 H.
404 1357 480 1396 ὅτω
515 1361 585 1395 οὖν
617 1361 712 1396 Flor.
735 1363 809 1397 AC.

192 1426 434 1478 ἐπισταμένῳ]
455 1427 700 1474 ἐπισταμένου
710 1431 811 1466 Vind.

148 1475 193 1510 Ε.
216 1477 304 1521 Aug.
328 1477 371 1513 B.

195 1544 272 1590 δεῖ]
309 1558 375 1579 om.
400 1545 502 1580 Vind.
528 1546 573 1579 Ε.
607 1557 676 1579 11011
704 1545 812 1588 male;

148 1602 352 1646 quamquam
376 1592 419 1625 ob
444 1591 630 1636 longiorem
659 1593 812 1637 protasin

148 1648 192 1671 ne
210 1637 374 1683 repetitio
397 1638 532 1683 quidem
555 1638 724 1683 displicet.

514 1704 583 1740 τὸν
635 1706 810 1740 τοιοῦτον

503 1753 546 1786 Β.
592 1752 688 1786 Flor.
731 1753 808 1786 RT.

194 1705 248 1750 τῷ
282 1704 464 1752 τοιούτῳ]

149 1740 250 1787 Vind.
293 1752 336 1785 Ε.
379 1755 468 1796 Ang.

149 1798 242 1842 quod
274 1799 416 1832 eundem
447 1800 522 1832 fere
550 1809 685 1832 sensum
708 1810 811 1843 prae-

148 1844 221 1877 bet.
270 1844 418 1878 Verbum
445 1841 725 1889 ὑπολαμβανειν
752 1857 811 1878 su-

148 1901 215 1935 pra
245 1890 350 1935 positi
383 1891 621 1924 διανοεῖσθαι
661 1903 811 1935 synony-

148 1947 237 1970 mum
279 1942 352 1978 est,
403 1937 463 1970 sed
501 1937 619 1970 dativo
659 1937 811 1971 iunctum

148 1982 338 2027 opinionem
353 1984 454 2028 quasi
476 1983 512 2017 in
536 1988 693 2027 promptu
711 1989 745 2017 et
764 1983 809 2017 ad

148 2039 267 2061 manus
289 2029 419 2063 habere
450 2029 639 2073 significat:
666 2032 734 2072 fiir
759 2030 810 2063 ei-

147 2086 216 2108 nen
238 2076 374 2108 solchen
403 2087 496 2109 muss
524 2087 607 2109 man
635 2076 692 2109 die
721 2077 807 2110 Moi-

147 2131 246 2165 mmg
263 2121 299 2154 in
315 2122 551 2165 Bereitschaft
566 2123 697 2156 holten.
728 2122 808 2156 Non

148 2166 331 2201 dissentire
354 2168 412 2201 ab
431 2168 495 2202 hac
525 2167 808 2213 interpretatione

148 2212 285 2246 videtur
315 2214 515 2258 Bernhardy
557 2220 648 2258 synt.
687 2226 721 2259 p.
748 2217 805 2250 93.

147 2258 209 2292 sed
230 2259 323 2312 quod
340 2260 448 2293 locum
467 2260 661 2315 Sophistae*
672 2272 705 2305 p.
726 2263 806 2297 231.

148 2305 200 2338 E:
226 2301 326 2347 ὅμως
347 2302 387 2339 δ’
409 2304 540 2362 ἔθεμεν
560 2303 661 2352 αὐτῷ
676 2317 807 2350 συγχω-

150 2348 327 2394 ρήσαντες
345 2351 466 2394 δοξῶν
484 2342 670 2395 ἐμποδίων
680 2353 809 2409 μαθιῖ-

149 2408 240 2452 μασι
259 2396 343 2446 περὶ
371 2396 495 2442 ψυχὴν
520 2397 718 2443 καθαρτὴν
742 2412 809 2433 αυ-

149 2440 218 2477 τόν
239 2447 336 2477 εἰναι
353 2444 494 2478 similem
517 2450 553 2478 et
576 2445 685 2489 magis
709 2446 809 2480 etiam

150 2489 350 2524 insolentem
394 2490 498 2524 dativi
539 2503 635 2524 usum
682 2492 810 2526 habere

149 2536 317 2577 ostendit,
355 2536 452 2570 verbi
485 2539 682 2581 συγχωρεῖν
717 2545 810 2572 stru-

150 2586 283 2615 cturam
305 2582 429 2616 oblitus
453 2588 518 2616 est.
567 2583 706 2618 Ficinus
731 2585 809 2618 huic

145 2629 304 2672 protinus
333 2630 607 2672 respondendum
641 2630 809 2675 interpre-

150 2678 243 2708 tatus
267 2686 376 2719 neque
409 2675 451 2708 ad
481 2675 637 2709 Socratis
668 2678 809 2711 urbani—

149 2723 256 2753 tatem
279 2732 389 2765 neque
413 2721 454 2754 ad
487 2721 620 2766 linguae
653 2733 748 2757 usum
773 2736 810 2757 se

149 2767 424 2800 accommodavit.

195 2810 405 2857 πάσσοφος]
443 2814 499 2847 Ita
521 2814 600 2847 Par.
622 2815 697 2848 AD.
723 2816 809 2849 Ven.

152 2858 193 2892 C.
218 2859 313 2893 Flor.
337 2859 381 2893 U.
407 2866 442 2893 et
466 2872 487 2894 a
510 2871 553 2893 m.
579 2872 629 2905 pr.
657 2861 751 2895 Mon.
768 2862 808 2894 B.

868 858 950 891 Vat.
971 857 1011 890 Β.
1037 857 1114 895 πᾶς
1138 853 1258 898 σοφὸς
1277 855 1364 888 Lob.
1389 854 1469 887 vat.
1484 853 1533 887 M.

868 903 969 936 Vind.
990 903 1034 936 F.
1067 903 1154 947 Ang.
1181 902 1220 934 Β.
1257 902 1349 935 F.101
1371 901 1414 934 R.
1440 912 1534 933 ποιν-

870 959 985 993 σοφος
1003 949 1126 993 reliqui
1150 947 1283 981 codices
1309 953 1344 980 et
1368 946 1534 980 editiones

868 1002 1008 1040 praeter
1039 994 1311 1034 Bekkerianam‚
1343 993 1439 1026 cuius
1472 1003 1534 1026 au—

869 1051 942 1074 ctor
975 1041 1094 1074 merito
1128 1041 1162 1073 h.
1195 1040 1216 1072 l.
1256 1043 1292 1073 et
1323 1040 1471 1073 Theaet.
1497 1050 1533 1083 p.

871 1089 948 1122 152.
971 1087 1012 1120 C.
1042 1088 1118 1121 181.
1138 1086 1180 1119 Β.
1205 1091 1241 1119 et
1266 1086 1371 1130 Soph.
1398 1097 1432 1130 p.
1451 1085 1533 1119 251.

870 1133 911 1166 C.
937 1133 1090 1167 codicum
1116 1137 1151 1165 et
1178 1132 1354 1175 analogiae
1378 1130 1535 1164 adverbii

868 1178 1028 1213 πασσυδὶ
1052 1179 1216 1212 rationem
1239 1178 1370 1211 habuit.
1419 1177 1533 1211 Minus

867 1230 978 1259 tutum
999 1222 1110 1258 πάσσ.
1128 1224 1214 1257 idem
1235 1224 1374 1268 Protag.
1402 1235 1435 1267 p.
1450 1223 1532 1258 315.

867 1272 911 1305 E.
946 1271 1129 1304 secundum
1154 1270 1272 1304 Clark.
1307 1277 1342 1304 et
1373 1270 1451 1303 Vat.
1477 1269 1534 1310 B.‚

866 1318 1016 1351 Theaet.
1065 1328 1099 1361 p.
1139 1318 1218 1354 149.
1259 1316 1302 1350 D.
1351 1315 1535 1350 secundum

868 1363 987 1397 Clark.
1023 1363 1101 1407 (qui
1124 1374 1146 1397 ν
1169 1374 1273 1407 super
1298 1372 1318 1396 σ
1342 1361 1450 1407 priori
1474 1362 1535 1395 ha-

869 1411 947 1453 bet)
985 1414 1020 1443 et
1056 1409 1133 1442 Vat.
1168 1410 1209 1442 A.
1243 1413 1278 1442 et
1314 1407 1467 1451 Euthyd.
1498 1419 1533 1452 p.

869 1458 950 1491 271.
975 1455 1017 1489 C.
1054 1455 1235 1488 secundum
1268 1454 1347 1488 Par.
1369 1454 1411 1487 Β.
1448 1465 1469 1487 a
1491 1465 1534 1487 111.

870 1514 924 1582 ἕξ
938 1502 1092 1592 figi-§.0¹:31
1094 1502 1156 1582 iti]
1166 1500 1305 1582 (isedAib
1312 1499 1535 1580 ἰξτεὲῗῖάνῖ.

870 1606 944 1627 cum
993 1594 1145 1627 omnibus
1188 1593 1283 1626 codio
1277 1593 1362 1626 ibus
1412 1592 1534 1626 tenuit.

869 1641 987 1674 Etiam
1019 1639 1140 1673 Pollux
1174 1639 1215 1672 L.
1247 1639 1470 1674 V1.e.162.
1498 1638 1536 1672 in

869 1685 1024 1730 catalogo
1048 1685 1288 1719 1063111110111111
1312 1685 1412 1718 huius
1430 1696 1535 1729 gene-

867 1732 915 1765 ris
940 1732 1190 1765 Platonicorum
1223 1728 1444 1774 πάνσοφον,
1469 1742 1536 1765 11011

867 1776 1066 1821 πάσσοφον
1090 1777 1228 1822 posuit,
1264 1788 1374 1821 neque
1398 1777 1534 1810 Lobco-

867 1824 1012 1857 vicensis
1035 1824 1122 1857 liber
1146 1827 1284 1868 praeter
1307 1823 1397 1856 hunc
1425 1823 1534 1857 locum

866 1870 1027 1915 liquidam
1051 1875 1216 1904 mutatam
1243 1869 1392 1903 exhibet.

915 1936 995 1978 οἶός
1019 1935 1084 1983 τ’]
1112 1935 1193 1978 οἶός
1217 1949 1255 1972 τε
1280 1938 1375 1972 Mon.
1396 1939 1438 1971 Β.

910 1983 972 2018 καὶ
1003 1984 1153 2028 μίμησιν
1179 2004 1227 2009 --
1263 1983 1332 2028 τήν
1367 1986 1428 2029 τε]
1465 1997 1531 2019 om.

866 2031 964 2065 Vind.
999 2032 1041 2064 B.
1079 2031 1133 2074 (in
1171 2031 1239 2064 fine
1283 2031 1448 2076 paginae)
1483 2032 1530 2065 Ε.

865 2077 959 2112 Mon.
982 2077 1023 2111 C.
1048 2076 1111 2111 καὶ
1128 2077 1278 2121 μίμησιν
1298 2090 1363 2111 om.
1384 2077 1529 2111 Mon.B.

915 2143 1068 2180 Οὐκοῦν
1089 2166 1135 2171 -
1154 2140 1197 2180 εὖ
1215 2143 1274 2189 affy
1268 2157 1342 2179 ειν.
1368 2147 1448 2183 599.
1472 2147 1532 2191 A.]

864 2191 981 2226 laudat
1015 2193 1155 2227 Proclus
1190 2193 1225 2226 in
1256 2172 1340 2225 'Civ.
1376 2204 1411 2238 p.
1447 2193 1530 2228 406.

864 2250 916 2284 sq.
942 2235 1082 2272 ον’κοῦν
1105 2237 1175 2282 δὴ,
1202 2238 1249 2282 ἠν
1269 2244 1336 2272 etc.

911 2306 1006 2351 μετὰ
1036 2307 1175 2351 τοῦτο]
1211 2319 1337 2350 μετατ.
1366 2307 1460 2342 Μοῃ.
1488 2309 1530 2342 Β.

866 2354 941 2388 Ald.
966 2355 1048 2388 Bas.
1074 2355 1128 2387 ab.
1153 2354 1368 2397 μεταταῦτοι
1389 2355 1501 2388 Procl.

913 2419 1163 2467 ἐπισκεπτέον]
1189 2421 1364 2457 σκεπτέον
1381 2423 1495 2458 Procl-

904 2489 979 2535 Ὀμ
982 2492 1087 2536 ηρον]
1115 2492 1154 2525 In
1178 2492 1282 2526 Vind.
1304 2493 1346 2526 B.
1373 2493 1466 2527 Mon.
1490 2494 1530 2527 C.

867 2539 1018 2572 additum
1051 2543 1105 2571 est
1136 2535 1297 2581 εἰδέναι,
1324 2539 1366 2572 ad
1391 2551 1456 2584 exp
1460 2539 1532 2573 len-

867 2586 943 2618 dam
973 2585 1126 2617 lacunam
1154 2585 1273 2628 parum
1298 2585 1448 2619 feliciter
1471 2599 1532 2620 ex-

868 2631 1064 2674 cogitatum,
1085 2630 1178 2663 cuius
1201 2631 1456 2675 praetermissio
1475 2645 1533 2666 co-

867 2678 976 2710 dicem
1001 2677 1101 2710 Vind.
1125 2677 1165 2709 Ε.
1199 2678 1337 2722 puriore
1362 2690 1404 2711 ex
1427 2679 1533 2720 fonte,

868 2734 970 2768 quam
995 2728 1216 2766 cognatonun
1240 2735 1302 2769 par
1320 2724 1457 2757 ductum
1477 2737 1532 2758 es-

868 2782 906 2803 se
939 2769 1162 2803 demonstrat.
1191 2789 1237 2794 -—
1266 2770 1334 2803 Pro
1368 2775 1533 2804 commate

869 2816 944 2849 Ald.
984 2816 1105 2860 Steph.
1139 2818 1320 2860 punctum,
1356 2816 1437 2849 Bas.
1474 2819 1529 2852 ab.

868 2861 1099 2906 interrogandi
1122 2861 1253 2905 signum
1276 2862 1413 2897 habent.
