1764 3176
271 134 328 173 46

730 130 1200 174 PLATONIS

269 245 332 298 τῷ
362 238 466 284 οὐδὲ
495 236 576 291 εἷς,
608 238 716 284 ἀλλὰ
751 243 934 294 διπλοῦς
961 259 1037 294 τις,
1070 242 1304 298 ἐπιθυμίας
1332 243 1380 287 δὲ
1408 242 1654 298 ἐπιθυμιῶν

207 312 240 352 Ε
273 306 333 359 ὦς
370 307 419 351 τό
472 308 586 350 πολὺ
633 309 878 362 κρατούσας
927 310 982 354 ἂν
1029 311 1120 366 ἔχοι

1176 312 1372 367 βελτίους
1429 311 1651 367 χειρόνων.

251 374 402 419 ’Ἔστιν
433 375 563 419 οὕτω.
596 376 684 420 Διὰ
718 382 854 421 ταῦτα
886 378 964 434 δή,
1002 377 1149 433 οἶμαι,
1181 377 1571 435 εὐσχημονέστερος
1599 378 1654 422 ἂν

262 448 437 488 πολλῶν
470 444 493 487 ὁ
525 450 725 496 τοιοῦτος
756 448 841 502 εἴη·
872 445 1162 503 ὁμονοητικῆς
1201 447 1247 490 δὲ
1277 447 1349 490 καὶ
1380 445 1655 505 ἡρμοσμένης

262 516 338 568 τῆς
375 517 518 569 ψυχῆς
563 510 730 569 ἀληθής
767 511 897 569 ἀρετή
940 513 1091 569 πόῤῥω
1133 531 1210 558 ποι
1247 514 1455 570 ἐκφεύγοι
1487 515 1541 558 ἂν
1571 514 1649 558 αὐ-

263 580 352 624 τόν.
411 586 551 624 Δοκεῖ
595 598 678 636 μοι.

740 582 829 624 Καὶ
868 581 954 637 μὴν
1001 581 1324 638 ἀνταγωνιστής
1374 598 1422 637 γε
1475 584 1564 639 ἰδίᾳ
1606 582 1652 625 ἓν

173 659 239 694 555
265 648 390 693 πόλει
419 648 444 693 ὁ
478 649 691 704 φειδωλὸς
724 654 895 705 φαῦλος
934 649 963 706 ἥ
1003 667 1121 702 τινος
1157 653 1279 707 νίκης
1311 650 1335 706 ἢ
1364 650 1496 706 ἄλλης
1527 655 1652 705 φιλο-

261 719 404 773 τιμίας
444 722 535 760 τῶν
572 722 719 761 καλῶν
730 753 738 768 ,

863 717 873 732 Ι
981 716 990 730 7
1169 716 1178 731 ’
1257 719 1265 732 Ί
1314 719 1320 731 ¹
1491 717 1500 732 9
1591 721 1600 735 Ι

793 735 991 774 χρηματα
1032 735 1076 762 τε
1127 735 1208 761 ουκ
1250 723 1414 762 εθελων
1455 720 1652 771 ευδοξιας

261 785 388 830 ἕνεκα
418 786 493 828 καὶ
522 789 611 828 τῶν
639 784 856 829 τοιούτων
888 785 1072 842 ἀγώνων
1097 785 1357 835 ἀναλίσκειν,
1389 786 1541 837 δεδιώς
1573 785 1652 837 τὰς

263 853 502 909 ἐπιθυμίας
542 853 618 904 τὰς
660 853 928 906 ἀναλωτικὰς

968 855 1147 910 ἐγείρειν
1190 854 1263 896 καὶ
1297 856 1652 908 ξυμπαρακαλεῖν

261 921 330 965 ἐπὶ
362 923 609 976 ξυμμαχίαν
638 938 683 964 τε
711 922 783 964 καὶ
814 924 1114 978 φιλονεικίαν,
1158 919 1320 977 ὀλίγοις
1347 923 1462 965 τισὶν
1492 923 1652 967 ἑαυτοῦ

262 993 468 1045 πολεμῶν
510 985 794 1046 ὀλιγαρχικῶς
836 990 889 1033 τοὶ
935 991 1076 1034 πολλὰ
1124 989 1305 1047 ἡττᾶται
1341 992 1414 1034 καὶ
1458 995 1648 1034 πλουτεῖ.

309 1138 469 1178 διπλοῦς
480 1139 561 1182 ]V.
586 1138 660 1171 V.ol
685 1139 714 1171 Ι.
738 1151 771 1184 p.
795 1139 874 1180 251,
894 1139 930 1175 b.

309 1182 375 1239 δὲ]
402 1198 468 1218 om.
495 1185 587 1218 Mon.
616 1186 656 1218 B.
684 1185 764 1219 Pa1.
790 1185 867 1218 DK.

197 1275 233 1315 E
309 1226 710 1320 ssgkssanzictoossoggs]
736 1232 930 1321 abaoZvnq.

262 1322 364 1357 vind.
390 1323 430 1356 F.
457 1321 598 1362 πολλας
622 1335 677 1365 κρ.
703 1323 802 1358 Vind.
828 1324 872 1356 Ε.

305 1364 353 1402 ἂν
380 1367 477 1423 ἔχοι]
505 1365 626 1412 ἀνέχει
651 1369 751 1403 Vind.
773 1369 815 1403 F.
839 1369 926 1411 Aug.

257 1414 300 1449 Β.
335 1427 383 1448 αν
421 1412 523 1458 ἕχον,
562 1415 672 1449 inm.
707 1427 853 1449 amms
881 1413 928 1448 ἒὶν

258 1458 356 1513 ἔχοι,
381 1461 476 1495 Mon.
505 1462 543 1494 Β.

305 1505 418 1541 οὕτω.
430 1507 443 1551 ]
471 1503 601 1546 οὕτως.

306 1552 381 1608 δὴ]
408 1554 467 1586 δεῖ
490 1553 590 1586 V'md.
616 1553 657 1587 F.

303 1595 354 1633 ἂν
380 1599 549 1643 πολλων]
586 1595 633 1632 ἄν
667 1611 731 1632 om.
758 1599 859 1632 Vind.
884 1599 928 1634 F.

255 1647 342 1689 Aug.
390 1647 431 1680 B.
471 1645 566 1681 Flor.
596 1645 638 1679 R
680 1645 828 1679 πολλῶν
860 1657 925 1680 om.

256 1691 352 1725 Mon.
379 1692 420 1724 B.

304 1734 577 1792 ὁμονοητικῆς]
605 1734 623 1772 ὁ
650 1749 732 1780 μον.
761 1736 835 1771 Ald.

256 1780 564 1862 νᾶηριινοσμένης]
593 1780 828 1827 ἡρμοσμένον
841 1782 926 1816 Lob.

300 1875 396 1918 ποι]
416 1877 485 1908 ποῖ
505 1875 606 1907 Vind.
632 1876 675 1909 F.
700 1886 751 1919 πη
771 1876 856 1909 Ven.
882 1875 924 1910 B.

257 1921 362 1956 Vind.
386 1921 431 1954 Ε.
460 1921 536 1954 vat.
564 1921 610 1954 H.
646 1921 738 1954 Flor.
763 1922 808 1955 T.

301 1965 381 2001 Καὶ
417 1964 515 2010 μὴν]
552 1966 614 2000 καὶ
646 1968 715 2001 νῦν
750 1966 850 2001 Πηά.
882 1967 925 1999 F.

256 2013 320 2047 καί
357 2024 423 2056 μοι
452 2013 538 2047 Lob.
565 2014 643 2047 Vat.
668 2012 746 2047 ΒΜ.
772 2014 858 2047 Ven.
884 2013 925 2046 C.

254 2060 336 2094 Par.
361 2059 442 2093 DK.

304 2105 412 2159 ἰδίᾳ]
445 2117 510 2138 οπι.
547 2105 630 2138 Ven.
662 2105 700 2138 B.
745 2104 845 2140 vind.
882 2105 924 2139 E.

254 2157 334 2196 post
360 2142 468 2185 πόλει
493 2151 619 2185 habent
648 2151 741 2185 Mon.
766 2151 805 2184 B.
830 2151 924 2186 Flor.

254 2198 299 2232 U.
325 2198 395 2232 Est
421 2197 630 2232 adverbium.
651 2198 706 2231 Cf.
733 2209 766 2243 p.
781 2199 859 2232 551.
882 2197 922 2230 D.

163 2248 230 2283 555
255 2290 284 2323 B
301 2239 325 2288 ἤ
348 2244 472 2323 τιζος]
499 2239 522 2289 ἢ
546 2241 649 2282 τινὸς
672 2244 765 2277 Mon.
784 2244 824 2277 Β.
849 2243 923 2277 Ald.

289 2301 338 2324 aS.
366 2301 386 2323 a
413 2316 422 2324 .

299 2333 502 2380 εὐδοξίας]
529 2332 721 2378 εὐδοξείας
741 2335 818 2369 Ald.
841 2336 923 2370 Bas.

298 2407 456 2484 δεδιώς]
485 2425 637 2467 δεδειώς
665 2427 764 2460 Vind.
788 2427 833 2462 F.

299 2470 362 2508 ἐπὶ
383 2473 604 2517 ξυμμαχίαν]
631 2470 690 2508 ἐπὶ
704 2484 810 2516 σνμμ.
825 2472 923 2507 vind.

252 2520 295 2553 B.
321 2516 490 2562 ἔπισυμμ.
517 2520 616 2554 Vind.
637 2521 680 2553 E.

299 2566 554 2610 φιλονεικίαν]
582 2565 791 2609 φιλονικίαν
820 2564 921 2600 vind.

251 2612 297 2647 Ε.
321 2613 415 2646 Mon.
440 2611 479 2645 B.

301 2654 463 2701 ὀλίγοις]
492 2654 544 2692 ὄλ.
571 2669 609 2692 τε
636 2658 727 2692 Mon.
754 2657 793 2691 B.
831 2656 921 2690 Fici-

252 2715 315 2739 nus
342 2704 446 2736 etiam
470 2705 589 2749 itaque
617 2703 701 2737 inte·
702 2703 851 2760 pulavit.

251 2743 522 2830 1ηοννέζήγοῦν
565 2751 649 2794 Aug.
682 2750 722 2784 B.
770 2762 791 2794 γ
852 2760 921 2783 ουν

299 2806 339 2830 or

638 1507 731 1541 Bekk
737 1518 825 1541 erus

914 2714 917 2717 ⁴
979 2703 1060 2736 Bas.
1103 2703 1137 2737 b.

1031 1137 1106 1182 μὴ]
1131 1151 1196 1172 om.
1223 1139 1302 1173 Par.
1325 1140 1364 1173 A.
1403 1152 1423 1174 a
1450 1151 1492 1173 m.
1522 1152 1573 1186 pr.

1032 1184 1196 1276 πόλιν]ρ
1191 1197 1255 1219 om.
1281 1186 1380 1220 Vind.
1406 1187 1450 1220 F.
1473 1187 1572 1220 bene.
1592 1186 1648 1220 cf.

986 1230 1027 1265 L.
1053 1231 1136 1264 1111
1200 1232 1312 1266 ,423.
1343 1232 1382 1267 C.

1035 1244 1250 1322 ὁμοιότητι]
1286 1278 1340 1311 Ita
1376 1289 1464 1326 cum.
1480 1276 1653 1331 plerisque

987 1323 1066 1356 Par.
1100 1323 1143 1356 K.
1177 1335 1246 1359 sec.
1289 1324 1398 1358 Bekk.
1435 1320 1652 1377 ὁμοιότατα

986 1371 1072 1412 Ang.
1099 1370 1138 1402 B.
1164 1370 1258 1403 Flor.
1285 1370 1394 1403 RTV
1425 1365 1650 1411 ὁμοιότατον

986 1415 1086 1449 Vind.
1120 1415 1162 1449 E.
1205 1416 1314 1460 (Ven.
1346 1417 1387 1449 B.
1427 1416 1518 1448 F.lor
1550 1416 1650 1459 AC.)

986 1461 1062 1495 Ald.
1079 1461 1156 1494 Bas.
1169 1463 1221 1494 ab.
1237 1462 1356 1506 Steph.
1370 1463 1444 1495 Ast.
1458 1461 1579 1495 Stanb.
1598 1473 1650 1506 pr.

987 1507 1244 1552 Superlativum
1284 1507 1474 1541 Matthiaeo
1509 1519 1651 1551 gramm.

985 1564 1018 1597 Ρ.
1054 1555 1134 1587 707.
1167 1557 1202 1586 et
1237 1555 1336 1588 1153.
1378 1552 1559 1597 genuinum
1598 1557 1651 1586 vi-

986 1610 1060 1633 sum
1081 1599 1204 1641 miror,
1229 1600 1430 1644 praesertim
1452 1610 1553 1644 quum
1576 1599 1650 1643 ipse

986 1657 1020 1690 Ρ.
1048 1644 1148 1680 1154.
1185 1625 1332 1678 c’onferri
1367 1645 1507 1678 iusserit
1541 1645 1649 1679 locum

982 1691 1094 1724 nostri
1117 1691 1314 1724 similimum
1340 1691 1378 1725 L.
1394 1691 1499 1724 VIHI.
1525 1702 1556 1735 Ρ.
1570 1693 1647 1726 576.

985 1736 1034 1770 C:
1074 1732 1162 1770 ἄλλο
1188 1750 1223 1771 τι
1247 1731 1317 1771 οὖν
1351 1733 1376 1772 6'
1407 1748 1445 1781 γε
1477 1749 1648 1781 τυραννι-

982 1781 1048 1822 κὸς
1092 1781 1188 1816 κατὰ
1220 1782 1309 1841 Ὴτὴν
1346 1783 1648 1827 τυραννουμένην

983 1827 1092 1862 πόλιν
1126 1825 1173 1862 ἓὶν
1199 1829 1254 1873 εἴη
1290 1826 1502 1873 ὁμοιότητι,
1535 1829 1647 1873 δημο-

983 1872 1086 1913 τικὸς
1111 1873 1150 1908 δε
1175 1874 1270 1909 κατὰ
1296 1874 1364 1930 τὴν
1395 1876 1646 1929 δημοκρατου-

982 1918 1115 1976 μένην,
1144 1921 1206 1955 καὶ
1232 1921 1268 1955 οι
1293 1918 1397 1955 ἄλλοι
1424 1918 1546 1961 osium·

981 2012 1023 2047 V
1016 1978 1096 2045 τὲν
1111 1965 1327 2046 get6mko'v]
1353 1968 1429 2001 τῶν
1454 1967 1646 2011 φειδωλῶν

1016 2023 1047 2044 m

1028 2056 1120 2101 μετὰ
1145 2058 1280 2103 τοῦτο]
1306 2059 1511 2102 μετατοῧτο
1545 2059 1647 2095 vind.
1676 2059 1712 2100 B
1760 2072 1764 2097 ς

982 2104 1026 2138 F.
1051 2104 1125 2138 Ald.
1159 2105 1239 2139 Bas.
1273 2106 1327 2138 ab.
1363 2102 1406 2140 τὸ
1437 2106 1643 2149 μετατοῦτο

984 2150 1079 2184 Vind.
1103 2150 1145 2184 Ε.

1026 2196 1211 2240 γίγνεται]
1251 2196 1393 2240 γίνεται
1422 2197 1509 2232 Lob.
1541 2197 1641 2232 Vind.

980 2241 1122 2322 {immi}
1146 2242 1223 2276 Bas.
1253 2243 1307 2277 ab.
1332 2243 1453 2289 Steph.
1478 2243 1646 2287 γίγνηται

1028 2332 1206 2378 γενομένη
1254 2335 1318 2378 τε]
1385 2332 1557 2378 γινομένη
1605 2346 1644 2368 τε

982 2381 1083 2413 Vind.
1109 2380 1148 2416 F.
1181 2379 1245 2414 καὶ
1275 2379 1451 2424 γενομένη
1481 2381 1572 2414 Μοιι.
1602 2381 1643 2415 B.

981 2426 1060 2461 Par.
1082 2426 1157 2460 DK.
1182 2426 1279 2460 Flor.
1304 2427 1347 2462 U.
1378 2427 1455 2461 Ald.
1480 2426 1559 2460 Bas.
1587 2427 1642 2460 ab.

981 2473 1102 2517 steph.
1130 2474 1203 2506 Ast.

980 2566 1021 2600 Β
1030 2518 1125 2598 ιζα]
1148 2514 1213 2597 ἴῇἱ.
1238 2517 1324 2551 Lob.
1361 2518 1461 2553 Vind.
1486 2518 1526 2552 F.
1555 2519 1640 2562 Ang.

1080 2577 1099 2598 a

1026 2623 1074 2644 αυ
1111 2608 1179 2644 τὸν
1213 2611 1281 2644 τοῦ
1325 2609 1526 2658 τοιούτου]
1573 2609 1641 2645 τὸν

1109 2656 1210 2690 vind.
1242 2657 1284 2690 Ε.
1321 2659 1432 2691 αὐτοι
1465 2655 1641 2691 τοιούτου

1184 2698 1303 2737 αὐτὸν
1350 2704 1418 2737 τοῦ
1466 2701 1640 2737 τοιούτου

980 2749 1081 2805 ἵίμῃό.
1116 2748 1156 2782 F.
1190 2754 1246 2790 et,
1272 2761 1344 2794 sup.
1365 2744 1574 2803 ³superzi,
1598 2749 1640 2782 Β.

980 2792 1098 2829 αυτὸν
1122 2792 1190 2829 τὸν
1213 2795 1280 2829 τοῦ
1306 2807 1479 2830 τοιουτου
1498 2795 1576 2829 vat.
1589 2794 1637 2828 M.
