1764 3176
274 95 359 135 226

729 88 1208 132 PLATONIS

207 207 246 249 D
276 202 325 246 ἐν
355 200 491 245 ἅπασι
531 201 705 253 τούτοις
738 198 1042 257 ὁμονοητικῶς
1081 198 1321 253 ἄνθρωπος
1360 199 1591 251 διάκειται,·
1632 198 1662 256 ἢ

279 269 426 325 ὥσπερ
468 269 577 313 κατὰ
616 269 698 326 τὴν
733 267 839 319 ὄψιν
877 269 1094 321 ἐστασίαζε
1131 269 1205 312 καὶ
1246 269 1444 320 ἐναντίας
1475 265 1586 324 εἶχεν
1616 267 1663 310 ἐν

277 339 421 395 ἑαυτῷ
462 337 593 391 δόξας
629 336 718 394 ἅμα
757 337 856 394 περὶ
891 341 981 381 τῶν
1014 335 1180 388 αὐτῶν,
1220 336 1337 380 οὕτω
1377 337 1450 380 καὶ
1484 337 1536 380 ,ἐν
1567 340 1688 389 ταῖςΙ

276 406 460 461 πράξεσι
500 404 716 459 στασιάζει
752 422 798 449 τε
833 405 910 449 καὶ
952 402 1131 460 μάχεται
1164 403 1303 455 αὐτὸς
1338 403 1476 462 αὐτοῖς
1509 403 1662 460 ἀναμι-

277 475 527 533 μνήσκομαι
557 474 626 527 δὲ,
658 474 725 518 ὅτι
759 472 893 518 τοῦτό
922 490 969 529 γε
996 477 1080 516 νῦν
1113 470 1244 515 οὐδὲν
1275 474 1342 516 δεῖ
1368 470 1481 528 ἡμᾶς
1509 474 1662 526 ιδιομο-

276 548 523 600 λογεΐσθαι·
553 543 602 586 ἐν
631 542 717 598 γάρ
749 548 841 594 τοῖς
868 541 960 586 ἅνω
992 541 1140 597 λόγοις
1171 542 1333 592 ἱκανοῖς
1352 540 1492 584 πάντα
1525 544 1662 584 ταῦτα

276 611 719 669 διωμολογησάμεθα,
760 610 828 654 ὅτι
866 612 1039 666 μυρίων
1079 609 1296 653 τοιούτων
1326 607 1663 667 ἐναντιωμάτων

214 747 286 799 E,

216 1009 256 1051 D

277 680 367 736 ἅμα
405 679 678 737 γιγνομένων
717 676 745 735 ἡ
786 678 901 735 ’ψυχὴ
943 678 1062 734 γέμει
1101 677 1239 733 ἡμῶν.

931 745 1031 790 ἀλλ’
1064 745 1091 789 ὃ
1119 744 1216 789 τότε
1247 744 1534 802 ἀπελίπομεν,
1576 749 1664 788 νῦν

288 752 447 804 Ορθῶς
475 749 584 805 γὰρ,
621 743 677 803 ἦν
709 745 748 790 δ’
782 747 890 803 ἐγώ·

320 912 586 960 ὁμονοητικῶς]
597 911 819 959 ὂμονοητικὸ
826 914 944 954 §Vind.

282 961 323 995 F
333 963 517 1048 σξὲἓιάζει
540 1007 599 1051 τε]
636 1018 674 1040 τε
699 1017 764 1040 om.
799 1006 878 1040 Par.
900 1004 945 1038 K.

287 1052 520 1095 στασιαζεται
544 1053 630 1087 Lob.
656 1054 732 1086 Vat.
747 1052 826 1086 ΒΜ.
853 1052 947 1085 Flor.

279 1100 451 1200 Ταυτςό]
480 1142 540 1178 αὖ.
567 1145 652 1178 Lob.
679 1142 781 1179 Vind.
808 1144 882 1178 EF.

323 1189 394 1236 γοὶρ
419 1193 499 1230 τοῖς
525 1186 604 1224 ἅνω
630 1187 765 1234 λόγοις]
791 1201 830 1233 γε
851 1202 883 1224 τ.
908 1183 944 1222 ἅ.

278 1240 313 1329 ὲ).
338 1242 430 1318 {3313}-
443 1237 507 1316 CB.
544 1236 818 1281 RespiciturL
820 1229 945 1270 ..1111

325 1328 450 1363 πάντα
486 1327 630 1371 ταῦτα]

279 1376 380 1411 Vind.
407 1376 444 1408 F.
472 1375 556 1417 Aug.
579 1374 620 1406 B.
647 1379 700 1413 et,
734 1371 799 1406 nisi
834 1371 945 1413 failor,

278 1421 374 1455 Flor.
399 1421 440 1454 R.
478 1420 567 1453 Nam
592 1419 682 1463 quod
700 1418 946 1451 Stalibaumius

278 1467 313 1501 in
334 1479 387 1512 pr.
408 1466 503 1500 Flor.
522 1466 566 1501 R.
586 1465 708 1499 ταῦτα
729 1461 856 1497 πάντα
885 1475 945 1497 ex-

279 1514 398 1547 hibere
421 1512 538 1553 tradit,
566 1511 609 1544 de
632 1511 780 1556 quinque
804 1509 944 1555 reliquis

280 1562 394 1602 tacet,
419 1570 472 1592 me
496 1557 629 1602 quidem
663 1568 729 1589 nou
753 1560 884 1597 movet,
907 1558 945 1588 ut

280 1605 373 1639 illum
402 1615 505 1637 unum
540 1614 614 1636 cum
649 1603 851 1647 Stephano,
884 1602 944 1634 hos

280 1662 395 1685 omues
420 1662 495 1683 cum
521 1650 597 1683 Par.
610 1649 650 1682 A.
676 1649 776 1682 Vind.
794 1648 833 1681 F.
856 1648 942 1691 Aug.

279 1697 319 1731 B.
356 1698 473 1730 facere
507 1696 662 1736 credam,
698 1695 758 1728 sed
794 1694 944 1727 ordinem

281 1744 461 1777 verborum
498 1752 680 1794 perperam
718 1740 945 1784 significatum

281 1792 317 1822 et
340 1789 372 1821 in
397 1788 490 1823 Flor.
514 1788 557 1821 R.
595 1784 721 1820 πάντα
744 1786 867 1819 ταῦτα
892 1786 945 1819 in-

282 1838 416 1869 ventum
437 1833 538 1877 idque
558 1836 595 1865 ut
614 1832 812 1876 discrepans
832 1843 852 1864 a
865 1833 947 1864 Ste-

677 1326 733 1360 Ita
777 1326 858 1360 Par.
904 1326 945 1359 A.

282 1881 395 1926 phano
420 1879 620 1916 iudicatum,
656 1878 859 1922 reliquouun
885 1888 946 1910 au-

282 1931 370 1967 tem,
396 1925 476 1971 quia
503 1936 577 1957 cum
602 1924 777 1969 Stephano
805 1934 946 1956 consen—

283 1973 409 2013 tirent‚
441 1971 643 2004 mentionem
675 1968 947 2021 praetermissam

285 2018 450 2062 suspicor.
501 2018 614 2060 Atque
638 2015 702 2060 ipsi
721 2014 946 2048 Stallbaumio

284 2068 479 2109 suspectum
504 2062 585 2096 illud
605 2061 831 2094 testimouium
849 2071 947 2094 suum

284 2110 390 2144 fuisse
412 2109 560 2148 videtur,
583 2119 684 2152 quum
709 2107 743 2140 in
767 2118 834 2140 sec.
853 2118 946 2139 παν-

285 2168 332 2189 τα
356 2155 476 2188 ταῦτα
500 2158 630 2187 tantum
650 2154 729 2186 Par.
746 2154 785 2186 A.
807 2157 841 2186 et
859 2154 945 2195 Aug.

286 2201 325 2235 B.
350 2200 556 2235 auctoritate
579 2199 756 2240 munierit,
780 2198 949 2232 Florenti-

285 2259 403 2281 norum
427 2247 588 2279 librorum
611 2245 744 2278 ratione
768 2256 833 2278 non
849 2245 946 2278 habi-

283 2296 331 2328 ta.
382 2294 504 2337 Itaque
539 2292 581 2325 ab
613 2290 739 2336 optimo
771 2290 886 2324 codice
911 2295 946 2323 et

284 2351 306 2374 a
330 2339 440 2373 tribus
465 2339 620 2371 diversae
645 2337 791 2370 familiae
815 2337 947 2370 exhibi-

285 2391 357 2419 tum
379 2381 505 2417 πάντα
530 2383 650 2417 ταῦτα
674 2395 736 2427 pro
763 2395 822 2424 eo,
855 2382 945 2428 quod

285 2431 319 2465 iu
343 2430 483 2475 reliquis
515 2433 550 2463 et
577 2429 611 2463 in
641 2429 843 2463 editionibus
867 2434 946 2462 ante

285 2476 480 2511 Bekkerum
512 2475 637 2520 legitur
663 2475 784 2509 ταῦτα
807 2472 945 2516 πάντα,

286 2523 441 2577 recipere
464 2533 504 2555 eo
528 2523 634 2555 miuus
658 2520 833 2562 dubitavi,
857 2522 947 2566 quod

286 2580 412 2603 παντοι
433 2568 611 2612 aliquoties
631 2568 851 2612 postpositum
864 2579 947 2620 pro-
1002 2567 1033 2601 D
1054 2567 1066 2611 ]

287 2613 412 2649 nomini
454 2625 474 2647 a
508 2613 672 2654 libratus,
715 2613 947 2658 praepositum

288 2671 451 2705 nusquam
468 2659 501 2692 in
522 2659 572 2692 his
591 2659 750 2693 Civitatis
765 2659 859 2693 libris
870 2671 947 2693 cor-

287 2707 461 2752 rigendum
483 2705 559 2738 suit.
593 2705 649 2737 Cf.
668 2705 802 2739 L.IIII.
819 2717 851 2750 p.
865 2706 944 2740 431.

287 2754 330 2788 D.
350 2754 391 2787 V.
411 2752 490 2787 452.
500 2750 542 2785 Ι).
563 2750 642 2786 471.
664 2751 704 2786 Ε.
726 2752 787 2785 VI.
813 2752 891 2788 493.
905 2752 945 2786 C.

1317 675 1486 732 Ὀρθῶς
1501 709 1511 729 ,
1561 677 1662 732 ἔφη.

1003 912 1081 947 VII.
1103 912 1179 948 530.
1194 913 1236 948 E.
1262 913 1379 947 VIIII.
1404 912 1536 948 588.c.
1576 911 1666 955 Qui-

1003 961 1067 993 bus
1091 959 1123 992 iu
1149 960 1231 993 locis
1262 959 1290 992 si
1319 962 1412 992 recte
1438 959 1665 993 Parisiensem

1006 1005 1155 1039 codicem
1180 1006 1289 1038 secuti
1317 1017 1429 1038 sumus
1455 1005 1565 1050 paullo
1591 1005 1667 1048 plu-

1005 1051 1098 1084 ribus
1131 1051 1338 1095 reliquorum
1368 1051 1542 1094 suffragiis
1570 1051 1667 1084 adiu·-

1006 1102 1099 1138 tum,
1134 1109 1175 1130 ne
1209 1098 1263 1130 hic
1296 1097 1429 1141 quidem
1459 1097 1665 1131 deserendus

1006 1144 1102 1176 uobis
1135 1146 1196 1176 est.
1256 1143 1368 1184 Quum
1401 1143 1487 1176 enim
1519 1143 1598 1176 alibi
1630 1143 1666 1176 in

1002 1189 1123 1222 ταῦτα
1146 1187 1272 1222 πάντα
1305 1201 1379 1222 cum
1410 1190 1561 1222 omuibus
1585 1201 1667 1223 cou-

1003 1235 1152 1277 sentiat,
1191 1248 1220 1268 e.
1246 1247 1278 1279 g.
1315 1235 1356 1267 L.
1388 1235 1428 1268 V.
1489 1234 1602 1270 .459.
1623 1235 1666 1268 Ε.

1002 1281 1081 1315 461.
1101 1281 1142 1313 D.
1168 1281 1247 1316 471.
1265 1283 1305 1315 Β.
1331 1247 1563 1322 V1.493p.13.‚
1582 1293 1666 1326 quo-

1003 1331 1066 1360 ties
1091 1328 1234 1360 alterum
1258 1328 1433 1380 praefert,
1467 1339 1534 1360 non
1563 1339 1666 1372 pr-ae

1003 1377 1187 1417 conceptae
1222 1372 1370 1418 opinioni
1407 1374 1581 1418 paruisse,
1607 1372 1667 1407 sed

1003 1418 1190 1463 antiquitus
1225 1419 1387 1452 traditum
1421 1419 1570 1453 fideliter
1593 1431 1667 1452 ser-

1001 1476 1102 1498 vasse
1127 1466 1312 1498 censendus
1337 1469 1399 1497 est.
1436 1465 1504 1497 Per
1531 1477 1569 1498 se
1585 1477 1668 1499 vero

1002 1516 1114 1543 utrum
1141 1511 1350 1554 probabilius
1371 1510 1535 1554 siugulis'
1526 1522 1562 1544 ln
1583 1511 1668 1545 locis

1002 1557 1048 1589 sit
1071 1557 1200 1600 absque
1222 1556 1373 1589 codicum
1390 1559 1550 1601 respectu
1562 1568 1669 1602 quae-

1003 1613 1080 1635 rens
1113 1614 1190 1635 raro
1218 1603 1303 1636 certi
1328 1602 1506 1646 quicquam
1530 1603 1669 1636 invene-

1002 1648 1062 1681 ris.
1111 1649 1251 1681 Aurium
1285 1648 1370 1682 enim
1406 1659 1513 1701 saepe
1540 1659 1667 1694 anceps

1002 1698 1056 1727 est
1079 1694 1260 1736 iudicium,
1286 1699 1321 1727 et
1345 1695 1435 1738 quod
1460 1694 1668 1729 adiectivum

1002 1740 1140 1784 gravius
1168 1742 1240 1773 fere
1266 1741 1369 1774 habet
1392 1741 1542 1785 pondus,
1566 1741 1668 1776 etiam

1003 1786 1193 1830 postposito
1214 1786 1319 1819 tribui
1341 1792 1376 1820 et
1390 1787 1668 1830 pronuntiatione

1002 1832 1190 1886 significari
1218 1837 1341 1888 potest.
1390 1833 1521 1866 Eadem
1545 1833 1667 1867 dictio-

1003 1889 1081 1911 num
1112 1875 1238 1910 πάντα
1278 1876 1324 1911 τὰ
1358 1879 1519 1912 τοιαῦτα
1551 1883 1588 1912 et
1619 1876 1666 1913 τὰ

1002 1923 1163 1957 τοιαῦτα
1196 1935 1322 1957 παντοι
1354 1926 1442 1958 ratio
1477 1929 1542 1960 est.
1610 1926 1666 1959 Cf.

1003 1981 1108 2012 supra
1133 1981 1164 2014 p.
1179 1970 1258 2005 595.
1280 1970 1319 2002 B.
1345 1970 1385 2003 L.
1409 1972 1451 2005 V.
1475 1983 1512 2015 =p.
1527 1971 1607 2011 4552.
1622 1971 1665 2004 D.

1002 2016 1081 2050 459.
1102 2015 1144 2048 D.
1170 2015 1250 2049 460.
1263 2017 1303 2048 A.
1330 2027 1404 2048 cum
1429 2016 1471 2048 L.
1486 2017 1512 2049 1.
1539 2018 1666 2061 p.353.

1002 2061 1045 2094 D.
1087 2061 1127 2094 In
1163 2061 1215 2095 his
1241 2073 1375 2106 quoque
1407 2062 1548 2105 optimos
1573 2063 1668 2097 cedi-

1003 2118 1060 2140 ces
1084 2107 1179 2150 sequi
1204 2107 1376 2140 debemus.

1051 2147 1144 2196 ἅμα]
1171 2165 1235 2186 om.
1255 2153 1348 2187 Flor.
1361 2153 1405 2187 T.
1425 2158 1461 2187 et
1481 2153 1563 2187 editi
1586 2157 1667 2190 ante

1003 2199 1216 2240 Bekkerum‚
1249 2199 1443 2233 tacentibus
1475 2200 1553 2245 Bip.
1590 2201 1667 2246 (eo-

1003 2246 1078 2278 dem
1104 2246 1140 2278 in
1164 2251 1314 2289 tempore
1342 2246 1432 2287 Pie.)

1048 2287 1131 2346 γάρ]
1160 2304 1224 2325 om.
1250 2291 1336 2324 Lob.
1362 2293 1440 2326 Vat.
1466 2292 1517 2325 M.

1049 2334 1290 2381 ἀπελίπομεν]
1311 2334 1555 2381 οἷπελείπομεν
1564 2338 1665 2373 Vind.

1002 2383 1106 2416 BEF.
1142 2384 1236 2419 Mon.
1519 2385 1595 2418 Vat.
1618 2384 1664 2418 Η.

1002 2429 1097 2462 Flor.
1127 2430 1167 2462 R.

1048 2474 1273 2531 διεξελθεῖν]
1309 2471 1472 2517 ἐξελθεῖν
1498 2475 1596 2509 Vind.
1622 2475 1665 2510 Ε.

1048 2518 1461 2565 Ἀνὴρ-φήσομενμὲν
1483 2521 1562 2555 οὖν.
1583 2522 1663 2556 604.

1037 2593 1045 2600 .
1127 2569 1294 2611 excerpsit
1350 2569 1520 2601 Stobaeus
1561 2579 1664 2602 serm.

1005 2613 1169 2647 CXXIII.
1192 2626 1225 2658 p.
1246 2615 1327 2649 618.
1375 2614 1416 2647 Iu
1440 2615 1515 2648 cod.
1537 2616 1578 2647 A.
1603 2614 1667 2648 de-

1002 2662 1091 2693 suut.

1049 2705 1201 2739 τοιᾶσδε
1217 2702 1329 2749 τύχης
1345 2703 1548 2749 μετασχὼν]
1566 2705 1665 2748 (pro-

1004 2752 1083 2795 bus)
1115 2764 1191 2787 cum
1222 2754 1329 2787 talem
1356 2753 1487 2787 habeut
1513 2751 1666 2786 animam

1265 2384 1304 2417 C.
1327 2385 1417 2428 Aug.
1442 2384 1481 2417 B.
