1764 3176
741 165 774 208 C
833 163 860 207 d

126 271 455 320 κατορωρυγμένον
480 286 548 322 pro
578 293 626 302 -·-
645 287 715 312 νου
739 276 774 341 2.

170 322 252 364 324,
264 333 303 356 8.

127 364 238 412 λόγου
264 378 328 412 pro
352 387 396 394 -
418 377 463 404 ον
489 367 705 409 2.17o,b.
740 338 774 403 3.

123 415 254 515 μεἰῙῖΖΞ
260 414 324 504 Ριίο
348 470 449 494 -ον
471 458 505 493 3.
528 459 610 504 283,
633 459 668 494 b.

123 503 258 550 μέτρον
280 516 344 560 pro
365 517 470 540 —ov
493 506 527 540 2.
551 507 633 550 215,
656 507 690 540 b.

123 549 391 608 ταμιευομένην
407 563 472 596 pro
487 564 587 596 -,-νη
605 553 640 587 2.
653 553 734 595 229,
744 563 776 586 8.

124 598 195 632 τοῦ
221 609 285 642 pro
308 595 353 632 τὸ
382 598 416 632 2.
439 599 521 640 272,
543 599 579 632 b.

123 641 273 683 τούτοις
294 654 358 688 pro
382 662 428 669 -—
442 655 507 683 ους
529 644 564 678 2.
593 646 672 688 170,
689 655 721 678 8.

124 687 283 729 τούτους
305 699 369 734 pro
392 710 439 716 —
453 701 510 730 οις
531 690 566 724 2.
590 691 673 732 341,
697 701 728 724 8.

123 732 267 779 τρόπον
291 745 353 780 pro
379 755 423 760 —
440 747 486 770 ov
509 736 543 770 2.
570 738 650 781 180,
675 748 706 771 8.

124 781 222 827 τῷδε
242 792 306 838 pro
330 781 446 816 τοῦδε
470 782 551 825 141,
575 794 607 816 a.

123 815 352 871 φιλοσοφίαν
373 839 437 874 pro
459 840 564 868 -ας
585 829 619 863 2.
646 829 725 871 151,
747 839 778 863 8.

125 872 275 917 χρυσίον
299 884 362 919 pro
385 886 486 909 —ov
509 874 707 919 3.179,1).

170 965 210 1010 2)
234 964 380 1010 generis,
402 976 531 1010 ponens

127 1018 280 1077 ἄγαθην
301 1033 364 1068 pro
387 1020 521 1057 -θὸν
542 1021 579 1057 2.
601 1023 685 1066 206,
708 1025 740 1056 1).

124 1064 327 1125 ἀναγκαῖαι
348 1079 436 1124 pro
435 1087 481 1095 —-
495 1070 564 1103 αῒα
585 1067 619 1102 3.
638 1071 696 1113 62,
711 1070 745 1104 b-

125 1110 221 1149 αύτό
246 1125 310 1160 pro
332 1111 459 1150 -τόν
481 1114 514 1148 3.
540 1116 622 1157 259,
645 1116 679 1149 b.

124 1156 246 1195 αυτὸν
269 1171 334 1206 pro
356 1159 454 1196 -τὸ
479 1161 514 1195 2.
538 1160 620 1203 254,
646 1172 677 1195 8.

125 1205 249 1241 διτταὶ
272 1217 336 1262 pro
359 1204 464 1240 -τά
489 1206 524 1242 2.
548 1207 630 1248 263,
654 1207 689 1240 b.

123 1249 439 1310 ξυναρμόττωνρτ
439 1274 460 1287 υ
476 1264 598 1287 -τον
610 1232 645 1286 2.
653 1253 734 1296 271,
747 1263 778 1287 8.

126 1295 264 1355 ὀλίγοις
286 1309 350 1357 pro
373 1317 420 1324 --
435 1311 494 1339 αις
517 1297 551 1333 3.
575 1300 658 1341 238,
683 1310 714 1333 8.

126 1340 173 1380 dv
196 1356 258 1402 pro
283 1341 337 1380 m'v
363 1343 446 1386 414,
469 1356 502 1379 8.

125 1386 256 1425 οὐδέν’
279 1402 343 1446 pro
366 1388 486 1425 -δὲν
496 1388 588 1434 428,
610 1401 642 1426 8.

125 1434 176 1470 τὰ
198 1447 261 1482 pro
284 1433 355 1476 τὰς
380 1435 415 1470 3.
439 1437 498 1480 52,
527 1447 558 1471 8.

125 1494 162 1516 τι
182 1493 246 1527 pro
270 1494 326 1522 τις
348 1481 429 1526 410,
454 1494 486 1517 8.
511 1482 547 1517 2.
571 1483 652 1525 321,
675 1482 708 1516 1).

125 1525 169 1562 τὸ
194 1539 257 1572 pro
280 1527 350 1563 τὸν
371 1529 512 1571 380,1).

124 1573 300 1611 τοιοῦτον
322 1585 385 1631 pro
408 1592 454 1598 —
469 1585 513 1608 το
536 1573 571 1609 2.
597 1574 675 1615 103,
700 1573 734 1608 b.

124 1617 194 1654 τὸν
215 1631 280 1664 pro
304 1618 346 1655 τὸ
371 1620 406 1654 2.
432 1620 547 1662 68,1).

125 1665 264 1700 τοῦτον
286 1678 351 1712 pro
375 1677 477 1700 -το
501 1666 535 1700 2.
561 1666 619 1707 68,
644 1664 678 1698 b.

126 1711 253 1756 τρίτην
278 1724 342 1758 pro
365 1723 486 1746 -τον
508 1713 543 1747 2.
568 1690 650 1754 327,
675 1722 707 1746 8.

171 1803 213 1846 3)
237 1803 378 1848 gradus,
400 1815 529 1850 ponens

125 1855 384 1905 ἐμπειρότερος
416 1873 483 1908 pro
516 1879 563 1888 —-
580 1858 715 1901 ότατος
745 1858 779 1894 3.

123 1906 252 2007 ἥδῖῗῗ
259 1917 371 2010 psso‘*
343 1960 497 2010 ἥδιστον
519 1964 554 2000 3.
580 1964 660 2007 171,
674 1974 716 2012 ³·

172 2054 212 2100 4)
235 2054 338 2099 modi,
361 2066 490 2101 ponens

127 2108 426 2156 ἀναγκαζώμεθα
464 2124 528 2159 pro
559 2130 606 2139 —-
632 2108 711 2156 ζόμ.
746 2104 799 2146 2.
827 2092 830 2093 ⁷

128 2159 311 2246 ἆρῗοῗζοῗ
316 2215 380 2250 pro
402 2204 508 2247 -ζει
529 2204 564 2239 3.
591 2205 671 2248 120,
695 2215 727 2238 8.

127 2247 297 2305 γίγνηται
318 2261 382 2295 pro
405 2269 447 2276 -
461 2262 542 2285 εται
563 2249 597 2284 3.
626 2230 680 2293 18,
700 2251 735 2285 b.

128 2293 392 2330 διαισθάνεται
401 2308 464 2342 pro
473 2316 519 2322 --
526 2297 660 2331 νεσθαι
669 2276 686 2332 1
693 2297 747 2340 14,
751 2308 782 2331 8.

128 2341 281 2397 διατελῇ
305 2353 369 2387 pro
391 2344 507 2377 -λεῒ
527 2343 669 2386 305,1).

128 2385 304 2442 διαφέρει
325 2399 388 2433 pro
405 2408 451 2414 -
463 2400 542 2433 ρειν
561 2390 643 2431 255,
659 2400 690 2423 8.

129 2430 396 2479 διομολόγησαι
422 2446 487 2480 pro
511 2455 558 2461 —
574 2436 728 2481 λογῆσαι
749 2436 784 2470 2.

175 2481 255 2522 106,
275 2490 308 2514 8.

130 2525 254 2560 δοκεῖν
276 2537 339 2570 pro
355 2527 470 2560 -κεῖ
488 2526 671 2570 2.147,8

130 2568 296 2610 ἐπαινεῖς
317 2582 382 2617 pro
404 2572 532 2616 -νῆς
553 2539 741 2618 2.151,1).

130 2613 283 2651 ἐπαινοῖ
302 2628 366 2662 pro
388 2636 434 2643 -—
448 2621 507 2652 νεῖ
527 2620 666 2662 269,1).

130 2660 302 2707 ἐπιχειρεῖ
323 2674 387 2708 pro
409 2666 545 2709 -ρεῖν
567 2665 757 2707 3.116,1).

130 2706 324 2753 ἐπιχειρεῖν
336 2720 410 2766 pro
432 2713 550 2755 -ρεῖ
568 2711 756 2756 3.110,8.

131 2752 223 2788 ἔστω
245 2766 324 2812 pro
333 2753 408 2790 εστι
429 2756 556 2800 483,8
536 2768 568 2792 8.

133 2797 196 2846 ἔχῃ
218 2811 282 2846 pro
303 2798 381 2846 ἔχοι
402 2802 436 2838 2.
459 2803 540 2846 328,
562 2804 597 2839 1).

1479 164 1564 205 831

914 274 1006 332 ζητῇ
1029 285 1104 330 pro
1104 272 1224 329 ζητεῖ
1241 271 1606 328 3.109,1).1

910 316 1169 409 ἥκὲὀςόῐοὸἥκει
1187 319 1317 362 160,1).
1342 330 1406 366 pro
1422 315 1510 364 ἥκοι
1532 319 1567 353 2.

889 430 893 432 -
913 410 1124 448 κινδυνεύει
1140 423 1204 457 pro
1221 422 1330 447 -ειν
1350 409 1383 446 2.
1406 410 1463 453 44,
1484 422 1516 446 8.

914 455 1086 514 λανθανῃ
1111 470 1173 504 pro
1197 469 1309 492 -νει
1330 458 1412 500 268,
1436 436 1473 492 b’.

915 504 1030 548 λέγεις
1052 516 1114 549 pro
1141 523 1187 528 —
1206 516 1261 544 οις
1284 503 1483 546 3.105,1).

916 549 1020 607 λέγῃς
1044 561 1106 595 pro
1131 561 1241 589 -εις
1265 550 1298 584 2.
1326 551 1405 591 102,
1427 560 1458 582 8.

916 596 1068 653 λέγομεν
1086 608 1149 641 pro
1167 616 1212 621 —
1226 607 1322 639 ωμεν
1343 596 1377 629 2.
1395 575 1456 636 61,
1477 595 1511 628 b.

917 641 1075 696 λέγωμεν
1102 654 1165 687 pro
1190 661 1236 666 —
1254 652 1341 685 ομεν
1362 642 1443 684 391,
1464 651 1497 674 8.

915 685 1186 744 μεταβαλλοιρ
1189 699 1226 721 ro
1250 707 1296 714 ——
1311 698 1343 721 ει
1368 688 1448 728 198,
1471 687 1506 720 b.

917 732 1085 778 οἰόμεθα
1109 746 1172 792 pro
1199 731 1307 777 οἰιόμ.
1332 733 1366 767 3.
1392 734 1452 776 38,
1479 743 1510 767 8.

918 781 1002 816 οἴου
1027 792 1089 826 pro
1116 779 1187 814 οἴει
1213 779 1247 813 3.
1274 782 1331 823 67,
1357 791 1389 813 8.

915 829 1019 862 ποιεῖ
1039 838 1101 872 pro
1124 828 1247 859 ποιεῖν
1269 826 1304 860 3.
1328 826 1410 868 208,
1434 835 1468 859 8.

916 875 1039 908 ποιεῖν
1058 884 1123 918 pro
1141 874 1250 912 -εῖς
1267 872 1331 917 (--
1342 873 1378 905 εἴ
1395 872 1476 905 Bas.
1499 869 1575 914 81).)

917 918 1122 1055 σκΞΞιέτξσιν
1148 962 1308 1009 (partic.)
1336 974 1400 1010 pro
1424 960 1576 995 -ὠσιν

1068 1023 1088 1046 8

919 1037 1105 1098 στασιάζει
1126 1067 1190 1101 pro
1215 1055 1346 1097 -ζειν
1367 1053 1400 1089 3.
1419 1054 1477 1098 54,
1494 1064 1526 1087 8.

917 1103 1101 1147 τιμῶνται
1118 1113 1181 1148 pro
1200 1120 1246 1127 ——·
1260 1102 1380 1135 ἅσθαι
1402 1101 1463 1145 (—
1477 1100 1575 1144 ὢμαι

963 1150 1044 1183 Bas.
1065 1148 1175 1193 1).)2.
1197 1150 1277 1192 117,
1300 1159 1332 1182 8.

916 1192 1009 1251 τύχη
1033 1206 1095 1240 pro
1119 1205 1213 1227 -οι
1239 1174 1295 1237 19,
1319 1194 1355 1226 1).

917 1231 1079 1285 ύπαρχει
1101 1252 1164 1286 pro
1188 1252 1281 1274 -οι
1303 1239 1336 1273 2.
1361 1236 1422 1283 74,
1446 1238 1481 1273 1).

920 1286 1017 1331 φέρῃ
1041 1298 1106 1332 pro
1128 1296 1219 1319 -ει
1242 1285 1323 1327 241,
1347 1285 1382 1318 1).

918 1333 996 1378 φῇς
1008 1344 1082 1387 pro
1107 1330 1184 1378 φῂς
1209 1331 1268 1375 43,
1294 1343 1325 1366 a·

916 1376 1151 1423 φυλάττωσιν
1164 1389 1227 1424 pro
1249 1376 1459 1413 -ουσιν2.
1474 1377 1530 1421 12,
1541 1376 1575 1411 1).

965 1482 1007 1526 5)
1030 1480 1172 1524 numeri,
1196 1491 1326 1525 ponens

919 1559 1018 1607 αὐτῇ
1041 1572 1104 1606 pro
1128 1559 1225 1595 -οὶ
1247 1560 1281 1595 2.
1308 1560 1446 1604 184,1).

919 1608 1173 1663 βασανίζοντα
1189 1618 1253 1652 pro
1272 1608 1440 1647 -τας2-
1452 1607 1534 1652 341,
1546 1618 1578 1642 8.

918 1652 1079 1688 δύναται
1095 1664 1159 1698 pro
1175 1672 1219 1678 -
1234 1665 1344 1687 ανται
1365 1655 1399 1688 2.
1422 1655 1504 1698 254,
1524 1666 1555 1689 8.

920 1697 1043 1757 ἐσθλῷ
1068 1710 1132 1745 pro
1156 1699 1265 1733 -ὧν
1291 1701 1371 1743 193,
1397 1712 1429 1734 8.

919 1744 1142 1833 *88880
1152 1765 1214 1836 pt.
1223 1745 1458 1833 63881ἓὲ.
1461 1747 1525 1836 ζ

917 1836 1095 1893 μάχοιντο
1115 1848 1241 1882 pro—
1251 1849 1330 1872 οιτο
1355 1839 1388 1873 2.
1407 1841 1465 1883 98,
1488 1851 1520 1875 8.

919 1882 1038 1927 μόνον
1056 1894 1118 1938 pro
1142 1895 1252 1918 —mv
1275 1883 1357 1928 345,
1381 1885 1415 1919 b.

918 1926 1189 1985 πλουσιώτεροι
1211 1941 1274 1975 pro
1295 1950 1340 1955 —
1358 1943 1426 1975 ρον
1444 1932 1527 1976 295,
1545 1943 1576 1968 8

917 1973 1059 2015 ταύτας
1081 1986 1144 2021 pro
1172 1988 1293 2020 -της
1317 1978 1396 2020 101,
1421 1990 1452 2012 8.

918 2023 1046 2066 τοίχου
1070 2033 1132 2067 pro
1158 2034 1301 2066 -χους
1323 2022 1358 2057 3.
1385 2003 1465 2067 ⁹121,
1487 2025 1521 2059 b.

919 2067 990 2103 τὸν
1014 2079 1076 2123 pro
1100 2068 1177 2101 τῶν
1202 2069 1237 2102 2.
1265 2071 1322 2112 90,
1348 2081 1380 2104 8.

918 2112 1110 2149 τοσούτων
1134 2125 1197 2159 pro
1221 2127 1346 2149 -του
1370 2115 1403 2150 2.
1429 2115 1519 2161 324,
1542 2118 1577 2152 1).

920 2158 1043 2195 τούτω
1066 2171 1130 2205 pro
1153 2160 1269 2195 τοῦτο
1297 2162 1438 2206 422,1).

919 2203 1043 2261 τούτῳ
1067 2217 1131 2251 pro
1154 2219 1290 2241 -των
1312 2207 1345 2242 3.
1371 2210 1453 2252 210,
1477 2221 1509 2244 8.

920 2250 1066 2287 τούτων
1088 2264 1159 2306 pro
1177 2263 1285 2299 -τῳ
1308 2256 1390 2299 201,
1415 2266 1447 2289 8.

921 2299 997 2333 τῶν
1020 2309 1082 2344 pro
1107 2298 1159 2353 τῷ
1186 2298 1220 2334 2.
1247 2288 1303 2342 61,
1328 2302 1362 2334 1).

922 2345 999 2379 τῶν
1021 2333 1206 2379 τοιούτων
1228 2356 1293 2392 pro
1317 2344 1387 2381 τὸν
1405 2348 1582 2385 τοιοῦτον

968 2390 1164 2433 3.293,1).

926 2448 1103 2481 φανερων
1126 2448 1190 2484 pro
1213 2436 1339 2483 -ρόν
1361 2439 1395 2473 2.
1421 2439 1555 2484 241,1).

926 2482 1051 2539 φόβον
1077 2494 1140 2529 pro
1163 2495 1277 2519 -ων
1299 2485 1333 2519 3.
1359 2487 1476 2528 55,1).

924 2527 1076 2574 φύλακα
1096 2541 1161 2577 pro
1185 2543 1313 2572 -κας
1334 2512 1532 2578 3.1’84,1).

967 2634 1009 2678 6)
1030 2644 1210 2679 personae,
1225 2644 1356 2680 ponens

921 2710 1100 2758 Ἅδικοίην
1124 2725 1186 2767 pro
1208 2728 1326 2760 -ηο
1315 2716 1349 2751 3.
1374 2715 1455 2762 264,
1480 2730 1511 2754 8.

921 2758 1027 2793 δοκεῖ
1047 2771 1110 2806 pro
1131 2761 1222 2795 -ὢ
1247 2764 1326 2804 187,
1343 2774 1375 2797 8.

922 2802 1262 2852 &ymmo—712.
1286 2788 1368 2853 280,
1393 2810 1426 2846 1).
