1764 3176
251 118 306 156 12
699 113 1175 156 PLATONIS

247 224 301 279 δή
322 224 496 279 σπουδῇ
516 221 737 277 λεγούσας,
753 221 1170 280 ὑψηλολογουμένας
1186 224 1346 280 λέγειν,-
1369 228 1495 276 Πῶςς
1518 219 1624 268 Ὧιδέ

153 299 221 335 546
247 309 349 343 πως.
392 291 594 334 Χαλεπὸν
609 291 688 346 μὲν
710 295 945 348 κινηθῆναι
966 292 1095 336 πόλιν
1116 291 1230 334 οὕτω
1262 293 1503 343 ξυστᾶσαν·
1534 291 1622 336 ἀλλ’

241 361 331 405 ἐπεὶ
345 358 564 417 γενομένῳ
585 359 714 402 παντὶ
731 359 886 415 φθορά
901 360 1037 415 ἐστιν,
1056 361 1157 406 οὐδ’
1178 361 1205 418 ἡ
1225 359 1403 416 τοιαύτη
1423 360 1623 412 ξύστασις

238 529 313 561 λεῖν
330 527 385 561 vel
407 525 624 571 ἐρισχηλεῖν,
651 538 786 572 „quam
811 526 896 560 scri—

238 573 341 607 bendi
375 575 540 607 rationem
573 580 609 607 et
641 574 696 607 hic
741 576 776 606 et
806 573 897 612 alibi,

237 624 275 652 ut
311 620 400 664 apud
432 620 601 653 Pollucem
635 619 675 652 L.
703 619 746 652 X.
771 621 828 653 ΞΟ.
863 623 899 651 et

237 665 379 700 Lucian.
404 665 606 710 Lexiph.I[.
634 677 666 709 Ρ.
677 666 757 700 336.
783 664 843 707 (Τ.
855 666 895 697 V.

236 713 376 755 9182,
399 714 430 746 2.
458 712 594 755 Lehm.)
615 711 818 744 damnarunt
835 711 897 743 ho-

236 757 344 790 mines
369 757 515 798 eruditi,
541 758 650 790 altera
675 757 818 801 probata
837 768 896 798 per

237 813 275 844 ε,
299 815 391 859 quae⁷
406 804 618 847 frequentius
641 802 799 836 occurrit.
821 801 896 835 Nos

235 853 349 882 autem
375 846 576 892 ἐρεσχηλεῖν
607 860 669 893 per
693 860 716 891 η
732 873 741 890 ,
773 847 803 880 5ἰ
829 859 896 881 non

236 894 334 927 unice
357 907 492 936 veram,
524 901 620 927 certe
644 894 743 927 alteri
766 894 896 926 formae

235 952 301 973 non
319 940 584 984 postponendam
602 951 785 973 censemus.
806 939 895 982 Ety-

234 986 386 1041 mologus
419 998 452 1030 p.
485 988 565 1021 374.
599 986 620 1020 l.
645 987 703 1022 50.
734 981 894 1041 Ἐρίσχη-

235 1033 310 1071 λος.
348 1028 367 1066 6
395 1032 576 1076 λοίδορος.
615 1028 689 1066 ἀπὸ
724 1042 792 1064 του
822 1042 892 1073 ερι-

234 1078 308 1119 ζειν
333 1076 395 1111 διὰ
420 1079 494 1111 τῶν
522 1076 681 1121 χειλέων.
718 1072 741 1120 ἢ
782 1073 892 1120 ἐρίχε

234 1121 298 1163 λός
326 1137 381 1164 τις
408 1121 460 1157 ὢν
489 1136 594 1180 παρα
625 1122 694 1167 τὴν
725 1121 801 1166 ε’ριν
828 1121 893 1156 καὶ

232 1168 301 1213 τὴν
329 1168 476 1214 λέσχην,
510 1167 529 1203 ὁ
559 1167 594 1212 ἐξ
615 1168 736 1226 ἔριδος
755 1168 891 1211 λεσχαί-

231 1227 318 1251 νων.
378 1213 594 1259 Παρθένιος
628 1213 666 1249 ἐν
701 1212 890 1258 Ηρακλεῖ·

231 1281 278 1287 ·—
310 1260 521 1317 ἐρισχήλοις
555 1261 777 1318 κορυνίταις.
827 1259 891 1294 καὶ

231 1305 449 1352 ἐρισχηλεῖν,
484 1306 527 1342 τὸ
555 1308 606 1362 εἰς
638 1306 714 1351 ε’ριν
750 1317 889 1350 προκα-

232 1356 391 1388 λεῖσθαι.
435 1354 516 1396 ubi,
549 1356 575 1388 si
613 1365 628 1388 ε
659 1365 824 1397 reponas,
853 1352 890 1385 in

228 1401 323 1444 leges
357 1401 518 1434 metricas
549 1400 719 1445 peccabis.
723 1402 745 1417 “
791 1399 891 1431 Pier—

228 1458 331 1480 sonus
365 1447 407 1480 ad
440 1447 550 1481 Moer.
581 1459 615 1491 p.
649 1447 726 1480 159.
784 1444 890 1477 Cuius

227 1492 352 1526 iudicio
376 1493 482 1526 multa
505 1497 586 1537 post
616 1492 726 1537 ipsum
750 1495 890 1535 reperta

227 1538 422 1572 testimonia
478 1538 732 1581 suffiagantur‚
794 1536 888 1569 velut

226 1584 341 1618 Photii
365 1585 547 1618 secundum
577 1582 719 1617 Porsoni
740 1582 888 1616 codicem

226 1627 450 1674 ἐρεσχηλεῖν,
493 1642 580 1672 non,
622 1634 661 1663 ut
696 1630 739 1662 ab
763 1629 886 1661 Alber-

226 1677 277 1710 tio
310 1678 353 1710 ad
386 1677 534 1710 Hesv.ch
579 1677 613 1709 in
658 1687 691 1708 v.
730 1671 890 1718 ε’ρεσιιλεῖ

226 1724 396 1764 refertur,
423 1719 637 1765 ἐρεσχελεῖν,
663 1719 757 1754 πολὺ
780 1719 884 1763 παρὰ

226 1766 401 1802 Πλάτωνι
428 1769 479 1814 τῷ
503 1766 696 1823 φιλοσόφῳ
723 1765 787 1800 καὶ
812 1778 882 1799 πα-

226 1813 291 1870 ρὰ
294 1811 426 1849 ”.Ιωσιν
457 1812 599 1869 Ιέγονε
627 1811 665 1847 δὲ
706 1810 780 1846 cin&
812 1812 882 1845 τοῦ

226 1859 315 1913 ἐρᾷν
349 1860 412 1894 mxl
443 1857 518 1894 α’πό
554 1860 623 1903 τῆς
659 1857 785 1902 λέσχης
829 1859 882 1891 di-

225 1907 354 1948 centis;
394 1906 626 1950 lexicographi
673 1904 882 1939 Bekkeriani

224 1953 341 1986 anecd.
377 1965 410 1997 p.
443 1954 532 1993 258,
564 1954 626 1986 29:
659 1949 878 1995 ἐρεσχηλεῖν·

224 1996 414 2032 σκώπτειν.
463 1998 725 2031 Bachmanniani
761 1995 879 2029 anecd.

222 2045 250 2078 I.
287 2045 453 2099 Ρ.235,
497 2046 560 2079 17:
597 2042 877 2101 ἐρεσχηλοῦντα·

222 2090 440 2125 σκώπτοντα
470 2090 533 2125 καὶ
562 2088 785 2134 χλευάζοντα
815 2088 878 2123 καὶ

223 2134 304 2170 οἷον
324 2134 503 2180 εριζοντα.
535 2149 632 2193 quae
647 2136 763 2169 eadem
787 2135 877 2179 apud

220 2184 381 2224 Suidam,
419 2183 478 2216 sed
526 2184 568 2216 ad
616 2180 876 2226 ἐρεσχελοῦντα

220 2229 395 2274 adscripta
439 2230 619 2272 leguntu13
674 2228 877 2261 scholiastae

218 2275 360 2309 Luciani
386 2275 429 2308 ab
454 2276 571 2308 eodem
596 2274 676 2308 editi
694 2274 740 2307 II.
753 2285 784 2318 p.
793 2275 875 2315 323,

219 2324 281 2356 11:
314 2318 375 2355 ἐπὶ
406 2322 481 2354 τῶν
506 2322 637 2376 φιλίως
668 2317 874 2375 διαλεγομέ-

215 2379 290 2400 νων
327 2364 528 2424 ἐρεσχηλεῖν
567 2365 708 2411 λεἸεται
738 2362 760 2409 ἢ
807 2377 873 2408 αμ-

216 2413 410 2457 φισβητεῖν
436 2426 458 2456 η
481 2415 714 2456 φιλονεικεῖν.
748 2412 874 2445 codicis

215 2459 373 2494 Vaticani
402 2460 583 2493 secundum
608 2458 874 2501 Schweighaeu-

215 2517 326 2538 serum
350 2506 499 2549 Appiani
523 2507 566 2540 T.
593 2506 620 2538 Ι.
653 2517 685 2549 p.
711 2506 791 2547 402,
816 2506 872 2539 33.

214 2549 476 2595 ἐρεσχηλοῦσα,
503 2558 538 2584 et,
553 2552 671 2585 Veneti
692 2550 872 2584 secundum

215 2597 425 2631 Dindorfium
447 2598 662 2631 AthenaeiL.
677 2598 734 2630 VI.
747 2609 780 2641 p.
792 2598 871 2631 223.

215 2644 258 2678 E.
292 2640 472 2687 ερεσχηλεῖ
513 2655 586 2676 cnm
586 2643 796 2721 FPalaffino,
837 2647 873 2675 et

215 2690 256 2723 L.
288 2690 364 2723 XV.
406 2701 440 2734 p.
474 2690 553 2724 685.
586 2690 629 2723 F.
671 2686 872 2732 ἐρεσχηλῶν

215 2735 430 2776 exhibentis,
462 2747 550 2781 quae
582 2735 777 2769 Dindorfius
801 2746 869 2768 me-

215 2782 281 2815 rito
325 2781 465 2828 recepit.
534 2781 651 2815 Etiam
681 2780 871 2816 notationes

954 529 1253 572 giammaticorum
1300 527 1452 574 quamvis
1494 538 1613 571 parum

954 586 988 618 p
991 575 1148 609 obabiles
1180 575 1314 626 longam
1349 579 1462 607 tamen
1494 573 1617 617 potius,

954 632 995 664 ῳ
1003 632 1055 653 am
1080 622 1217 654 brevem
1243 621 1292 654 eis
1324 619 1542 664 penultimam
1564 618 1615 651 vi—

953 677 1026 699 sam
1058 678 1132 700 esse
1166 672 1324 709 arguunt.
1375 666 1527 706 Quorum
1556 675 1615 697 ne—

953 712 1077 745 minem
1131 711 1245 757 χηλὴν
1301 711 1495 757 respexisse
1551 710 1615 743 mi·—

954 769 1022 792 ror.

1000 801 1046 846 δὴ
1063 804 1075 847 ]
1100 805 1167 838 Pro
1193 816 1232 837 eo
1245 803 1404 836 Budaeus
1425 801 1515 847 apud
1533 802 1615 834 Ste-

952 849 1096 892 phanum
1130 851 1166 883 in
1195 849 1263 882 ind.
1288 850 1376 882 thes.
1401 849 1436 881 in
1468 860 1501 882 v.
1539 844 1612 891 ε’ρε-

953 896 1066 949 σχελω
1091 896 1179 929 hunc
1210 895 1318 928 locum
1351 904 1615 927 commemorans

953 939 992 974 δε
1017 941 1171 986 scripsit,
1194 941 1285 986 quod
1311 941 1345 974 in
1371 939 1462 974 Mon.
1488 939 1528 972 B.
1551 949 1612 972 ex-

952 991 1044 1020 stare
1068 999 1172 1032 supra
1196 987 1274 1022 dixi.

995 1056 1156 1100 σπουδῇ]
1183 1055 1304 1100 σποδῇ
1331 1055 1408 1090 Ald.

949 1120 1389 1212 Τῖῖἶῖῗηλοῗὸὅυμέἷῗςὲ.
1400 1123 1609 1203 Ρῗῗέἰῖῗῑιῗ

948 1216 1025 1249 dine
1049 1183 1223 1250 orpationis
1235 1216 1391 1258 divinae,
1415 1181 1502 1260 guae
1517 1215 1607 1250 Tim.

947 1274 981 1306 p.
994 1264 1049 1296 41.
1074 1264 1114 1295 A.
1140 1264 1307 1302 refertur,
1304 1263 1509 1315 disputans
1528 1261 1607 1294 δια-

948 1306 1139 1362 φερόντως
1173 1320 1238 1351 μεν
1271 1302 1361 1350 οὖν,
1402 1308 1532 1351 inquit,
1585 1304 1606 1341 6

948 1352 1107 1388 Πλατων
1129 1351 1350 1409 ἐπιτηδεύει
1393 1353 1514 1386 ταῦτα
1567 1350 1608 1386 ἐν

946 1403 1028 1440 ταῖς
1046 1398 1221 1456 μιμήσεσι
1239 1401 1315 1434 τῶν
1333 1400 1450 1433 θείων
1474 1396 1605 1442 λόγων.

948 1443 1072 1490 ὥσπερ
1109 1445 1173 1480 και
1206 1444 1243 1479 ἐν
1281 1446 1458 1491 Πολιτείᾳ
1498 1443 1605 1488 δεδή-

947 1494 1058 1535 λωκε,
1083 1491 1151 1532 τὰς
1174 1490 1334 1531 Mov‘oag
1350 1481 1533 1545 υψηλολοΙ
1534 1503 1605 1524 ο-υ

945 1537 1060 1592 μένας
1099 1536 1296 1581 παραδοὺς
1328 1537 1392 1571 -ιιαὶ
1421 1534 1487 1571 τὸν
1513 1549 1604 1579 προ-

945 1582 1069 1640 φήτην
1115 1582 1176 1618 ἐπί
1222 1597 1258 1618 τι
1305 1584 1406 1628 βῆμα
1452 1579 1603 1626 υψηλὸν

945 1628 1122 1673 ανιόντα,
1149 1630 1209 1674 (L.
1234 1630 1278 1664 X.
1303 1642 1336 1675 p.
1356 1631 1433 1664 617.
1459 1627 1603 1671 Ι).)καὶ

944 1675 990 1720 δὴ
1016 1676 1079 1711 -ιιαὶ
1113 1674 1309 1719 ἑκατέρους
1343 1675 1520 1732 συντομία
1539 1687 1602 1709 και

944 1721 1137 1776 σεμνότητι
1178 1721 1365 1777 κοσμήσας
1408 1733 1472 1755 και
1519 1723 1602 1760 ταῖς

941 1769 1018 1802 τῶν
1041 1767 1169 1802 κώλων
1191 1765 1512 1822 ἀπηκριβωμέναις
1537 1767 1601 1800 δυ-

938 1813 1070 1857 νάμεσι
1089 1813 1297 1857 χρώμενος,
1334 1810 1507 1856 ἄντικρυς
1536 1810 1600 1846 δια

937 1861 1006 1894 τοῦ
1039 1861 1189 1894 τοιοῦδε
1221 1858 1344 1893 τύπου
1379 1859 1455 1892 τῶν
1480 1857 1600 1913 λόγων

937 1919 1006 1946 τας
1039 1907 1149 1946 θείας
1189 1904 1335 1950 νοήσεις
1368 1901 1598 1946 ἅπεικονιζό-

935 1964 1056 1996 μενος.

982 2009 1189 2052 ξυστᾶσαν]
1214 2006 1420 2050 ξυνστάσαν
1429 2010 1460 2044 V
1461 2008 1528 2042 ind.
1538 2009 1582 2043 F.
1596 2013 1664 2049 546

981 2064 1084 2110 ἐπεὶ]
1118 2064 1177 2100 ἐπὶ
1200 2067 1288 2101 idem
1313 2079 1333 2100 a
1355 2078 1398 2099 m.
1424 2078 1476 2111 pr.

978 2132 1160 2180 γενομένῳ
1184 2134 1297 2169 παντὶ
1327 2132 1460 2179 φθορα
1481 2132 1592 2179 ἐστιν]

933 2180 1073 2214 Proclus
1104 2182 1137 2214 in
1168 2182 1258 2215 Tim.
1294 2183 1419 2225 p.88‚
1456 2182 1516 2216 15.
1553 2179 1592 2215 ἐν

933 2225 972 2260 δὲ
1007 2227 1183 2272 Πολιτείᾳ
1197 2228 1354 2283 σαφῶς
1380 2227 1591 2282 διωρίσατο,

930 2273 1069 2315 μᾶλλον
1094 2271 1132 2306 δε
1160 2270 1229 2306 ου’-ιι
1266 2270 1402 2315 αὐτὸς,
1436 2270 1519 2306 αλλ’
1551 2273 1591 2307 αὶ

932 2320 1107 2361 Μοῦσαι,
1143 2319 1255 2353 παντὶ
1284 2317 1466 2368 γενομένῳ
1491 2320 1589 2362 φθο-

931 2363 1002 2408 ρὰν
1028 2364 1064 2407 εξ
1090 2362 1251 2421 α’νεὶγκης
1276 2370 1380 2399 ειναι.
1406 2377 1440 2409 Ρ.
1465 2368 1521 2406 90,
1547 2369 1589 2400 1:

932 2411 966 2444 εἰ
1000 2409 1070 2454 γὰρ
1106 2409 1148 2445 τὸ
1184 2423 1278 2444 κατα
1317 2409 1452 2454 χρόνον
1487 2422 1588 2455 γενη-

929 2455 998 2491 τὸν
1022 2455 1221 2501 φθαρτὸν,
1258 2470 1308 2497 ως
1341 2470 1379 2491 εν
1415 2458 1589 2491 Πολιτεία

929 2502 1150 2559 γε’-Ιραπται,
1186 2502 1228 2537 τὸ
1268 2501 1472 2548 ἄφθαρτον
1506 2493 1587 2560 αγεέ

929 2547 1045 2592 νητόν
1078 2547 1186 2584 ἐστιν.
1220 2550 1267 2583 ib.
1298 2562 1330 2583 v.
1364 2550 1428 2584 42.
1465 2548 1528 2582 καὶ
1565 2546 1585 2583 ὁ

929 2594 1088 2629 Πλάτων
1121 2593 1271 2635 τούτοις
1303 2597 1478 2639 συγχωρεῖ
1507 2598 1587 2634 τοῖς

929 2638 1155 2684 α’ξιιόμασιν,
1205 2639 1243 2675 ἐν
1298 2641 1474 2688 Πολιτείᾳ
1519 2653 1587 2684 μεν

928 2686 1102 2732 γράφων,
1139 2685 1198 2722 ὅτι
1221 2687 1333 2722 παντὶ
1358 2700 1408 2743 τῳ
1430 2676 1585 2731 γινομέ-

927 2746 978 2767 νω
1012 2732 1172 2790 φθορὰ
1179 2745 1326 2776 επεται,
1360 2730 1399 2767 ἐν
1433 2733 1583 2778 Φαίδρῳ

928 2768 980 2824 δε,
1007 2793 1067 2815 οτι
1085 2793 1128 2816 το
1149 2777 1330 2824 αγένητον
1348 2778 1412 2814 καὶ
1433 2776 1583 2824 αφθαρ-
