1764 3176
191 139 430 169 Lxxxxvm
660 113 1189 162 PRAEFATIO

193 245 326 286 nalem
372 243 525 282 tantum
564 227 766 292 δύναμιν
804 237 996 291 appellari
1032 235 1201 275 Theaet.
1226 247 1277 296 P·
1306 231 1402 272 148.
1434 232 1488 290 .A·
1511 243 1588 270 nec

195 337 341 389 sugere
382 344 474 373 eum
510 333 697 382 poterat,
736 341 837 380 quae
857 328 1022 381 propria
1054 327 1138 366 eius
1159 324 1330 364 nominis
1355 323 1589 375 significatio

198 430 336 473 esset,
376 425 418 463 in
439 422 600 462 Politici
630 424 671 461 et
697 420 876 460 Euclidis
896 420 997 458 locis
1022 419 1069 457 ab
1089 416 1328 457 Heindorfio
1354 415 1402 454 ad
1421 414 1592 453 Theaet-

199 532 240 571 p.
279 516 374 556 147.
403 514 452 555 D.
479 514 608 553 citatis
630 514 707 551 iam
734 512 829 550 satis
848 511 1087 562 conspicua,
1123 508 1189 547 illa
1210 519 1328 554 vero,
1365 519 1483 557 quam
1504 506 1593 556 ipse

202 609 365 655 statuit,
402 605 577 644 adhibita
605 604 726 642 verba
749 591 862 641 κατὰ
881 591 1082 654 δύναμιν
1104 604 1272 652 prors‘us
1303 609 1595 650 supervacanea

203 700 305 740 fieri.
387 696 523 736 Minus
560 696 678 734 etiam
707 693 879 746 probare
913 693 1109 731 rationem
1145 703 1337 743 possum,
1387 702 1463 739 qua
1497 689 1598 726 haec

206 804 297 831 cum
328 787 600 840 superioribus
632 786 781 837 iungit:
824 784 915 822 Aeas
944 782 1019 822 der
1048 782 1204 822 Wcrzel
1230 781 1317 820 und
1342 780 1416 819 der
1440 778 1598 818 dritten

208 882 364 921 Potenz
390 880 475 917 also
500 876 603 917 erd
634 877 835 923 erhellen,
881 889 950 913 nm
984 874 1133 913 welche
1158 873 1433 925 Entfernzmg
1459 882 1504 908 er
1527 868 1597 907 ab-

209 972 334 1011 steht.
406 968 497 1007 Non
516 971 611 1019 post
633 964 776 1022 δῆλον
787 967 949 1005 demum
966 964 1240 1012 inferendum,
1277 963 1349 1002 sed
1371 961 1602 1001 adversativi

210 1063 302 1102 loco
321 1061 426 1100 inter
446 1049 562 1098 κατὰ
590 1062 630 1097 et
655 1048 855 1110 δύναμιν
876 1056 1107 1109 ponendum
1132 1058 1215 1094 erat
1239 1044 1296 1110 δὴ
1312 1083 1324 1101 ,
1361 1055 1395 1092 si
1413 1053 1455 1092 id
1487 1051 1601 1091 volu-

211 1155 313 1192 isset
333 1151 547 1197 Socrates,
586 1150 695 1201 quod
715 1148 1111 1188 Schleiermacherus
1132 1147 1234 1194 mk,
1273 1145 1381 1197 quod
1399 1146 1531 1197 ipsum
1553 1156 1605 1182 ne

212 1257 351 1284 verum
374 1242 533 1294 quidem
554 1245 687 1288 esset,
725 1253 846 1291 quum
881 1241 999 1279 etiam
1025 1238 1282 1290 longitudinis
1307 1241 1347 1277 et
1378 1235 1608 1288 superficiei

216 1334 544 1376 commemoratio
581 1345 703 1384 supra
732 1331 840 1370 facta
877 1331 927 1369 ad
948 1330 1172 1368 distantiam
1194 1329 1493 1383 significandam
1512 1339 1606 1379 per-

216 1429 354 1467 tineat.
423 1424 561 1475 Itaque
591 1422 829 1462 Germanice
862 1423 919 1461 sic
952 1422 1186 1460 dicendum:
1231 1421 1355 1461 Nach
1387 1420 1479 1459 dem
1511 1418 1607 1457 Ver-

217 1520 367 1571 mb'gen
386 1515 484 1555 aber
503 1513 590 1554 und
611 1513 686 1553 der
712 1512 871 1553 dritten
889 1512 1145 1566 Steigerung
1173 1512 1404 1552 hetraclztet
1439 1512 1494 1550 ist
1508 1510 1613 1550 wohl

219 1610 307 1649 klar
339 1609 414 1647 wie
440 1619 557 1660 gross
591 1607 704 1645 seiae
736 1605 1013 1658 Entfernung
1036 1602 1150 1643 wird.
1221 1604 1353 1655 Atque
1377 1604 1470 1642 hinc
1495 1606 1612 1642 enato

221 1701 263 1741 in
292 1710 459 1750 numero
494 1698 679 1736 consistit
709 1696 920 1744 Socrates,
950 1697 1094 1748 partim
1124 1696 1231 1746 quod
1250 1696 1351 1735 ultra
1375 1696 1531 1734 tertiam
1552 1694 1612 1733 di-

223 1791 378 1832 mensio
417 1801 498 1828 non
535 1792 641 1836 erat,
687 1789 830 1840 partim
864 1788 915 1827 ob
950 1788 1263 1827 convenientiam
1289 1787 1468 1838 numeri,
1500 1798 1616 1838 quam

226 1882 524 1953 declaravimus.

331 1972 414 2012 Sed
446 1985 498 2011 ne
517 1971 680 2010 nimium
707 1969 822 2009 nobis
842 1974 1084 2021 nostraeque
1104 1971 1324 2009 sententiae
1348 1969 1537 2008 tribuisse
1554 1968 1618 2007 vi-

229 2066 413 2111 deamur,
450 2067 490 2102 et
510 2076 587 2114 quo
610 2062 773 2113 aequius
796 2074 841 2100 ac
860 2062 989 2100 verius
1012 2062 1174 2101 iudicari
1194 2062 1244 2100 de
1265 2062 1451 2101 hocloco
1475 2061 1620 2112 possit,

231 2157 473 2197 scholiastae
493 2153 797 2205 explicationem
812 2129 828 2201 '-
861 2153 972 2192 cuius
995 2157 1149 2204 partem
1171 2154 1392 2204 attigimus,
1427 2154 1621 2205 integram

234 2249 432 2295 adiicere,
469 2245 615 2285 deinde
649 2244 814 2283 aliorum
838 2245 1206 2296 interpretationem
1227 2245 1357 2284 verbis
1378 2245 1557 2297 ipsorum
1578 2246 1621 2281 ut

233 2340 275 2379 in
310 2339 399 2377 libri
431 2336 531 2377 VIII.
561 2347 726 2375 numero
760 2337 979 2375 enarrando
1014 2337 1199 2375 adhibitis
1233 2349 1439 2388 apponere
1460 2335 1620 2387 placuit.

237 2430 435 2470 Scholion
463 2429 582 2480 igitur
611 2427 660 2466 ad
679 2427 943 2480 verbaprima
963 2442 1002 2480 p.
1024 2427 1119 2467 587.
1143 2427 1191 2466 D.
1214 2428 1456 2479 adscriptum
1477 2439 1622 2466 secun-

238 2521 333 2560 dum
372 2521 597 2567 Bekkerum
629 2519 710 2558 hoc
741 2521 824 2558 est:
860 2509 1091 2574 Εἰλήφθω
1112 2509 1224 2559 κατὰ
1241 2509 1323 2575 τὴν
1343 2508 1521 2572 μονάδα
1542 2506 1624 2557 αὖ·

238 2599 323 2666 τὴν
354 2600 380 2650 ὃ
417 2599 676 2665 βασιλικὸς,
722 2600 835 2650 κατὰ
869 2604 918 2651 δὲ
951 2599 1035 2650 τὸν
1071 2600 1107 2666 γ’
1134 2601 1159 2650 ὃ
1193 2599 1506 2665 ὀλιγαρχικὸς,
1543 2606 1626 2665 τῆς

241 2690 448 2754 μονάδος
457 2697 963 2757 πολλαπλασιασθείσης
974 2691 1046 2741 ἐπ’
1068 2691 1228 2752 αὐτὸν,
1247 2691 1360 2741 κατὰ
1372 2691 1455 2741 τὸν
1472 2691 1518 2740 θ’
1536 2694 1584 2740 δὲ
1599 2689 1625 2738 ὃ

243 2781 533 2848 τυραννικὸς,
550 2787 638 2831 τοῦ
656 2782 694 2846 γ’
705 2782 950 2848 γεγονότος
962 2782 1038 2847 ἐφ’
1055 2782 1235 2834 ἑαυτόν.
1256 2789 1345 2833 τοῦ
1354 2785 1627 2846 τριπλασίου
