1764 3176
214 228 235 231 -
324 226 328 229 -
489 195 830 238 CIVITAS
868 197 1171 239 LIB.X.607

1439 202 1525 248 245

142 303 217 351 ὅτι,
240 304 327 361 ἄρα
352 304 573 360 πένονται,
601 303 676 351 καὶ
699 304 809 351 ἄλλα
837 309 975 364 μυρία
1005 312 1161 365 σημεῖα
1189 311 1378 359 παλαιᾶς
1399 307 1524 352 ἐναν-

140 372 329 426 τιώσεως
364 374 534 419 τούτων
546 390 557 400 ·

607 374 726 431 ὅμως
761 376 808 420 δὲ
852 376 1067 433 εἰρήσθω,
1107 375 1174 420 ὅτι
1216 375 1338 434 ἡμεῖς
1374 391 1443 432 γε,
1487 378 1528 421 εἴ

140 459 239 486 τινα
279 443 368 499 ἔχοι
403 443 539 501 λόγον
578 444 714 487 εἰπεῖν
750 443 777 500 ἡ
808 443 920 498 πρὸς
956 442 1129 500 ἡδονήν
1157 444 1360 502 ποιητική
1392 445 1466 489 καὶ
1495 444 1522 502 ἡ

137 508 336 568 μίμηιῖις,
388 509 448 564 ὥς
488 510 568 568 χρὴ
609 509 748 568 αὐτὴν
786 509 898 555 εἶναι
951 512 999 555 ἐν
1039 510 1166 555 πόλει
1213 510 1526 570 εὐνομουμένῃ,

139 578 319 636 ἅσμενοι
350 578 405 623 ἂν
433 581 800 636 καταδεχοίμεθα,
839 578 899 631 ὦς
930 578 1135 637 ξύνισμέν
1161 597 1209 635 γε
1238 578 1343 635 ἡμῖν
1373 579 1525 632 αὐτοῖς

136 647 423 704 κηλουμένοις
459 647 538 694 ὑπ’
581 647 716 704 αὐτῆς
728 663 738 673 ·

136 797 195 844 qui
216 809 327 843 neque
359 809 474 832 omnes
506 809 610 833 unum
632 797 801 843 quendam

135 855 221 890 prae
244 843 371 878 ceteris
387 844 528 877 laudare
544 856 655 897 neque
673 845 708 878 in
727 844 802 877 lau-

136 891 248 924 dando
271 896 340 923 tam
371 901 467 924 suum
490 889 674 931 iudicium,
698 901 801 935 quam

135 938 259 971 famam
281 935 450 970 hominum
472 936 568 981 sequi
586 940 621 969 et
643 936 799 970 enuntia·

135 994 174 1018 re
197 982 319 1018 solent.

184 1051 260 1086 τῶν
291 1051 367 1085 Δία
401 1051 531 1094 σοφῶν
573 1047 679 1095 ὄχλος
712 1063 799 1094 κρα-

137 1098 234 1141 τῶν]
275 1098 330 1132 Ita
372 1098 552 1131 Bekkerus
592 1102 628 1131 et
662 1097 697 1130 in
731 1109 801 1133 sec.

138 1143 382 1178 Stallbaumius
422 1155 497 1177 cum
531 1143 610 1179 Par.
638 1145 680 1177 A.
714 1144 802 1177 scri-

136 1195 291 1236 pserunt.
344 1189 386 1222 In
419 1189 561 1234 reliquis
597 1189 800 1223 editionibus

137 1241 174 1271 et
199 1237 234 1270 in
262 1235 391 1270 maiore
415 1235 566 1269 codicum
602 1239 702 1280 parte
725 1235 801 1269 τῶν

137 1281 200 1317 διὰ
227 1281 358 1326 σοφῶν
383 1277 416 1316 ὅ.
442 1293 496 1325 κρ.
511 1307 520 1324 ,
544 1282 578 1314 in
603 1281 700 1315 Vind.
725 1281 800 1316 BF.

137 1331 222 1364 Ven.
245 1330 286 1362 B.
319 1328 406 1371 Aug.
430 1328 471 1362 B.
499 1327 575 1360 Vat.
600 1328 644 1360 Η
674 1326 799 1360 διασο-

136 1375 221 1419 φῶν
243 1386 307 1419 pro
332 1374 365 1407 δ.
391 1383 421 1407 σ.
446 1373 582 1427 legitur.
615 1374 719 1407 turba
743 1385 802 1407 su—

134 1422 408 1473 perstitiosorum
435 1420 631 1463 sapientum
660 1431 802 1463 exsupe-

135 1479 220 1502 rans
251 1465 329 1499 Fic.
362 1466 425 1498 der
462 1467 673 1499 Gottweisen
703 1466 802 1499 herr-

135 1514 301 1549 schemles
335 1512 420 1545 Volk
453 1511 798 1564 Schleiermacherus,

135 1561 305 1612 probante
327 1557 563 1591 Stallbaumio.
611 1558 681 1591 Sed
712 1557 800 1590 isto-

134 1617 210 1640 rum
233 1603 404 1649 sapientia
435 1603 509 1637 Iovi
545 1603 741 1637 adversaria
765 1608 802 1636 et

140 1648 258 1690 ἄθεος
289 1649 544 1693 erat.1taque
568 1649 642 1682 Δία
666 1661 731 1682 ιιοιι
757 1649 800 1682 ad

136 1697 288 1742 σοφῶν,
322 1696 383 1729 sed
411 1695 453 1729 ad
477 1695 624 1738 κρατῶν
647 1697 800 1728 reseren-

135 1744 213 1778 dum
223 1743 376 1777 videtur:
399 1742 609 1785 sapientium
628 1743 730 1774 turba
746 1742 801 1773 Io-

135 1802 178 1825 ve
195 1789 360 1833 superior.
405 1788 597 1823 Verborum
622 1786 800 1821 collocatio

137 1836 255 1870 durior
286 1838 359 1875 est,
396 1833 456 1867 sed
486 1833 523 1866 in
556 1833 662 1876 lyrico
697 1836 799 1877 poeta

136 1880 361 1922 excusabilis,
401 1890 503 1925 quum
556 1879 659 1913 etiam
699 1879 798 1912 Plato

136 1929 222 1973 Leg.
249 1927 289 1961 L.
322 1905 398 1960 V'II.
437 1937 472 1970 p.
493 1923 573 1959 824.
598 1927 638 1958 A.
673 1921 696 1969 ἡ
722 1925 799 1958 τῶν

136 1971 381 2017 διαπαύματα
394 1971 522 2006 πόνων
535 1967 666 2015 ε’χουσα
684 1971 800 2004 dicere

136 2031 237 2055 ausus
261 2004 318 2053 sit.
368 2018 530 2052 Ceterum
547 2017 771 2063 Stephanus
762 2028 797 2050 ιιι

134 2067 245 2101 indice
268 2066 355 2099 thes.
389 2065 434 2097 Τ.
458 2063 540 2096 ΙΙΙΙ.
575 2076 597 2109 p
633 2064 733 2108 i194.
756 2065 796 2097 A.

135 2113 170 2147 iu
197 2110 414 2156 κενεαγορία
447 2110 532 2144 haec
577 2109 687 2143 citans
720 2109 797 2143 τῶν

134 2159 260 2195 omisit.

185 2223 244 2263 ὅτι
263 2239 338 2270 αρα
358 2224 548 2269 πένονται]
574 2224 671 2258 Haec
691 2223 798 2257 verba

135 2274 252 2308 Astius
277 2273 312 2306 in
335 2276 416 2306 tert.
439 2272 511 2305 sine
534 2271 664 2304 ratione
682 2269 797 2302 delen-

135 2321 190 2361 da,
215 2317 459 2353 Stallbaumius
492 2317 526 2350 in
561 2327 631 2350 sec.
655 2315 796 2360 abipso

135 2366 280 2400 Platone
312 2376 391 2406 „ex
423 2368 537 2397 mente
562 2361 796 2396 comicorum“

135 2412 271 2446 adiecta
305 2414 406 2456 putat
429 2409 572 2454 ideoque
607 2419 673 2441 non
698 2412 736 2440 ut
762 2407 796 2440 in

134 2470 187 2503 pr.
230 2455 508 2509 quemadmodum
548 2453 700 2507 proxima
742 2454 797 2487 λε-

135 2503 237 2543 πτῶς
270 2502 515 2558 μεριμνῶντες
547 2505 582 2533 et
613 2512 690 2533 των
721 2499 796 2533 Δία

136 2550 266 2606 σοφῶν
287 2545 394 2592 ὄχλος
413 2547 558 2591 κρατῶν
571 2552 606 2580 et
625 2544 738 2589 μέγας
758 2543 797 2579 ἐν

136 2593 321 2650 οἷφρόνων
341 2593 615 2647 κενεαγορίαισι
634 2598 670 2625 et
693 2589 796 2625 λακέ-

135 2643 227 2697 ρυζα
250 2639 345 2685 πρὸς
367 2637 552 2675 δεσπόταν
570 2636 670 2672 κύων
686 2649 797 2681 κραυ-

134 2686 299 2732 ’γάζουσα
313 2698 386 2720 cum
386 2684 553 2719 Bekkero
572 2684 719 2718 diductis
739 2684 794 2716 lit-

135 2735 231 2778 teris,
255 2733 379 2779 quibus
404 2731 507 2765 etiam
526 2731 640 2765 Astius
659 2730 694 2763 in
713 2732 794 2764 tert.

135 2792 215 2814 usus
243 2784 308 2821 est,
332 2777 512 2812 scribenda
535 2776 680 2810 culavit.
724 2776 795 2809 Sed

135 2806 348 2877 paupertatis
359 2823 621 2876 exprobratione
631 2834 695 2855 non
706 2833 794 2854 sum-

136 2884 189 2906 ma
223 2871 461 2907 continebatur
485 2869 656 2904 criminum
689 2880 709 2901 a
738 2879 795 2902 co-

789 646 898 692 ἅλλὰ
939 648 1024 706 γὰρ
1069 647 1120 692 τό
1159 650 1326 693 δοκοῦν
1366 646 1526 705 ἄληθες

858 797 954 832 micis
978 797 1015 832 ιιι
1039 797 1257 844 philosophos
1284 797 1526 851 coniectorum,

857 849 896 878 ut
908 856 949 878 ea
960 849 1220 878 commemorata
1232 845 1395 878 Socrates
1405 843 1526 883 omnia,

857 902 946 934 quae
980 891 1015 924 in
1040 890 1215 924 comoedia
1249 890 1334 923 male
1350 889 1525 925 audirent

858 935 894 969 οἱ
919 937 1059 976 λεπτῶς
1081 935 1347 980 μεριμνῶντες,
1371 947 1524 979 compre-

856 982 1013 1016 hendisse
1021 982 1130 1016 videri
1139 987 1264 1026 posset.
1281 981 1446 1026 Equidem
1459 992 1524 1014 nou

856 1028 984 1070 dubito,
993 1029 1073 1073 quin
1083 1029 1232 1073 scriptor
1240 1028 1292 1061 hic
1303 1039 1438 1072 quoque
1449 1038 1522 1060 cer-

858 1077 929 1106 tum
964 1075 1132 1119 quendam
1166 1074 1274 1107 locum
1308 1076 1432 1118 poetae
1463 1073 1523 1106 ali-

858 1120 954 1153 cuius
978 1121 1011 1154 in
1036 1126 1148 1153 mente
1171 1120 1340 1175 habuerit,
1364 1119 1398 1151 in
1417 1130 1525 1163 eoque

856 1165 933 1218 ipsa
957 1167 1063 1199 verba
1090 1162 1149 1200 ὅτι
1175 1162 1250 1209 ἄρα
1269 1163 1447 1199 πένονται
1464 1175 1527 1208 po-

858 1212 925 1245 sita
949 1212 1056 1245 fuisse
1079 1211 1255 1256 suspicor,
1278 1213 1427 1245 fortasse
1450 1214 1528 1253 post

857 1258 943 1299 alia,
967 1269 1110 1302 quonum
1145 1268 1267 1291 sensus
1299 1262 1392 1290 esset
1418 1255 1526 1299 δῆλοί

856 1303 940 1357 εἰσι,
957 1304 1079 1348 quibus
1097 1303 1228 1336 omissis
1252 1304 1378 1336 factum
1403 1306 1467 1340 est,
1487 1306 1527 1335 ut

859 1345 918 1383 ὅτι
941 1361 962 1382 a
985 1349 1131 1382 Socrate
1156 1348 1332 1394 proficisci
1355 1348 1525 1382 videatur.

857 1395 996 1449 Neque
1017 1395 1052 1428 id
1085 1406 1148 1438 ego
1185 1395 1339 1439 praecise
1374 1405 1527 1448 negave-

857 1440 943 1474 rim:
973 1452 1048 1484 αρα
1073 1444 1187 1474 tamen
1206 1445 1241 1474 et
1255 1439 1441 1485 praecipue
1461 1437 1524 1473 πέ-

856 1498 988 1520 νονται
1021 1486 1063 1520 ad
1087 1490 1225 1531 poetam
1255 1486 1436 1519 referenda
1459 1497 1526 1530 pu-

856 1538 917 1574 to,
951 1544 1049 1577 quem
1084 1538 1119 1566 et
1150 1532 1263 1577 ipsum
1286 1532 1430 1575 lyricum
1461 1543 1525 1576 po-

856 1578 938 1621 tius,
964 1590 1064 1623 quam
1089 1582 1249 1612 comicum
1274 1579 1380 1612 fuisse
1405 1590 1447 1611 ex
1473 1577 1524 1610 di-

857 1625 905 1658 cti
940 1625 1115 1658 brevitate
1152 1631 1187 1658 et
1229 1636 1270 1658 ex
1307 1637 1346 1658 eo
1389 1623 1525 1666 colligo,

857 1671 947 1715 quod
970 1671 1030 1703 illa
1054 1670 1219 1704 dissensio
1245 1674 1343 1703 vetus
1372 1670 1524 1714 appella—

856 1722 925 1750 tur.
974 1716 1083 1749 Aliter
1115 1728 1177 1749 nec
1206 1715 1379 1749 irridicule
1403 1727 1524 1749 nexum

856 1766 1035 1796 verborum
1075 1762 1266 1796 declaravit
1298 1762 1524 1795 Schleierma-

857 1809 998 1842 cherus:
1041 1809 1097 1842 die
1131 1815 1208 1842 zart
1248 1809 1304 1841 die
1335 1809 1526 1842 Gerlankcn

856 1855 1141 1898 verspimwnden,
1164 1855 1242 1888 ueil
1260 1856 1308 1887 sie
1330 1856 1413 1887 eben
1436 1855 1524 1908 ''l-'⁷¹‘

855 1913 955 1955 geru.
981 1901 1071 1945 quod
1097 1901 1235 1944 probari
1254 1906 1382 1945 posset,
1407 1899 1435 1933 si
1457 1895 1522 1934 α’τε

855 1944 1054 1990 πενόμενοι
1076 1947 1241 1991 scriptum
1266 1951 1370 1980 esset.

900 2015 1077 2059 παλαιᾶς]
1110 2027 1176 2048 om.
1202 2015 1279 2048 Fic.

900 2060 1080 2106 εἰρήσθω]
1105 2059 1271 2105 ἠρείσθω
1298 2060 1396 2094 Vind.
1426 2060 1464 2094 F.

901 2129 990 2175 ἔχοι]
1019 2129 1090 2174 ἔχει
1109 2131 1196 2164 Lob.
1220 2131 1300 2164 Vat.
1317 2129 1397 2163 ΒΜ.
1417 2129 1519 2165 Vind.

854 2177 895 2212 F.
920 2179 1007 2221 Aug.
1030 2179 1072 2211 B.
1097 2177 1191 2210 Flor.
1216 2177 1260 2210 R.

901 2246 1032 2290 εἰπεῖν]
1059 2257 1124 2279 οπι.
1150 2245 1248 2278 Vind.
1275 2245 1349 2278 ΒΕ.
1377 2245 1454 2279 Vat.
1474 2245 1520 2279 H.

851 2293 948 2326 Flor.
977 2292 1084 2325 ACT.

897 2335 938 2382 ἡ]
965 2334 988 2382 ἢ
1018 2338 1095 2372 Par.
1120 2337 1197 2371 DK.
1223 2348 1292 2371 sec.
1316 2337 1425 2370 Bekk.

898 2381 1086 2428 ποιητικὴ]
1112 2381 1313 2426 ποιητικὴν
1336 2382 1416 2416 Par.
1443 2383 1487 2417 K.

897 2452 961 2487 καὶ
986 2450 1036 2508 ἡ]
1071 2452 1111 2485 In
1139 2451 1233 2484 Mon.
1258 2452 1300 2485 B.
1330 2450 1394 2484 καὶ
1419 2452 1520 2485 omis-

852 2511 925 2533 sum
951 2505 986 2532 et
1010 2496 1032 2542 ἠ
1059 2502 1264 2542 expunctum
1283 2502 1347 2531 est.

900 2564 1008 2610 εἶναι]
1035 2569 1113 2610 post
1138 2563 1176 2598 ἐν
1200 2563 1305 2599 πόλει
1331 2565 1516 2600 Vind.BE.

853 2616 939 2650 Ven.
964 2614 1004 2646 Β.
1029 2614 1109 2647 Vat.
1133 2612 1179 2645 H.
1205 2612 1297 2645 Flor.
1321 2611 1461 2646 ACTV.

851 2656 1178 2740 ΑΙἒύνομουιιε’νῃ]
1262 2654 1518 2702 εὐνομουμένη

897 2771 1218 2827 καταδεχοίμεθα]
1248 2772 1451 2820 δεχοίμεθα
1474 2773 1518 2806 ii-

851 2820 940 2862 dem,
966 2819 1024 2864 qui
1049 2815 1087 2851 ἐν
1114 2816 1221 2852 πόλει
1247 2821 1353 2852 εἰναι,

898 2845 1085 2910 ξύνισμεν]
1112 2864 1280 2907 ξυνισμεν
1307 2865 1406 2898 Vind.
1431 2865 1470 2898 F.
