1764 3176
296 133 469 161 Lxxvm
713 117 1240 161 PRAEFATIO

295 239 457 277 omnino
491 237 621 276 minus
646 237 859 278 curandam
896 239 978 279 hoc
1007 239 1101 279 loco
1135 239 1386 279 existimasse
1413 239 1471 279 vir
1489 238 1675 279 doctissi-

292 343 381 369 mus
401 329 568 378 videtur,
605 343 726 381 quum
753 334 928 370 extrema
949 332 1068 370 etiam
1087 331 1145 370 sic
1165 329 1367 370 emendari
1389 343 1515 382 posse
1538 333 1675 370 osten-

291 422 376 460 dat:
432 412 607 463 ἑκατόν
652 417 743 477 μὲν
781 415 1012 479 ἀριθμῶν
1056 413 1155 464 cinci
1199 416 1472 479 διαμέτρων
1523 416 1679 481 ῥητῶν

291 503 555 567 mundam
577 510 651 554 δεῖ
667 509 758 568 μὲν
777 506 864 555 οὖν
887 503 991 560 ἑνός
1011 503 1240 566 ἑκάστων,
1269 513 1409 564 eisque
1425 512 1555 553 verbis
1574 512 1679 552 hanc

291 604 530 643 sententiam
555 604 693 643 inesse
721 607 858 656 putet:
893 613 1005 644 menn
1025 601 1176 652 iemanb
1196 601 1356 654 bimbett
1375 605 1450 644 aug
1471 602 1540 644 ben
1561 601 1678 645 Qua:

288 693 506 748 bratgabten
523 695 585 736 ber
606 691 918 747 aussfptedybaten
931 689 1181 747 Ξίαςοηαῐεη
1201 694 1263 735 bet
1276 689 1427 746 ῧίιηῖεη
1448 692 1677 748 ὄαῖαηιητεηε

287 781 400 840 ὀὰβῐί,
439 785 475 837 50
495 785 586 836 fehlt
605 782 684 836 ihm
705 782 761 828 hei
782 784 878 835 jebet
898 781 1124 839 magmate
1145 782 1264 830 Είηῧ.

390 876 519 917 Venio
555 877 605 916 ad
635 877 1062 917 Schleiermacherum.
1131 877 1169 917 Is
1191 878 1316 930 priori
1350 881 1465 930 parte
1483 890 1612 927 usque
1629 876 1678 916 ad
1705 916 1710 918 ,

287 950 542 1027 ἆπέφηναν
572 970 708 1008 statuit
749 969 920 1009 eundem
955 982 1186 1017 numerum,
1219 983 1338 1021 quem
1379 981 1477 1021 eg0,
1512 967 1676 1007 iisdem-

287 1073 366 1112 que
390 1060 442 1099 de
464 1061 616 1100 caussis
637 1062 864 1113 significari,
886 1063 1066 1101 ceterum
1082 1059 1292 1100 Platonem
1314 1074 1396 1101 non
1414 1061 1507 1108 duo,
1535 1073 1675 1111 quem-

286 1152 501 1192 admodum
528 1152 626 1192 mihi
655 1153 781 1192 visum
811 1155 895 1201 est,
930 1152 1005 1192 sed
1040 1165 1163 1192 unum
1192 1166 1402 1193 numerum
1429 1151 1540 1193 illum
1568 1150 1676 1191 indi-

286 1257 379 1283 care
397 1257 530 1295 neque
551 1257 646 1283 vero
668 1247 844 1284 extrema
863 1244 1069 1292 consulto,
1106 1248 1149 1283 ut
1181 1244 1370 1296 explicari
1392 1257 1473 1285 non
1495 1246 1678 1295 possent,

286 1335 504 1375 obscurare
530 1336 721 1377 voluisse.
799 1334 955 1399 Tamen
983 1348 1029 1375 se
1056 1335 1180 1375 verbo
1215 1327 1399 1392 ξύμπας
1434 1335 1677 1387 pendentem

283 1428 403 1466 animi
422 1428 621 1468 redditum
643 1428 902 1475 demonstrat,
938 1427 1135 1467 cubumne
1154 1427 1313 1474 senarii,
1347 1441 1397 1466 an
1419 1428 1486 1478 qui
1505 1439 1553 1466 ex
1571 1425 1673 1466 mul-

283 1519 531 1571 tiplicatione
557 1521 733 1559 omnium
766 1524 935 1571 quatuor
955 1520 1215 1559 terminorum
1234 1520 1412 1568 exsistat,
1444 1519 1674 1570 quadratum

284 1611 369 1650 eius
392 1611 483 1650 cubi
503 1625 711 1650 numerum
735 1612 984 1663 designatum
1006 1612 1224 1658 existimet,
1263 1614 1305 1649 et
1339 1611 1416 1649 utri
1447 1623 1586 1650 eorum
1607 1622 1672 1649 se-

286 1704 446 1752 quentia
463 1704 588 1755 magis
620 1702 915 1755 respondeant,
953 1716 1044 1744 eum
1071 1703 1381 1755 praeferendum
1402 1705 1552 1742 censet.
1622 1701 1676 1743 At

284 1793 387 1833 haec
412 1795 501 1845 ipsa
520 1796 682 1834 minime
702 1795 752 1833 ad
773 1795 964 1846 liquidum
984 1795 1058 1833 sibi
1079 1795 1204 1834 videri
1222 1795 1426 1846 perducta.
1497 1793 1671 1834 Harmo-

283 1885 368 1924 nias
389 1885 568 1925 fortasse
588 1900 669 1926 non
690 1887 856 1938 proprie
874 1885 1150 1937 intelligendas
1175 1899 1279 1933 esse,
1309 1898 1440 1936 neque
1465 1897 1673 1937 apparere,

284 1977 378 2027 quid
401 1974 478 2036 ἴση
517 1968 667 2024 ἰσάκις
690 1971 901 2035 ἁρμονία
937 1978 998 2016 sit.
1081 1969 1305 2036 Ἰσομήκη
1335 1978 1513 2018 construi
1546 1989 1673 2029 posse

231 2123 234 2126 ἦ
284 2081 375 2107 cum
395 2063 456 2126 τῇ
475 2059 711 2127 προμήκει
733 2069 804 2117 sic,
839 2072 885 2107 ut
908 2069 1029 2108 altera
1048 2069 1255 2109 harmonia
1271 2070 1397 2121 priori
1417 2082 1465 2109 ex
1485 2069 1684 2123 quadrata,

284 2160 483 2212 oblongae
503 2159 683 2199 redditae
710 2173 783 2212 par
800 2160 1048 2213 longitudine
1064 2160 1268 2200 habeatur.
1340 2161 1554 2201 Defectum
1580 2174 1670 2200 mo·-

281 2252 395 2290 nadis
416 2252 465 2291 ad
497 2253 766 2304 septenarium
798 2253 931 2304 ipsum
952 2266 1034 2292 non
1052 2253 1182 2292 minus
1205 2257 1336 2302 recte,
1373 2267 1490 2305 quam
1509 2254 1559 2293 ad
1585 2255 1670 2294 eius

281 2344 513 2394 quadratum
543 2344 699 2383 referri.
779 2343 1004 2383 Ineffabiles
1041 2344 1257 2384 diametros
1291 2348 1331 2383 et
1359 2345 1470 2396 ipsas
1504 2346 1670 2396 quinarii

280 2435 404 2475 dictas
433 2436 579 2483 wideri,
615 2436 689 2475 sed
722 2449 769 2475 ea
795 2437 972 2484 ratione,
1009 2449 1244 2489 quamquam
1274 2437 1404 2476 verbis
1426 2438 1670 2477 convenieffi

279 2528 452 2576 tissima,
498 2529 653 2567 numeri
689 2529 956 2580 integritatem
992 2528 1090 2567 tolli.
1181 2528 1243 2567 An
1281 2530 1400 2581 igitur
1443 2529 1665 2570 effabilibus

278 2632 421 2666 unum,
465 2619 732 2658 ineffabilibus
776 2620 856 2659 duo
894 2633 966 2659 seu
1006 2633 1127 2659 unum
1171 2634 1261 2663 cum
1288 2621 1486 2662 fractione
1514 2622 1667 2661 infinita

280 2723 353 2762 pro
389 2724 467 2749 uno
499 2710 682 2751 habenda
714 2711 868 2751 detrahi
902 2713 1051 2760 iuberi,
1088 2715 1130 2751 et
1150 2712 1208 2752 sic
1238 2714 1450 2765 utrobique
1469 2715 1665 2754 senarium

281 2803 508 2855 designari?
562 2802 744 2855 Denique
785 2804 998 2845 obscurum
1028 2804 1217 2857 relinqui,
1255 2818 1333 2858 quo
1364 2806 1486 2847 modo
1523 2818 1572 2846 ex
1599 2806 1664 2845 his
