1764 3176
114 103 167 144 26
756 97 902 135 Volum.
938 98 964 137 Ι.

114 216 204 266 Pag
221 216 313 261 299
327 215 364 262 Ι),
398 211 450 251 14
480 214 569 261 post
603 211 866 247 observaffvnus
903 209 1040 246 addas:
1083 207 1144 248 Cf
1173 207 1217 245 L
1242 206 1323 243 1111.
1361 222 1398 258 p.
1427 206 1519 248 441.
1561 208 1613 244 C:

359 266 472 309 πόλει
497 287 552 294 —-
579 269 628 320 τῇ
655 268 780 320 ψυχῆ.
806 269 890 302 ets
875 266 906 302 si
935 265 1020 302 Par.
1049 265 1095 301 A.
1128 266 1341 313 sequimur,
1373 264 1488 301 VIIII.
1520 264 1613 304 585.

362 326 415 362 D:
448 325 562 373 σῶμα
590 345 645 349 —
674 325 744 373 τῆς
770 324 903 372 ψυχῆς
930 326 967 358 et
994 319 1089 369 Leg.
1122 320 1167 358 X.
1197 334 1233 370 p.
1270 321 1363 360 890.
1398 322 1445 357 A:
1486 318 1614 372 γιγνό-

361 396 460 433 μενα
487 378 601 432 τέχνῃ
633 377 701 417 καὶ
729 380 812 425 τοῖς
839 374 989 429 νόμοις.

387 439 437 477 11
471 449 493 472 a
519 436 543 473 f.
576 439 664 485 post
694 434 797 471 haud
828 447 915 470 raro
946 434 1111 470 inseras.
1151 431 1252 469 velut
1277 431 1374 469 Tim.
1405 446 1441 483 p.
1473 431 1537 471 58.
1569 431 1612 468 A.

418 490 522 532 αἰτία
552 490 594 530 δὲ
622 488 810 540 οἷνισότης
840 486 885 528 αἶ
905 490 976 540 τῆς
1005 484 1218 540 οἷνωμάλου
1252 486 1423 538 φύσεως

391 550 456 589 ult
485 548 625 585 addas:
655 547 714 587 Cf
742 548 827 583 adn.
858 547 904 583 ad
936 559 972 595 p.
1006 544 1098 585 411.
1125 546 1170 582 A.

113 608 204 656 Pag.
219 607 311 652 301,
320 606 358 653 b,
391 603 417 645 4
446 617 467 642 a
500 605 526 641 f.
556 605 694 640 addas·
723 603 782 641 Cf.
817 601 999 652 supplem.
1030 602 1078 638 ad
1108 616 1146 651 Ι)
1175 599 1272 647 411,
1301 600 1339 648 Ι),
1374 598 1437 639 14.

115 664 207 712 Pag.
221 663 363 710 302,a,
398 659 449 700 14
478 660 571 697 Post
611 658 673 695 Sic
707 660 872 696 inseras:
911 657 958 697 L
984 657 1034 696 11.
1069 670 1107 707 p.
1141 658 1236 696 368
1274 655 1329 693 D:
1370 653 1506 706 ἐπειδὴ
1539 648 1613 693 οὖν

361 716 474 768 ἡμεῖς
498 732 545 756 ου
566 714 712 764 δεινοὶ,
746 716 857 754 δοκεῖ
880 729 970 763 μοι,
1002 707 1051 764 ἦν
1085 708 1126 750 δ
1156 709 1248 763 ἐγω,
1279 708 1468 762 τοιαύτην
1498 726 1614 760 ποιη-

359 778 509 813 σασθαι
538 769 708 823 ζήτησιν.
739 769 820 810 Vn.
844 770 937 809 517.
971 769 1025 806 D:
1064 768 1109 807 Τί
1135 768 1199 812 622·
1228 765 1319 807 τοδε
1346 768 1421 807 οἰέι
1444 784 1480 807 τι
1509 771 1614 805 θαυ-

358 827 525 881 μαστὸν,
557 830 592 868 εἰ
621 824 700 868 απὸ
728 827 878 873 θείων,
905 820 958 876 ἦν
988 827 1028 865 δ’
1058 821 1155 877 ε’γω,
1183 827 1370 877 θεωριῶν
1401 847 1446 851 -

331 888 367 935 Ι),
399 887 495 923 inter
524 897 559 921 v.
586 886 637 926 26
667 890 704 921 et
726 885 779 924 27
808 884 974 920 inseras·
1011 878 1180 933 τραφὲν)
1209 894 1292 919 τ·-
1321 882 1356 918 in
1388 882 1499 918 litura
1529 879 1614 916 Par.

360 944 406 980 A.
438 941 514 982 Dii.

385 1000 485 1035 inter
515 1009 548 1035 v.
581 997 632 1037 29
662 998 697 1032 et
726 995 781 1034 30
810 994 976 1031 inseras:
1010 992 1189 1045 δέοντος)
1217 994 1301 1032 δ-
1332 994 1368 1030 in
1398 993 1507 1030 litura
1527 991 1611 1028 Par.

416 1056 462 1092 A.
493 1052 567 1090 Dii.

114 1110 203 1159 Pag
217 1111 311 1156 303,
321 1124 355 1159 a,
392 1112 441 1151 12
471 1113 559 1160 post
584 1104 789 1159 ἀμφότερα
819 1108 989 1143 inseras:
1020 1106 1104 1144 Par.
1133 1108 1175 1143 A.
1208 1105 1283 1144 Dii.

112 1165 202 1215 Pag.
214 1165 361 1215 304,a‚
399 1168 448 1207 16
479 1166 617 1203 addas:
663 1165 740 1201 Sed
771 1164 974 1200 auctoritas
1006 1162 1134 1199 obstat
1164 1162 1248 1199 Par.
1279 1163 1322 1202 A
1354 1160 1428 1200 Dii.
1441 1161 1546 1210 ,qui
1578 1165 1615 1197 ‹t

360 1223 393 1262 h.
425 1222 448 1258 l.
486 1218 598 1271 φύση
628 1233 650 1257 a
679 1233 726 1256 m.
755 1220 916 1268 Γριρηῐί,
956 1232 978 1256 a
1005 1231 1052 1259 m
1082 1232 1164 1268 pn,
1204 1223 1244 1255 ut
1273 1218 1442 1264 videtur,
1480 1213 1613 1266 φύσει,

357 1278 393 1314 in
430 1278 598 1326 margine
634 1289 724 1313 vero
754 1287 817 1325 σε,
856 1279 893 1312 et
921 1274 966 1311 L.
996 1274 1100 1315 VIII.
1143 1289 1181 1325 p.
1213 1272 1304 1314 547.
1338 1275 1381 1311 Β.
1420 1277 1505 1310 ante
1532 1274 1615 1310 litu-

359 1345 438 1370 ram
468 1332 571 1385 γένει
601 1332 726 1370 habet.

326 1391 362 1439 b,
386 1393 413 1430 3
448 1394 537 1440 post
572 1386 778 1441 ἄγροικος)
817 1387 980 1423 inseras.-
1020 1383 1188 1425 -ὄῖ-
1218 1386 1255 1422 in
1299 1386 1409 1422 litura
1444 1384 1528 1423 Par.
1567 1382 1614 1421 A.

354 1445 429 1484 Dii.
461 1448 616 1484 accentu
645 1458 666 1481 a
697 1457 743 1481 m.
769 1456 799 1483 5.
831 1443 976 1480 addito.

387 1504 439 1542 18
472 1515 494 1539 a
524 1502 549 1538 f.
580 1501 720 1537 addas:
766 1499 827 1538 Cf.
871 1499 970 1536 dieta
1010 1499 1056 1535 ad
1101 1512 1137 1548 p,
1166 1496 1261 1537 410.
1290 1498 1334 1538 A,
1376 1500 1412 1534 et
1443 1496 1615 1535 Nitzseh.

414 1559 462 1596 ad
488 1557 628 1606 Odyss.
660 1556 726 1596 XI.
757 1555 852 1596 417.

387 1611 413 1653 4
440 1627 462 1651 a
490 1614 514 1651 f.
549 1617 636 1663 post
665 1610 834 1665 παρέχῃ)
863 1611 1030 1648 inseras:
1065 1624 1148 1663 -ῃ
1172 1610 1209 1647 in
1235 1608 1343 1646 litura
1363 1608 1506 1648 Par.A.
1535 1607 1609 1644 Dii.

111 1667 358 1718 Pag.305,b‚
398 1671 423 1710 6
450 1683 472 1707 a
501 1670 527 1706 f.
550 1682 620 1720 pro
651 1669 683 1706 A
712 1681 831 1719 ponas
860 1667 904 1703 E.

110 1725 353 1775 Pag.306‚a,
390 1726 416 1765 3
445 1729 533 1776 post
563 1725 625 1762 sed
655 1726 819 1762 inseras:
865 1721 912 1762 L.
944 1721 989 1760 V.
1025 1736 1064 1772 p.
1098 1720 1191 1762 458.
1222 1721 1266 1760 Β.
1306 1724 1344 1757 et
1373 1742 1427 1747 ——
1466 1724 1503 1757 et
1527 1724 1615 1770 post

357 1782 412 1819 A:
443 1781 475 1817 E
507 1803 561 1808 —
588 1786 625 1818 ct
654 1786 741 1831 post
772 1782 901 1817 tacite:
935 1781 1087 1830 παριῇς
1118 1783 1155 1815 et

384 1839 409 1877 8
454 1837 596 1874 addas:
639 1837 758 1887 Epist.
800 1835 901 1872 XIII.
949 1849 986 1884 p.
1023 1835 1117 1875 360.
1154 1833 1200 1872 D.
1247 1829 1345 1888 ἀνιῇ
1381 1846 1424 1871 ex
1463 1832 1613 1882 vulgato

415 1889 528 1944 οἷνείη
560 1893 663 1943 (Par.
698 1895 739 1929 A.
774 1905 869 1931 corr.
901 1887 1014 1941 οἷνιη)
1042 1891 1142 1927 fecit.

110 1948 200 1999 Pag.
213 1950 307 1996 307,
320 1948 354 1998 a,
390 1951 442 1989 13
461 1951 604 1987 inseras
622 1963 630 1986 :
661 1962 743 1986 cum
759 1950 867 1985 trium
882 1948 1089 1985 litterarum
1102 1951 1190 1997 post
1210 1961 1247 1986 οι
1265 1946 1375 1984 litura
1386 1946 1470 1985 Par.
1485 1948 1528 1984 A.
1541 1946 1612 1986 Dii.

330 2006 368 2054 b,
390 2004 415 2045 4
434 2007 576 2046 addas:
607 2028 654 2034 —
676 2021 743 2056 κηι
766 2017 846 2042 cum
870 2001 913 2051 ὸς
933 2017 954 2041 a
976 2017 1022 2040 m.
1040 2008 1116 2043 vet.
1142 2003 1357 2054 subscripto
1378 2002 1462 2043 Par,
1480 2005 1523 2041 A.
1540 2003 1613 2040 Dii.

381 2062 480 2099 inter
505 2076 540 2101 v.
570 2061 595 2102 5
627 2066 663 2100 et
698 2064 722 2102 6
752 2063 914 2099 inseras:
960 2058 1217 2111 ἐμπίπλαται)
1251 2073 1335 2097 cum
1368 2075 1396 2109 μ
1420 2072 1441 2096 a
1469 2073 1518 2099 m.
1555 2073 1614 2096 re-

422 2119 636 2157 centissima

388 2175 486 2213 inter
515 2176 530 2215 ί
559 2180 596 2213 et
626 2190 655 2214 π
685 2173 882 2211 interiecto
913 2171 999 2209 Par.
1031 2172 1073 2209 A.
1102 2170 1173 2211 Dii.

385 2233 410 2271 9
440 2236 527 2281 post
557 2231 640 2281 δαί)
669 2232 833 2267 inseras:
880 2228 935 2266 Ita
964 2228 1049 2267 Par.
1083 2226 1127 2264 A.
1156 2226 1230 2265 Dii.
1270 2228 1337 2265 sed
1368 2240 1416 2265 ne
1446 2227 1505 2265 hic
1529 2229 1612 2278 qui-

413 2288 498 2324 dem
528 2289 610 2326 sine
634 2287 756 2325 litura.

108 2342 360 2393 Pag.308,b,
386 2346 411 2384 9
441 2344 577 2381 addas·
620 2347 706 2382 eta
734 2355 782 2380 m
813 2354 870 2391 pr.
910 2343 996 2378 ante
1035 2340 1306 2377 correctionem
1335 2341 1465 2378 eadem
1502 2354 1612 2378 manu

354 2399 490 2437 factam
517 2401 602 2437 Par.
627 2400 670 2441 A
698 2399 772 2435 Dii.

384 2457 436 2495 10
466 2469 487 2493 a
520 2457 545 2497 f.
572 2460 660 2507 post
695 2454 779 2495 Vat
811 2451 864 2491 H.
895 2453 1031 2492 addas:
1064 2456 1103 2488 et
1132 2464 1153 2488 a
1183 2464 1229 2488 m.
1257 2464 1314 2501 pr.
1345 2451 1431 2493 Par
1468 2454 1511 2493 A.
1538 2453 1612 2491 Dii.

389 2512 488 2548 inter
524 2526 557 2552 v.
585 2515 610 2553 9
641 2516 679 2549 et
705 2513 730 2552 8
758 2524 780 2548 a
804 2510 831 2546 f.
873 2510 1038 2546 inseras:
1082 2503 1328 2558 ἀχαριστίας)
1365 2510 1407 2547 In
1450 2509 1534 2547 Par.
1566 2511 1612 2547 A.

411 2567 486 2605 Dii.
515 2582 536 2605 a
567 2583 613 2606 m.
646 2572 719 2606 v.et
750 2579 788 2607 σι
818 2578 930 2616 super
961 2565 1020 2604 στί
1049 2566 1227 2613 scriptum
1258 2567 1328 2604 est.

113 2622 362 2674 Pag·309,a,
388 2621 414 2663 4
441 2628 529 2674 post
557 2624 642 2675 Rip.
674 2625 838 2662 inseras:
872 2624 910 2658 et
937 2623 978 2659 A.
1008 2633 1084 2658 sec.
1115 2620 1215 2658 Dub.

386 2681 438 2719 18
468 2681 623 2717 interm
651 2685 687 2717 et
714 2680 807 2718 Lob
836 2678 996 2715 inseras:
1028 2676 1114 2715 Par.
1141 2678 1187 2714 A.
1216 2675 1289 2714 Dii.

387 2735 453 2776 ult.
482 2737 629 2774 addas:
657 2737 700 2774 In
729 2736 814 2775 Par
842 2735 888 2774 A.
920 2734 993 2772 Dii.
1026 2747 1048 2771 a
1079 2746 1126 2774 m.
1157 2746 1213 2784 pr.
1242 2737 1322 2771 erat
1347 2728 1456 2784 εἴπερ
1484 2748 1609 2787 εργον,

416 2805 437 2829 a
466 2805 513 2831 m.
541 2806 616 2831 sec.
644 2806 687 2830 ex
718 2788 757 2831 εἷ
781 2792 920 2829 factum
952 2795 1010 2830 est
1033 2784 1062 2845 ἦ
1091 2789 1147 2840 (et
1177 2786 1411 2843 πάρεργον.)
