1764 3176
509 189 992 234 EDITORIS.
1330 203 1444 230 ·cxl

64 305 287 357 „dicitnr?
312 316 369 345 an
390 305 487 359 quia
506 304 685 345 hominis
703 308 824 345 aetas
845 310 892 344 ut
908 318 991 359 per
1002 318 1197 346 numeros
1217 304 1416 359 quosdam
1428 321 1445 353 ,-

63 397 125 437 sic
142 409 220 451 per
235 395 348 443 dies,
377 408 555 446 menses,
585 400 625 435 et
646 408 792 446 annos,
818 400 1018 448 tanquam
1038 409 1273 436 mensuram
1294 401 1448 450 tempo-

63 490 120 528 ris
151 487 452 540 distinguitur?
491 486 601 541 Talis
632 490 695 526 est
724 487 923 539 expositio
962 486 1102 536 Foxii,
1147 490 1188 527 in
1219 502 1295 539 qua
1326 487 1448 540 porro

64 574 235 631 quatuor
257 580 455 618 commisit
477 591 649 620 errores,
704 578 839 618 Primo
862 580 1048 630 quoniam
1067 580 1107 618 in
1129 593 1200 618 sua
1221 581 1348 631 figura
1371 593 1448 632 po-

64 671 143 709 suit
172 670 493 719 Aristocratiam,
529 670 611 710 hoc
642 674 705 710 est
737 671 982 723 optimatum
1010 671 1153 724 Remp.
1196 671 1237 710 in
1271 671 1449 711 secundo

63 761 180 810 loco,
214 763 282 800 ubi
310 775 385 802 nos
418 763 469 802 de
499 767 635 802 mente
664 763 842 803 Platonis
870 763 1015 816 Remp.
1039 763 1174 802 Censu
1192 767 1451 816 potestatum,

66 855 149 893 sive
162 854 423 894 Ambitiosam
442 857 608 908 proprie
627 856 771 896 dictam
785 856 1008 908 posuimus,
1028 856 1136 906 quod
1156 856 1316 907 quidem
1332 868 1451 908 aper-

65 947 220 985 tissime
238 950 376 1006 contra
394 946 572 987 Platonis
591 952 766 987 mentem
786 951 868 996 est,
895 949 961 999 qui
982 947 1170 1000 Regiam,
1209 952 1249 987 et
1270 947 1451 999 Optima-

66 1042 152 1077 tum
172 1037 318 1090 Remp.
341 1052 416 1092 pro
441 1053 519 1079 una
538 1039 606 1079 hic
622 1041 800 1092 accepit,
837 1029 1056 1092 ambas'que
1085 1042 1125 1080 in
1156 1040 1300 1080 eodem
1322 1039 1452 1091 primo

67 1131 160 1170 loco
183 1132 331 1170 statuit.
400 1131 587 1171 Secundo
621 1132 761 1171 erravit
788 1131 822 1169 F
827 1133 961 1181 oxius,
999 1134 1089 1184 quia
1118 1144 1306 1171 numeros
1338 1131 1452 1182 quin-

71 1236 150 1274 que
171 1221 362 1275 Rerump.
394 1224 534 1263 ordine
562 1225 760 1262 contrari⁰
794 1224 1004 1275 disposuit.
1076 1224 1332 1263 novenarium
1351 1224 1457 1262 enim

69 1316 111 1354 in
132 1314 274 1366 Regno
296 1315 453 1366 posuit,
491 1318 531 1354 et
550 1314 635 1354 729
656 1316 696 1354 in
720 1316 950 1368 tyrannide,
984 1317 1073 1355 cum
1099 1320 1231 1355 tamen
1253 1317 1276 1354 ὲ
1297 1318 1454 1355 coutra-

70 1408 130 1446 rio
150 1406 379 1446 faciendum
400 1409 508 1455 erat,
543 1410 587 1446 ut
616 1420 691 1446 nos
723 1408 774 1447 de
805 1397 940 1448 fnente
957 1407 1134 1447 Platonis
1167 1409 1351 1460 superius
1375 1408 1457 1446 dis-

71 1500 296 1553 posuimus.
397 1498 611 1538 manifeste
652 1501 756 1539 enim
784 1500 898 1540 Plato
933 1502 1189 1540 novenarium
1228 1501 1323 1540 dicit
1366 1512 1460 1539 esse

73 1591 251 1644 Tyranni
273 1590 571 1639 simulachrum,
609 1597 648 1630 et
679 1592 898 1632 secundum
925 1594 1009 1632 eius
1032 1594 1272 1644 potentiam,
1310 1596 1350 1632 et
1377 1596 1460 1631 ter-

72 1685 172 1723 tium
197 1687 479 1735 augumentum
501 1684 555 1722 ait
582 1696 777 1736 apparere
801 1688 947 1736 quanto
985 1685 1195 1736 Tyrannus
1226 1688 1248 1724 a
1265 1684 1379 1736 Rege
1399 1684 1459 1722 di-

75 1778 155 1814 stet
180 1774 399 1814 intervallo.
469 1774 608 1814 Tertio
645 1780 748 1815 errat
780 1777 820 1815 in
850 1777 926 1815 illis
950 1777 1080 1816 verbis
1105 1777 1188 1827 [ita
1213 1783 1261 1815 ut
1288 1789 1462 1829 regnum

77 1867 104 1905 ἁ
138 1863 380 1918 Tyrannide
408 1866 650 1918 longissimo
679 1866 900 1906 intervallo
929 1866 1067 1918 distet,
1104 1866 1149 1906 id
1175 1873 1236 1907 est
1265 1870 1362 1913 729,
1394 1866 1465 1919 qui

75 1967 275 1996 numerus
292 1954 460 2009 Triplus
471 1957 527 1996 sit
538 1956 790 2009 reliquorum
803 1969 1069 1997 numerorum
1084 1957 1226 2011 Tripla
1236 1970 1280 1997 se
1286 1969 1463 2010 propor-

78 2050 190 2088 tione
205 2049 517 2101 superantium]
588 2047 749 2088 Falsum
770 2050 875 2088 enim
897 2051 951 2089 ait
973 2051 1079 2102 quod
1102 2050 1256 2090 scilicet
1274 2058 1463 2091 numerus

77 2139 162 2181 729
182 2141 233 2179 sit
253 2140 416 2192 Triplus
445 2140 689 2192 reliquorum
708 2141 866 2180 illorum
885 2155 1141 2182 numerorum
1162 2142 1258 2189 243,
1294 2141 1362 2189 81,
1394 2140 1463 2189 27,

80 2236 122 2272 et
141 2233 170 2271 9
192 2231 331 2285 Tripla
349 2245 442 2271 sese
459 2233 614 2272 ratione
634 2236 917 2286 superantium.
987 2249 1069 2275 non
1090 2240 1152 2276 est
1172 2236 1276 2274 enim
1300 2233 1464 2286 Triplus

80 2327 158 2366 nisi
183 2326 259 2366 soli
281 2326 408 2377 ipsius
427 2324 524 2374 243,
559 2325 803 2377 reliquorum
832 2331 963 2367 autem
989 2327 1152 2381 Triplus
1175 2341 1268 2367 esse
1286 2307 1367 2366 noin
1388 2339 1465 2378 po-

81 2421 173 2458 test.
245 2416 393 2468 Quarti)
417 2421 534 2469 errat,
563 2419 651 2457 cum
672 2419 726 2457 ait
750 2418 848 2469 [cur
864 2420 908 2459 1ιὶ
925 2422 1096 2469 numeri,
1127 2420 1231 2470 eta]
1303 2418 1470 2459 Videtur

84 2510 189 2549 enim
209 2509 312 2548 velle
333 2508 441 2561 quod
458 2508 549 2548 illos
574 2510 748 2561 quinque
773 2524 962 2551 numeros
984 2512 1033 2561 9,
1070 2512 1144 2560 27,
1180 2513 1258 2560 81,
1295 2511 1400 2560 243,
1430 2513 1470 2550 et

82 2599 169 2640 729
214 2598 316 2639 Vitis
351 2600 556 2640 hominum
594 2601 708 2641 Plato
753 2605 1031 2656 assignaverit,
1079 2608 1164 2644 tum
1201 2606 1291 2656 quia
1330 2603 1470 2643 Cubici

85 2694 199 2739 sunt;
232 2695 317 2730 tum
339 2693 523 2742 quoniam
541 2693 715 2733 hominis
733 2698 842 2734 aetas
864 2708 939 2748 per
958 2709 1147 2736 numeros
1168 2697 1362 2749 quosdam
1384 2696 1469 2735 die-

84 2796 191 2832 rum,
236 2784 455 2831 mensium,
513 2787 554 2824 et
587 2798 779 2825 annorum
811 2787 1074 2839 distinguitur.
1165 2790 1277 2840 Quae
1310 2780 1486 2840 quidem!

87 2877 286 2929 expositio
308 2879 371 2916 est
394 2876 555 2916 omnino
577 2876 692 2926 falsa,
723 2881 763 2918 et
784 2884 922 2919 contra
938 2884 1114 2921 mentem
1131 2880 1310 2921 Platonis
1328 2882 1369 2921 in
1388 2881 1471 2920 hoc
