1764 3176
452 172 793 217 CIVITAS
847 174 974 217 LIB.
1003 174 1062 217 X.
1093 176 1161 216 614

1413 178 1498 226 269

114 284 294 336 ἐκείνοις
321 288 414 336 τοῖς
442 282 630 341 ἀγαθοῖς
666 282 731 337 οἷς
761 283 869 343 αὐτή
903 288 1130 343 παρείχετο
1161 285 1188 344 ἡ
1219 286 1495 344 δικαιοσύνη,

112 351 280 397 τοιαῦτ’
311 351 367 396 ἂν
403 355 482 409 εἴη.
541 354 631 397 Καὶ
669 352 795 409 μάλ’,
838 354 946 410 ἔφη,
984 355 1097 399 καλοὶ
1136 372 1180 399 τε
1218 357 1291 400 καὶ
1322 355 1495 411 βέβαια.

117 424 266 464 Ταῦτα
293 421 470 474 τοίνυν,
509 417 567 479 ἦν
597 420 639 466 δ’
673 421 778 476 ἐγώ,
818 419 951 465 οὐδέν
979 423 1068 467 ἐστι
1098 423 1256 481 πλήθει
1287 423 1393 469 οὐδὲ
1422 441 1494 480 με-

111 490 230 545 γέθει
260 489 374 543 πρὸς
402 489 566 542 ἐκεῖνα,
607 488 636 533 ἃ
673 489 987 546 τελευτήσαντα
1019 492 1227 548 ἑκάτερον
1261 494 1495 549 περιμένει.

110 558 190 614 χρὴ
220 556 266 601 δ’
295 557 406 602 αὐτὰ
437 556 645 609 ἀκοῦσαι,
683 559 756 601 ἵνα
784 557 936 610 τελέως
967 559 1169 614 ἑκάτερος
1201 560 1348 605 αὐτῶν
1379 561 1496 605 ἀπει-

110 625 230 683 λήφῃ
259 625 313 669 τὰ
341 625 429 670 ὑπὸ
463 629 544 669 τοῦ
582 624 721 681 λόγου
758 624 1022 684 ὀφειλόμενα
1064 627 1264 673 ἀκοῦσαι.

110 693 186 747 ἂν,
216 693 322 751 ἔφη,
364 691 424 746 ὠς
455 692 510 739 οὐ
539 695 680 739 πολλοὶ
711 694 811 740 ἄλλ’
842 695 970 753 ἥδιον
1001 695 1223 742 ἀκούοντι.

155 817 273 866 αὐτὴ]
310 816 405 866 αὕτη
431 821 529 855 Stcb.
553 821 673 856 Trinc.
708 834 773 857 om.

109 866 204 919 Flor.
229 868 274 902 T.

154 933 245 978 μάλ’
256 937 270 981 ]
294 934 395 979 μαλα
418 937 517 970 Stob.

161 980 469 1029 Ταῦτα-τόπῳ.
488 982 545 1027 1).]

109 1028 224 1061 sebius
249 1040 370 1074 praep.
397 1042 448 1063 ev.
473 1029 514 1063 L.
534 1029 595 1063 XI.

570 983 687 1017 laudat
700 984 774 1017 Eu·-

619 1042 652 1076 ρ.
669 1031 749 1066 330.

155 1074 297 1131 τοίνυν]
322 1087 388 1109 om.
414 1075 512 1109 Stob.
538 1076 613 1110 cod.
636 1076 677 1110 A.

155 1117 244 1165 ἐστι]
269 1133 334 1155 om.
360 1121 453 1156 Flor.
477 1121 523 1155 T.

153 1188 324 1245 μεγέθει]
340 1188 480 1234 μεγέθη
505 1191 585 1223 Bas.
611 1201 642 1223 a.

158 1236 220 1270 ἵνα
237 1257 281 1262 -
300 1233 472 1270 ἀκοῦσαι.
478 1235 514 1279 ]
502 1248 567 1270 οπι.
586 1236 671 1269 Lob.
691 1236 770 1270 Vat.

108 1282 158 1317 M.
190 1288 230 1317 ut
263 1284 380 1316 omnia
413 1283 650 1326 sufficienter‚'
681 1295 770 1326 quae

107 1330 246 1374 utrique
279 1330 506 1370 conveniunt,
548 1329 769 1372 comprehen-

107 1376 238 1410 dantur
261 1375 334 1408 Fic.

154 1441 341 1486 ἑκάτερος]
368 1440 542 1486 ἑκάτερον
565 1443 643 1476 Par.
669 1445 710 1476 A.
735 1448 771 1477 et

106 1503 128 1526 a
151 1502 194 1524 m.
220 1501 270 1533 pr.
296 1490 337 1523 D.
361 1489 462 1522 Vind.
486 1490 590 1522 BEF.
616 1489 710 1524 Mon.
728 1490 767 1523 B.

105 1537 185 1571 Vat.
215 1536 292 1570 BH.
327 1538 363 1568 et
393 1547 414 1568 a
443 1546 487 1570 ιι).
520 1546 571 1580 pr.
608 1536 693 1568 Ven.
727 1536 767 1569 B.

106 1583 187 1616 Bas.
217 1583 251 1616 1).
308 1582 431 1623 Itaque
473 1582 540 1614 duo
584 1587 769 1625 supersunt

106 1628 254 1669 codices,
277 1628 357 1661 Par.
370 1627 414 1661 K.
440 1632 475 1660 et
498 1629 585 1671 Ang.
612 1627 662 1668 B„
682 1638 767 1671 quos

104 1674 283 1728 probabile
302 1673 348 1708 sit
371 1684 443 1706 cum
470 1672 622 1707 Eusebio
648 1675 770 1717 vulga-

1336 630 1494 686 Λέγοις

832 824 951 869 Steph.
984 827 1096 858 annot.
1125 837 1157 870 p.
1180 828 1236 861 27.
1270 837 1370 870 quem
1394 837 1496 859 secu—

831 873 886 903 tus
909 870 1026 904 Astius
1050 871 1084 904 in
1116 884 1187 906 sec.
1213 868 1374 906 οἷκοῦσαι
1397 872 1494 905 unci-

830 915 884 949 nis
914 915 1053 950 inclusit
1092 921 1195 963 atque
1230 918 1265 951 in
1299 930 1416 952 comm.
1457 918 1492 951 in

832 958 1045 996 ἀποδοῦναι
1074 965 1270 998 mutandum
1303 976 1380 998 esse
1412 975 1494 997 cen—

830 1008 909 1042 suit.
956 1011 1002 1042 At
1035 1010 1119 1043 enim
1155 1011 1293 1044 deorum
1319 1016 1392 1051 est,
1425 1021 1492 1043 non

831 1055 1010 1096 sermonis,
1041 1068 1168 1100 poenas
1192 1057 1258 1090 illis
1282 1061 1317 1090 et
1340 1056 1493 1102 praemia

829 1100 1003 1134 tribuere:
1028 1113 1138 1135 sermo
1158 1107 1192 1136 et
1214 1103 1280 1136 illis
1300 1109 1335 1136 et
1356 1103 1412 1147 qui
1432 1102 1492 1136 ad-

828 1147 894 1179 huc
918 1147 1078 1180 audivere
1102 1149 1166 1182 hoc
1190 1150 1304 1187 debet,
1332 1154 1371 1182 ut
1395 1153 1492 1204 13113-

827 1204 894 1246 que
919 1192 1107 1248 eloquatur.
1141 1195 1249 1228 Recte
1269 1194 1373 1238 igitur
1389 1192 1492 1238 ὀφει-

827 1235 965 1281 λόμενα
993 1235 1154 1277 οἰκοῦσαι
1183 1241 1324 1282 dieitur,
1349 1241 1493 1275 infiniti-

826 1296 869 1317 vo
904 1285 974 1323 ita,
1012 1291 1049 1318 ut
1083 1298 1158 1319 cum
1191 1286 1368 1320 adiectivis
1402 1283 1491 1330 ἡδύ,

826 1327 989 1373 χαλεπόν
1011 1334 1046 1364 et
1071 1332 1234 1366 similibus
1256 1333 1288 1366 id
1309 1332 1493 1376 indicante,

829 1388 895 1421 quo
920 1378 1083 1411 sermonis
1108 1379 1257 1412 officium
1281 1384 1426 1423 spectet.

875 1443 938 1490 ως]
966 1459 1030 1480 om.
1065 1447 1142 1481 Par.
1169 1448 1206 1481 A.
1243 1459 1263 1480 a
1288 1459 1330 1483 m.
1354 1460 1406 1493 pr.
1434 1449 1493 1493 qui

827 1492 1015 1536 plusculum
1048 1493 1081 1526 in
1125 1494 1188 1526 hac
1228 1499 1381 1527 extrema
1416 1495 1493 1528 libri

826 1542 925 1581 parte
948 1539 1023 1572 vitii
1048 1539 1141 1572 fecit.
1183 1540 1343 1573 Ceterum
1369 1542 1492 1575 absen-

826 1584 875 1616 tia
895 1586 1084 1628 particulae
1101 1586 1244 1619 tolerari
1259 1591 1386 1641 posset.
1422 1587 1492 1620 Sed

826 1630 973 1663 admissa
1006 1632 1162 1675 petitioni
1196 1629 1314 1676 λε’)οις
1339 1628 1387 1666 ἄν
1411 1638 1492 1678 apte

825 1676 983 1709 adiicitur
1008 1678 1096 1711 latio
1121 1679 1269 1723 petendi.

107 1724 176 1754 tam
195 1720 301 1762 tueri3
324 1730 400 1752 nam
420 1719 637 1752 Florentinos
653 1730 769 1753 omnes
832 1741 836 1743 >

107 1766 248 1800 eandem
281 1764 443 1799 exhibere
475 1765 688 1798 Stallbaumii
720 1765 769 1799 si-

106 1812 244 1845 lentium
268 1811 347 1845 mihi
369 1822 436 1844 non
459 1811 657 1855 persuadet.
699 1811 768 1844 Sed

108 1855 284 1902 ἑκάτερον
308 1869 374 1900 quo
404 1857 501 1890 modo
527 1857 662 1890 defendi
687 1869 769 1901 pos-

108 1904 175 1946 sit,
199 1916 264 1937 non
288 1903 406 1943 video,
432 1903 634 1956 praesertim
666 1914 769 1947 quum

106 1947 238 1989 τελέως
271 1949 418 1983 additum
450 1949 516 1991 sit,
549 1960 615 1993 quo
640 1954 769 1982 lemoto

107 2007 238 2042 poenae
262 2001 296 2028 et
321 1994 493 2040 praemia,
523 2006 612 2040 quae
636 2000 771 2028 utrum-

107 2053 174 2086 que
198 2046 346 2082 manent‚
364 2042 517 2074 nancisci
543 2046 721 2085 utrumque
741 2041 771 2075 si

107 2088 319 2129 dicerentur,
343 2087 452 2122 minus
476 2087 692 2121 intolerabile
717 2098 771 2120 cs-

105 2138 171 2168 set.

154 2198 318 2246 ἅπειλήφ
320 2202 364 2247 ῃ]
399 2202 469 2236 Ita
487 2202 565 2236 Par.
601 2203 640 2237 A.
676 2202 770 2237 Flor.

105 2247 245 2282 ACRV.
278 2249 405 2281 Euseb.
440 2244 647 2305 ἀπειλήφει
667 2249 769 2284 vind.

106 2293 214 2328 ΒΕΓ.
240 2295 318 2327 Vat.
330 2294 372 2328 H.
399 2297 444 2335 et,
468 2305 542 2338 sup.
563 2288 659 2338 ὸςῆ,
679 2298 765 2338 Aug.

107 2340 147 2374 B.
172 2336 389 2383 ἀπειληφὼς
409 2340 487 2373 Par.
512 2340 588 2386 DK.
618 2339 768 2383 ἀπειλη-

107 2383 312 2441 φόταΜοι).
327 2387 365 2418 Β.
383 2385 478 2419 Flor.
495 2386 540 2419 U.
551 2382 767 2443 ἀπειληφός

107 2426 137 2477 ἤ
165 2433 244 2466 vat.
265 2432 305 2464 Β.
328 2431 422 2465 Flor
443 2432 487 2466 T.
512 2433 592 2466 Bas.
605 2434 638 2467 b.
662 2444 768 2466 απει-

106 2475 235 2521 amnas
267 2476 289 2521 ῄ
317 2477 401 2510 Ven.
421 2478 461 2512 B.
497 2489 518 2511 a
554 2490 597 2513 m.
632 2479 768 2514 s.A1d.

106 2523 186 2558 Bas.
207 2535 238 2557 a.
262 2523 381 2578 Steph.
405 2524 480 2557 Ast.

156 2566 329 2612 οἰκοῦσαι]
353 2565 493 2613 οἷκούση
513 2570 605 2603 Mon.
620 2571 660 2604 B.
675 2570 767 2604 Flor.

107 2615 154 2649 U.
202 2615 308 2655 „Non
339 2615 456 2648 dubito
472 2582 569 2660 ²⁷quin
611 2614 768 2650 ἀκοῦσαι

107 2672 150 2695 ex
179 2640 406 2706 praecedente
448 2673 550 2695 versu
583 2662 769 2707 irrepserit,

107 2707 432 2760 expungendulnque
465 2707 527 2741 sit:
561 2720 664 2764 quum
697 2709 770 2741 ele-

107 2764 191 2798 gans
226 2753 309 2786 haec
349 2752 394 2786 sit
426 2753 589 2809 simulque
621 2751 769 2803 ἐντελὴς

107 2799 252 2854 oratio,
281 2795 455 2841 ἑκάτερος
493 2797 708 2855 ἀπειληφὼς
741 2802 765 2846 ῇ

107 2856 155 2879 τα
178 2840 256 2879 ὐπὸ
282 2844 351 2879 τοῦ
371 2842 483 2889 λόγου
504 2842 735 2890 ὀφειλόμενα.
741 2849 765 2867 “

870 1754 990 1789 πολλὰ
1012 1751 1098 1790 ἄλλ’
1110 1757 1119 1800 ]
1145 1757 1210 1790 Ita
1224 1758 1319 1794 Mon.
1343 1759 1384 1793 B.
1410 1771 1430 1793 a
1447 1771 1489 1793 m.

825 1813 876 1846 pr.
913 1800 1031 1836 πολλὰ
1073 1800 1157 1836 ἀλλ’
1194 1804 1281 1837 idem
1316 1816 1374 1838 σοι
1378 1812 1491 1839 rectus

826 1859 901 1880 cum
925 1848 1064 1893 reliquis
1088 1849 1172 1882 meis
1197 1850 1329 1906 (Flpr)
1354 1855 1389 1884 et
1414 1852 1489 1886 Ald.

824 1895 905 1928 Bas.
932 1895 987 1927 ab.
1013 1893 1156 1928 πολλοὶ·
1184 1893 1267 1929 ἀλλ’
1293 1898 1414 1952 steph.
1437 1902 1490 1931 ta-

826 1939 980 1973 centibus
1004 1941 1077 1985 Bip.
1103 1941 1234 1984 πολλὰ,
1255 1938 1340 1976 ἀλλ’
1361 1944 1489 1978 Euseb.

827 1987 901 2021 Ast.
933 1998 986 2030 pr.
1015 1999 1084 2021 sec.
1132 1988 1259 2021 Vitium
1285 2001 1305 2022 a
1328 1990 1490 2023 Bekkero

826 2032 899 2065 sine
933 2033 1161 2067 admonitione
1195 2035 1365 2068 sublatum
1388 2037 1490 2069 etiam

826 2078 946 2111 Ficino
985 2080 1096 2112 fraudi
1136 2080 1220 2113 suit:
1269 2082 1371 2114 Dicas
1400 2094 1491 2123 vero,

825 2137 893 2157 non
917 2126 1053 2168 quidem
1077 2131 1116 2159 ut
1141 2127 1210 2158 iam
1236 2128 1336 2160 nimis
1368 2130 1491 2172 multa,

827 2171 888 2204 sed
899 2175 1066 2215 tanquam
1080 2173 1301 2207 libentissime
1314 2175 1488 2209 audituro.

873 2235 1006 2284 ἥδιον]
1049 2237 1184 2285 ἡδίον’
1219 2242 1299 2276 Par.
1332 2241 1377 2276 K.
1419 2254 1488 2278 sec.

822 2285 933 2320 Bekk.

872 2361 1075 2410 ἀκούοντι]
1111 2363 1312 2407 ἀκούοντες
1334 2367 1413 2402 Par.
1438 2369 1483 2404 K.
1513 2359 1550 2401 Β

825 2423 866 2445 ex
891 2424 957 2456 quo
973 2413 1092 2446 Astius
1116 2413 1151 2446 in
1177 2418 1259 2448 tert.
1280 2410 1488 2455 ἀκούοντος

826 2470 847 2491 a
881 2458 1023 2492 Platone
1062 2459 1228 2504 ,scriptum
1273 2461 1487 2503 conficiebat,

825 2515 924 2548 quam
951 2504 1175 2538 coniecturam
1210 2517 1271 2549 per
1301 2517 1338 2539 se
1363 2508 1486 2551 proba-

824 2549 926 2583 bilem
956 2551 1151 2594 praeiverat
1183 2551 1410 2586 Schneiderus
1444 2554 1487 2587 ad

828 2596 982 2640 Xenoph.
1009 2597 1115 2630 Auab.
1141 2597 1181 2630 L.
1209 2598 1236 2630 Ι.
1265 2610 1293 2632 c.
1315 2599 1348 2633 3.
1375 2611 1408 2643 p.
1429 2600 1486 2635 24.

826 2641 929 2675 Nunc
942 2641 1076 2676 codices
1094 2655 1209 2676 casum
1218 2643 1403 2688 legitimum
1421 2657 1488 2680 non

826 2687 1073 2722 sollicitandum
1097 2689 1202 2723 fuisse
1230 2690 1363 2726 docent.

870 2751 961 2790 'sm'
991 2752 1039 2790 ου’
1066 2776 1113 2783 -
1141 2755 1259 2805 τόπῳ.
1281 2759 1339 2803 D.]
1370 2759 1487 2794 laudat

823 2802 1063 2884 g9h8eodoretus
1099 2793 1252 2851 Therap.
1285 2805 1326 2839 L.
1355 2806 1414 2840 XI.
1448 2819 1485 2853 ρ.

1279 696 1392 742 Ἀλλ’
1434 695 1488 741 οὐ
1519 697 1556 738 Β
