1764 3176
177 307 199 341 5

156 584 200 618 10

156 866 198 902 15

155 1148 203 1182 20

154 1486 199 1521 25

158 1769 205 1803 30

156 2048 202 2084 35

164 2328 210 2364 40

213 89 338 116 LXXI!
649 74 1179 119 PRAEFATIO

241 189 390 226 Quando
420 188 617 232 superficies
645 188 785 232 Epitriti
813 190 1001 232 πεμπταδι
1030 193 1146 227 iuncta

295 244 476 288 Auctaque
504 244 558 279 ter
586 246 721 288 gemina
751 247 888 281 dissona
925 259 1007 282 voce
1035 251 1166 294 strepit.

239 302 415 335 Cumanae
444 302 530 334 vatis
559 303 710 344 quamvis
740 306 881 337 oracula
909 304 1045 339 vincant

294 358 392 392 Haec
420 358 591 400 tenebris,
619 359 768 393 breviter
796 360 846 393 sie
875 364 989 395 tamen
1019 362 1086 396 ista
1118 373 1214 407 cape.

236 415 306 448 Dat
335 418 458 447 natura
490 414 600 448 bonos
626 420 662 448 et
691 416 869 459 disciplina
900 422 1074 460 regentes,

291 471 468 512 Principio
499 481 640 513 quorum
669 472 790 506 florida
818 483 925 516 regna
954 475 1080 517 vigent.

237 527 367 560 Postea
398 526 610 569 degenerant
634 527 739 561 frenis
767 530 951 573 paunispet
978 532 1125 572 omissis,

294 585 394 619 Quae
423 583 623 626 disciplinae
647 584 779 618 fecerat
807 590 888 620 ante
917 586 1022 628 rigor.

236 639 418 673 Postremo
448 641 550 673 veluti
580 641 737 674 vitiorum
765 643 860 675 laesa
887 648 1026 676 senecta

292 696 438 729 Prorsus
473 707 549 729 cum
580 696 728 731 dominis
759 699 984 742 praecipitata
1018 704 1132 734 ruunt.

238 752 284 786 Vt
316 753 423 785 tribus
457 753 613 786 ascendit
643 754 787 788 modulis
817 754 1017 799 symphonia
1038 756 1157 799 dulcis,

294 807 388 842 Ante
416 810 526 842 Deum
556 810 691 852 quando
722 811 870 844 musicus
899 811 984 845 ordo
1017 813 1122 854 canit,

239 866 335 902 Quos
366 866 395 898 si
422 866 663 899 transscendat
692 868 856 910 tollatque
885 879 988 911 supra
1018 869 1206 912 Diapason,

295 921 479 955 Horrendo
509 923 654 965 strepitu
686 933 837 956 concava
867 925 995 967 templa
1024 924 1184 967 frement,

238 977 314 1011 Nec
343 979 411 1011 iam
440 982 559 1011 cantus
591 979 678 1020 erit,
708 981 768 1012 sed
799 980 863 1013 erit
891 991 958 1014 vox
991 982 1048 1013 iiia
1077 982 1201 1015 boatus

292 1034 340 1067 Et
369 1034 472 1068 docta
502 1034 640 1068 minime
672 1041 791 1077 gratus
820 1037 855 1069 in
886 1047 969 1070 aure
998 1036 1136 1080 fragor:

239 1090 299 1123 Sic
328 1091 372 1123 sit
402 1091 568 1133 Epitritus
599 1088 687 1140 (131‘)
719 1093 815 1126 cuius
845 1093 1101 1135 Diagrammate
1130 1094 1279 1138 quinque

299 1147 354 1180 Sit
382 1147 503 1188 radix,
535 1152 649 1181 costas
679 1154 778 1191 parte
807 1150 850 1182 ab
879 1154 1026 1192 utraque
1056 1151 1179 1192 ligans.
1343 1172 1376 1214 3

240 1203 340 1237 Haec
369 1204 430 1236 tibi
461 1203 656 1237 dulcisonas
686 1206 808 1239 reddet
836 1205 1038 1249 symphonia
1069 1217 1172 1241 voces

295 1260 366 1294 Per
396 1265 554 1304 quartam
584 1261 688 1296 docto
712 1263 862 1297 suaviter
891 1273 952 1296 ore
980 1273 1121 1298 sonans.
1263 1219 1442 1363 4-

240 1373 316 1407 Duc
347 1373 466 1408 cubice
497 1380 635 1418 costas,
666 1372 720 1422 (4.
751 1373 806 1421 3.)
836 1376 948 1410 media
978 1376 1046 1410 duo
1075 1387 1185 1420 pone,
1216 1373 1292 1424 (48.
1322 1374 1400 1423 36.)
1430 1377 1577 1420 require,

299 1430 395 1473 Quos
425 1436 579 1466 extrema
614 1429 690 1477 (64.
721 1430 798 1478 27.)
829 1433 959 1466 dabunt
988 1443 1064 1466 cum
1094 1433 1215 1467 mediis
1243 1434 1418 1478 strepitus.

240 1486 409 1520 Dimidius
439 1488 578 1522 ditonus
610 1490 672 1522 tibi
703 1499 780 1522 cum
809 1489 972 1533 diapente
1001 1490 1144 1532 patebit,

298 1543 366 1586 Qui
395 1545 515 1579 modus
546 1550 598 1579 est
627 1556 714 1579 unus
744 1556 813 1580 non
843 1547 892 1579 ita
922 1546 1027 1579 durus
1057 1545 1183 1580 adhuc.

243 1599 372 1642 Surget
405 1601 447 1634 ab
478 1602 640 1635 extremis
671 1599 748 1647 (64.
775 1600 852 1647 27.)
882 1603 1058 1646 Diapason
1093 1602 1319 1645 dimidiusque

296 1657 475 1691 Dittonus:
510 1657 596 1700 heu,
627 1663 791 1701 quantum
820 1659 957 1692 iunctus
987 1663 1129 1701 uterque
1157 1659 1313 1693 frement.

242 1712 436 1756 Multiplica
465 1715 564 1748 simul
594 1712 668 1759 (64.
691 1713 770 1759 27.)
803 1715 918 1749 veniet
947 1711 1092 1760 (1728.)
1123 1716 1199 1758 plus
1228 1715 1448 1760 disdiapason

299 1769 472 1812 Latrans‚
502 1771 692 1805 Tartareas
721 1775 760 1804 ut
790 1772 884 1804 canis
914 1776 995 1804 ante
1028 1770 1132 1813 sores,

244 1825 405 1859 offensas
435 1827 534 1860 feriet
562 1827 656 1861 duris
686 1828 891 1861 clamoribus
920 1838 1034 1868 aures,

301 1882 436 1916 Obruet
465 1884 638 1927 inceptum
668 1894 734 1917 vox
766 1884 895 1916 ululata
924 1885 1042 1917 melos.

244 1937 386 1972 Summa
417 1940 546 1973 cadunt
574 1941 678 1982 igitur
708 1950 770 1973 sua
799 1945 879 1983 post
909 1940 1050 1973 exordia
1080 1950 1232 1983 prorsus,

303 1993 371 2028 Hic
400 1995 461 2029 fati
490 2007 649 2030 numerus
681 2007 757 2030 cum
786 1996 952 2030 solidatus
983 1997 1092 2030 adest.
1122 1995 1265 2040 (1728.)

244 2048 292 2085 At
322 2051 552 2087 diatetradion
583 2054 769 2087 clementer
802 2057 925 2096 postea
953 2063 1082 2094 rursus,

304 2108 390 2141 Cum
419 2110 511 2151 vult,
542 2114 620 2153 post
649 2109 813 2153 strepitus
842 2109 982 2143 inchoat
1010 2110 1085 2152 ipse
1113 2110 1219 2143 Deus.

247 2164 307 2198 Sic
339 2170 436 2198 aetas
466 2167 546 2200 olim
575 2165 752 2209 pulchrum
782 2167 925 2199 mutavit
954 2166 1081 2199 inane‘

307 2221 479 2256 Adversus
511 2223 694 2256 Dominum
723 2223 894 2265 flagitiosa
923 2226 1076 2265 patrans,

250 2277 299 2310 Et
328 2278 421 2311 rudis
450 2280 556 2313 Israel
585 2279 697 2313 factus
726 2280 885 2312 fatalibus
920 2279 1017 2312 annis

308 2334 395 2368 Cum
425 2335 602 2379 disciplina
632 2336 783 2370 concidit
811 2336 885 2379 ipse
913 2346 988 2370 sua.

249 2389 324 2426 Nec
354 2393 473 2434 procul
504 2404 524 2425 a
555 2397 673 2426 nostro
702 2393 788 2425 situs
818 2397 872 2426 est
899 2391 953 2425 hic
981 2392 1147 2425 terminus
1176 2402 1288 2426 anno:
1319 2388 1464 2439 (1728.)

307 2445 459 2491 Nescio,
490 2449 672 2493 terrigenis
700 2448 780 2492 quid
809 2448 898 2482 feret
925 2449 982 2482 ine
1011 2449 1101 2483 novi.

253 2504 426 2546 Incipiunt
455 2509 571 2539 autem
600 2509 731 2539 tractas
764 2507 892 2539 sentire
921 2506 1037 2539 ruinas

312 2561 461 2603 Imperia
492 2566 528 2595 et
556 2562 618 2595 sati
648 2562 821 2596 deteriora
850 2562 947 2604 sequi

175 2612 219 2647 45
262 2617 360 2650 Anno
386 2614 505 2662 (512.)
534 2619 590 2661 qui
620 2619 781 2662 diapente
809 2617 893 2652 facit
920 2618 1063 2652 collatus
1094 2615 1138 2650 ad
1167 2617 1258 2656 ilium

316 2673 363 2706 Et
391 2675 494 2717 logon
523 2674 613 2708 hunc
645 2671 734 2724 (ὃὲ)
768 2685 924 2716 mensus,
954 2674 983 2707 si
1012 2674 1214 2716 trutinetur,
1244 2672 1359 2708 habet.

264 2729 335 2763 Sed
365 2731 523 2765 brevibus
551 2742 620 2765 non
649 2736 702 2765 est
730 2731 846 2776 Elegis
875 2731 1028 2765 evolvere
1057 2734 1176 2764 tanta:
