1764 3176
434 147 755 191 CIVITAS
802 149 924 191 LIB.
962 148 1076 191 Vlll.
1113 153 1181 190 557

1439 153 1496 193 55

114 262 242 310 λωσι,
279 262 372 310 τοῖς
410 257 457 302 δὲ
496 263 666 312 λοιποῖς
708 259 752 312 ἐξ
798 262 900 305 ἰ’σου
938 262 1156 316 μεταδῶσι
1194 262 1414 312 πολιτείας
1449 278 1494 305 τε

111 326 185 370 καὶ
214 324 380 383 ἀρχῶν·
420 328 495 372 καὶ
532 326 593 380 ὥς
630 327 679 372 τὸ
717 328 831 374 πολύ
871 328 957 372 ἀπὸ
995 328 1171 385 κλήρων
1209 330 1257 372 αἱ
1295 327 1417 385 ἀρχαὶ
1446 329 1494 373 ἐν

100 391 224 450 αὐτῇ
259 395 499 449 γίγνονται.

552 397 676 441 ’Ἐστι
713 397 818 453 γὰρ,
865 398 971 454 ἔφη,
1015 397 1124 452 αὕτη
1166 395 1193 453 ἡ
1232 397 1495 450 κατάστασις

101 462 424 517 δημοκρατίας,
463 462 542 508 ἐάν
578 480 623 508 τε
661 465 735 508 καὶ
765 464 828 509 δι’
858 464 1004 508 ὅπλων
1032 463 1209 520 γένηται
1237 464 1316 509 ἐάν
1344 483 1389 510 τε
1419 467 1493 510 καὶ

105 528 181 573 διὰ
217 529 368 587 φόβον
410 530 743 585 ὑπεξελθόντων
781 537 871 578 τῶν
912 532 1083 588 ἑτέρων.

1148 534 1256 576 Τίνα
1295 533 1348 591 δὴ
1393 529 1492 588 οὖν,

100 593 160 654 ἦν
189 597 234 642 δ’
257 598 371 655 ἐγώ,
413 594 538 644 οὗτοι
575 600 742 654 τρόπον
780 603 975 652 οἰκοῦσις
1004 602 1078 645 καὶ
1111 603 1217 645 ποία
1246 619 1312 653 τις
1341 600 1368 658 ἡ
1398 619 1491 647 τοι-

95 664 215 724 αύτη
246 662 305 710 αὖ
333 669 551 733 πολιτείας
582 670 852 732 δῆλοναγὰρ,
881 669 949 714 ὅτι
981 669 1003 713 ὁ
1034 674 1239 721 τοιοῦτος
1268 668 1383 727 ἁνήρ
1416 673 1491 728 δη-
1521 681 1557 722 Β

104 735 370 791 μοκρατικός
404 752 468 788 τις
507 734 847 793 ἀναφανήσεται.

917 742 1067 795 Δῆλον
1076 771 1087 791 ,
1137 739 1232 796 ἔφη.
1310 737 1492 784 Οὐκοῦν

103 807 284 858 πρῶτον
312 803 394 860 μὲν
423 803 477 860 δὴ
507 804 753 862 ἐλεύθεροι,
792 807 866 850 καὶ
905 806 1156 861 ἐλευθερίας
1194 806 1223 864 ἦ
1263 806 1390 859 πόλις
1419 825 1491 863 με-

105 871 184 929 στή
214 873 289 917 καὶ
317 872 560 928 παῤῥησίας
585 875 805 929 γίγνεται,
832 875 905 918 καὶ
932 874 1108 927 ἐξουσία
1137 874 1185 918 ἐν
1215 874 1330 933 αὐτῇ
1347 882 1492 921 ποιεῖν

106 941 175 987 ὅτι
213 958 278 993 τις
317 940 550 998 βούλεται,
591 941 773 998 Λέγεταί
814 959 860 997 γε
897 943 974 999 δή,
1018 944 1114 999 ἔφη.

1173 943 1318 987 ΓὈπου
1359 944 1404 988 δέ
1443 961 1491 1000 γε

106 1009 304 1062 ἐξουσία,
349 1011 506 1066 δῆλον,
547 1009 616 1053 ὅτι
656 1013 774 1055 ἰδίαν
805 1011 985 1063 ἕκαστος
1023 1011 1077 1054 ἂν
1107 1011 1381 1068 κατασκευὴν
1410 1016 1491 1056 τοῦ

36 1078 255 1123 497αὖτοῦ
313 1079 415 1135 βίου
466 1077 834 1132 κατασκευάζοιτο
886 1081 934 1123 ἐν
987 1078 1125 1138 αὐτῇ,
1172 1079 1266 1137 ἥτις
1311 1080 1492 1125 ἕκαστον

99 1275 139 1308 B
149 1225 296 1273 ἀρχῶν]
335 1224 452 1272 ἀρχῆς
472 1225 570 1261 Par.
607 1227 651 1293 K.
696 1239 764 1262 sec.

130 1287 140 1309 1

141 1287 271 1376 Ιςιέἷολυ]
295 1315 416 1359 πολας
438 1318 539 1352 Vind.
565 1319 607 1353 E.

146 1363 224 1400 ἀπὸ
256 1363 423 1410 κλήρων]
478 1365 533 1399 Ita
573 1365 654 1399 Par.
686 1365 761 1398 AK.

97 1424 167 1447 sec.
198 1412 309 1446 Bekk.
346 1412 429 1445 Ven.
463 1411 503 1445 B.
538 1407 762 1455 ἄποκλήρων

91 1459 223 1514 reliqui
245 1469 320 1492 cum
344 1457 446 1491 editis
470 1460 550 1491 ante
578 1457 668 1490 Astii
691 1469 760 1492 sec.

96 1505 156 1551 qui
179 1506 216 1539 in
240 1505 412 1539 addendis
430 1503 533 1537 dividi
555 1503 668 1537 iussit.

141 1559 264 1607 αὐτῇ]
288 1559 406 1606 ταύτη
431 1561 531 1595 Vind.
555 1561 599 1595 Ε.

140 1619 359 1664 γίγνονται]
419 1619 618 1663 γίγνωνται
676 1619 758 1652 Par.

99 1666 208 1700 ADK.
234 1677 318 1700 sec.<
335 1666 446 1700 Bekk.
472 1665 570 1699 Vind.
590 1666 631 1699 Β.
665 1665 758 1699 Μοιι.

92 1712 134 1747 Β.
150 1712 318 1756 νωιΒΟ.
330 1713 410 1747 Vat.
420 1712 464 1745 H.
475 1711 571 1745 Flor.
582 1711 758 1745 ACTUV.

92 1758 286 1793 Bekkerus.
343 1758 439 1792 Idem
473 1756 509 1790 in
550 1757 659 1798 Lob.,
697 1757 758 1791 sed

92 1816 169 1849 sup.
196 1815 236 1846 ο,
260 1804 410 1848 legitur3
433 1800 533 1836 Vind.
545 1803 588 1838 E.
612 1802 757 1847 γίγνον-

92 1863 178 1893 ται,
203 1862 279 1895 sup.
305 1862 353 1892 ω,
377 1850 493 1884 habet.
541 1849 581 1882 Si
606 1849 756 1893 γίγνων-

92 1908 156 1931 ται
187 1896 369 1954 genuinum
402 1900 476 1937 est,
513 1900 573 1928 aut
602 1896 756 1930 div-ensas

90 1943 281 1977 sententias
303 1941 367 1977 καὶ
391 1938 483 1976 ὅταν
509 1938 584 1975 ἀπὸ
589 1939 754 1996 κλήρων

91 1988 134 2023 αἱ
159 1986 269 2045 ἀρχαὶ
291 1989 493 2045 γίγνωνται
518 1992 554 2020 et
585 1983 676 2031 ὅπερ
703 1999 755 2026 ως

91 2033 136 2070 τὸ
161 2033 258 2069 πολὺ
284 2034 323 2070 ἐν
342 2031 438 2080 αυτῇ
456 2033 618 2078 γίγνεται
636 2034 755 2090 inepte

90 2082 290 2116 coniunctas
321 2085 494 2122 statuere,
528 2084 588 2113 aut
622 2092 672 2119 ως
707 2077 750 2114 τὸ

89 2127 186 2163 πολὺ
211 2129 399 2162 maximam
422 2132 564 2182 partem
581 2127 753 2180 interpre-

89 2174 162 2208 tari
191 2178 239 2208 et.
258 2171 297 2208 ἐν
331 2171 428 2218 αυτῇ
461 2184 522 2217 pro
547 2169 587 2206 ἐν
611 2173 655 2217 τῇ
682 2170 753 2206 πό-

91 2221 144 2254 λει
170 2220 318 2265 positum
349 2219 546 2253 existimare
579 2219 751 2252 debemus.

89 2267 206 2311 Atque
236 2266 301 2300 hoc
324 2278 388 2310 ego
410 2269 591 2310 utrumque
620 2265 753 2298 facien-

89 2311 169 2346 dum
199 2316 237 2346 et
264 2312 460 2356 γίγνωνται
494 2322 569 2345 cum
592 2311 750 2344 Bekkero

90 2358 271 2392 ferendum
291 2364 470 2403 putarem,
502 2357 531 2391 si
557 2357 691 2391 codices
713 2357 750 2390 in

90 2415 131 2439 eo
165 2404 413 2447 consentirent,
453 2408 516 2438 aut
547 2403 749 2448 optimorum

88 2450 279 2485 auctoritas
306 2450 505 2485 tantundem
534 2450 599 2483 hac
629 2449 665 2482 in
697 2460 748 2491 re,

88 2499 252 2542 quantum
283 2497 319 2530 in
343 2497 418 2530 aliis
441 2498 585 2531 valeret.
633 2496 747 2536 Quum

86 2554 170 2582 vero
195 2545 231 2576 et
253 2543 354 2585 alibi,
377 2547 416 2577 ut
439 2555 472 2588 p.
497 2543 576 2577 550.
598 2544 638 2575 A.
664 2542 744 2577 553.

89 2589 135 2627 C.
157 2588 394 2623 coniunctivus
417 2599 596 2642 perperam
614 2599 675 2633 pro
694 2588 747 2622 in-

87 2635 238 2669 dicativo
277 2636 322 2669 ab
353 2635 396 2668 iis
427 2634 599 2669 exhibitus
634 2638 670 2668 et
704 2635 746 2668 L.

87 2680 165 2715 VH.
197 2693 231 2726 p.
256 2682 334 2717 527.
363 2681 412 2715 '.C
444 2681 548 2715 etiam
580 2678 749 2724 οἶφεξων-

83 2739 149 2761 ται
179 2739 243 2772 pro
278 2724 482 2772 ἀφέξονται
519 2726 555 2761 in
594 2727 749 2761 omnibus

55 2779 225 2821 xpraeter
248 2778 320 2808 tres
344 2785 481 2815 eorum,
504 2773 563 2818 qui
586 2773 642 2806 hic
660 2785 746 2818 quo-

7 2822 10 2823 ’
85 2830 152 2865 que
185 2819 374 2864 γίγνονται
404 2820 554 2862 habent,
581 2819 745 2865 scriptum

823 1228 886 1269 sit,
941 1239 1016 1262 cum
1054 1228 1150 1262 Astio
1187 1233 1223 1262 et
1264 1229 1490 1264 Stallbaumio

821 1274 994 1318 vulgat-am
1037 1275 1131 1308 tenui
1170 1278 1205 1308 et
1240 1280 1320 1319 post
1363 1272 1489 1320 αρχῶν

821 1332 883 1365 pro
909 1325 1096 1363 commate,
1120 1321 1210 1366 quod
1234 1321 1315 1355 Bas.
1341 1323 1394 1355 ab.
1411 1324 1486 1356 Ast.

819 1378 873 1410 pr.
898 1371 933 1400 et
956 1367 1137 1400 Bekkerus
1170 1372 1374 1412 posuerunt,
1407 1368 1486 1412 (Al-

819 1413 882 1446 dus
925 1413 1070 1455 nu¹lam‚
1115 1414 1308 1456 Stephanus
1351 1414 1485 1459 plenam

816 1458 1122 1501 interpunctionem
1146 1460 1269 1502 habet)
1293 1460 1388 1493 colon
1408 1461 1486 1494 feci.

865 1503 983 1550 αὕτη]
1012 1502 1130 1551 905ιή
1158 1516 1382 1546 καταστασις
1405 1508 1485 1543 Vat.

848 1577 1019 1643 'qodssom
1054 1595 1187 1643 φόβων
1219 1598 1299 1632 Par.
1324 1598 1400 1632 DK.
1437 1605 1485 1640 et,

816 1655 891 1689 sup.
919 1656 961 1685 ο,
987 1645 1027 1677 Α.
1053 1643 1152 1678 Vind.
1176 1644 1220 1677 F.
1257 1645 1335 1678 Vat.
1366 1645 1483 1678 BHM.

817 1691 903 1724 Ven.
930 1690 969 1723 C.
995 1690 1071 1723 Ald.
1096 1691 1175 1724 Bas.
1203 1691 1256 1723 ab.

860 1745 1171 1790 ὑπεξελθόντων]
1202 1744 1481 1789 ἐπεξελθόντων

812 1794 890 1828 Par.
916 1794 993 1827 DK.
1019 1793 1094 1826 Ald.
1121 1794 1202 1827 Bas.
1225 1805 1256 1827 a.

860 1838 932 1884 δὴ]
959 1852 1024 1873 om.
1048 1840 1134 1873 Lob.
1159 1840 1252 1873 Mon.
1277 1841 1319 1874 B.
1343 1841 1480 1875 PanK.

813 1887 892 1920 vat.
912 1886 962 1920 M.
985 1886 1078 1919 Flor.
1105 1886 1148 1919 U.

858 1932 1024 1973 οἰκοῦσι,
1038 1933 1050 1976 ]
1093 1932 1258 1976 οἰκοῦσι,
1295 1932 1370 1966 Ald.
1404 1933 1478 1966 Ast.

809 1990 860 2024 pr.
886 1990 953 2012 sec.

857 2025 949 2059 ποία
973 2025 1050 2068 τις]
1076 2021 1169 2058 ποῖοί
1194 2037 1250 2064 τις
1274 2025 1361 2058 Lob.
1384 2025 1478 2057 ποῖα

809 2071 866 2111 τίς
891 2072 989 2104 Vind.
1014 2072 1053 2105 B.
1078 2074 1186 2104 ποῖα
1218 2070 1275 2110 τὶς
1310 2071 1408 2104 Vind.
1432 2071 1474 2104 Ε.

811 2118 904 2151 ποία
930 2118 985 2156 τίς
1005 2117 1106 2150 Vind.
1136 2117 1176 2151 F.

856 2161 1026 2207 ἐξουσία]
1055 2159 1236 2217 ἐξουσίας
1249 2162 1348 2196 Vind.
1373 2163 1416 2196 E.

854 2210 931 2254 τις]
958 2210 1014 2248 τίς
1039 2210 1136 2245 Vind.
1162 2210 1200 2243 B.
1225 2205 1246 2242 ὃ
1272 2209 1371 2242 Vind.
1396 2209 1436 2242 F.

855 2256 1050 2301 βούλεται]
1089 2253 1264 2302 βούλοιτο
1303 2255 1403 2288 Vind.
1429 2255 1472 2289 Ε.

808 2302 876 2336 Pro
924 2303 1019 2347 signo
1052 2301 1284 2345 interrogandi
1325 2301 1401 2336 Ald.
1437 2305 1472 2335 et

807 2349 928 2394 Steph.
951 2353 1115 2393 punctum
1139 2349 1276 2382 habent.

852 2396 912 2438 γε]
939 2407 1004 2428 om.
1031 2394 1130 2428 Vind.
1154 2394 1200 2427 Ε.
1228 2395 1307 2428 Par.
1332 2394 1377 2428 K.
1399 2405 1468 2428 sec.

804 2441 914 2475 Bekk.
940 2440 1037 2474 Flor.
1062 2441 1106 2475 U.
1140 2441 1180 2474 In
1207 2439 1305 2474 Vind.
1332 2441 1373 2474 F.
1407 2440 1470 2474 int.

802 2499 894 2521 vers.
914 2492 978 2520 est.

850 2531 924 2578 δὴ]
951 2530 992 2567 δ’
1018 2528 1042 2576 ἢ
1069 2531 1170 2566 Vind.
1194 2532 1236 2566 F.

850 2590 985 2634 δῆλον,
1013 2586 1092 2634 ὅτι]
1119 2587 1295 2634 δηλονότι
1321 2589 1466 2625 Μοιι.Β.

803 2637 900 2671 Flor.
921 2635 966 2669 U.
986 2636 1061 2670 Ald.
1087 2637 1168 2670 Bas.
1191 2637 1245 2670 ab.

851 2679 1025 2726 ἕκαστος]
1076 2680 1231 2718 ἕκαστον
1280 2681 1381 2717 Vind.
1422 2681 1467 2714 F.

802 2728 889 2773 Ang.
913 2729 953 2762 B.
982 2727 1121 2764 εκαστω
1146 2730 1230 2763 Ven.
1254 2730 1296 2763 B.

849 2772 996 2819 αὑτοῦ]
1031 2773 1094 2811 αὖ.
1130 2776 1216 2810 Lob.
1250 2774 1351 2809 Vind.
1389 2774 1463 2808 EF.

801 2820 876 2855 Ald.
901 2821 982 2855 Bas.
1013 2823 1066 2857 ab.

1502 2165 1538 2205 B
