1764 3176
205 938 236 979 C

261 116 316 154 16

713 111 1188 155 PLATONIS

258 238 347 266 των
387 223 462 266 καὶ
507 220 735 274 αὐξόντων
783 224 857 267 καὶ
895 222 1150 278 φθινόντων
1196 221 1340 266 πάντα
1386 220 1642 279 προσήγορα

195 293 227 335 C
259 292 333 334 καὶ
363 290 472 345 ῥητὰ
501 290 610 344 πρὸς
640 290 803 348 ἄλληλα
832 291 1084 348 ἀπέφηναν·
1125 285 1189 333 ὧν
1218 291 1433 346 ἐπίτριτος
1462 291 1642 347 πυθμὴν

256 357 450 413 πεμπάδι
491 360 688 414 συζυγεὶς
727 358 807 403 δύο
847 359 1066 413 ἁρμονίας
1110 359 1340 416 παρέχεται
1384 359 1478 412 τρὶς
1516 355 1642 413 αὐξη-

257 427 374 477 θεὶς,
414 424 494 482 τήν
533 428 612 482 μὲν
640 429 740 483 ἴσην
769 426 936 478 ἰσάκις,
983 424 1140 470 ἑκατόν
1173 425 1458 477 τοσαυτάκις,
1487 425 1565 481 τὴν
1596 425 1642 468 δὲ

257 494 444 550 ἰσομήκη
475 494 552 549 μὲν
581 498 656 550 τῇ,
686 495 887 551 προμήκη
919 495 992 544 δὲ.
1027 492 1185 537 ἑκατὸν
1214 494 1292 548 μὲν
1321 491 1524 548 ἀριθμῶν
1553 491 1643 535 άπὸ

261 564 504 618 διαμέτρων
553 564 695 619 ῥητῶν
742 562 965 618 πεμπάδος
1019 561 1237 617 δεομένων
1288 559 1386 612 ἑνός
1433 559 1642 605 ἑκάστων.

261 628 464 688 ἀρρήτων
494 633 539 675 δὲ
580 634 723 684 δυεῖν,
768 630 922 674 ἑκατὸν
963 631 1008 674 δὲ
1053 628 1203 686 κύβων
1246 628 1434 684 τριάδος.
1475 626 1644 684 ξύμπας

311 800 527 848 αὐξόντων]
563 800 804 845 αὐξανόντων
848 804 926 838 Par.

312 892 459 936 πάντα]
486 891 639 927 πάντων
660 894 745 928 Lob.
770 894 851 928 Vat.
877 894 927 927 M.

268 938 410 1020 ΒΕπρὸς
431 938 598 984 ἄλληλα]
623 937 799 983 προσάλλ.
825 940 928 976 Vind.

313 1025 388 1075 ὦν]
416 1043 467 1070 ως
492 1032 571 1064 Par.
597 1031 641 1064 Κ.

314 1075 503 1121 πεμπάδι]
540 1074 704 1120 πεμπάσι
747 1077 838 1110 Flor.
884 1077 929 1111 T.

269 1122 425 1157 πεντάδι
471 1124 569 1156 Vind.
611 1124 650 1156 B.
695 1123 773 1157 Vat.
811 1123 859 1157 M.
896 1128 931 1156 et

269 1171 347 1204 Par.
373 1170 416 1204 K.
442 1170 622 1203 secundum
648 1169 854 1210 Bekkerum,
876 1169 932 1202 cui

269 1227 392 1249 vereor
426 1228 469 1249 ne
494 1215 600 1248 simile
631 1216 713 1258 quid
745 1215 808 1256 iis,
843 1227 931 1259 quae

271 1263 348 1296 Vol.
372 1261 418 1295 ΙΙ.
444 1273 478 1306 p.
505 1261 667 1295 XXXVI.
693 1267 780 1294 extr.
806 1261 932 1301 notavi,

269 1308 324 1341 hic
348 1319 483 1352 quoque
508 1307 682 1339 acciderit.
709 1307 813 1339 Certe
833 1306 934 1341 Vind.

270 1354 311 1388 B.
335 1354 536 1386 mentionem
561 1365 626 1385 non
651 1353 744 1386 fecit.
780 1349 935 1385 πεντάδι

272 1399 378 1434 etiam
410 1399 576 1432 Aristides
613 1398 732 1437 Quint.
781 1398 854 1431 loco
900 1399 934 1431 in

271 1446 445 1499 prooemio
470 1457 504 1490 p.
532 1444 698 1478 XXXIII.
724 1444 825 1478 allato
850 1444 934 1477 scri-

296 1492 351 1526 sit.

271 1505 293 1538 p
318 1535 529 1580 συζυγεὶς]
544 1535 616 1577 ξυζ.
651 1536 738 1578 Ang.
772 1536 812 1569 B.
850 1534 932 1577 ξυν-

274 1585 329 1627 ζυ)
330 1583 390 1622 εὶς
411 1583 508 1616 Vind.
532 1583 575 1617 F.
601 1580 758 1625 συζυγὴς
781 1582 874 1614 Mon.
891 1582 932 1614 B.

273 1632 354 1664 Par.
382 1629 421 1662 D.
445 1629 540 1663 Flor.
566 1628 608 1661 U.
642 1627 829 1671 συμμιγεὶς
854 1628 935 1661 Vat.

275 1676 325 1710 M.

321 1719 531 1765 παρέχεται]
558 1721 613 1753 Ita
622 1720 707 1753 Lob.
717 1719 817 1754 Vind.
829 1718 932 1751 BEF.

275 1768 355 1804 Vat.
394 1768 506 1800 BHM.
545 1767 627 1799 Ven.
663 1766 733 1798 BC.
779 1767 864 1808 Aug.
894 1764 935 1796 B.

275 1814 355 1847 Par.
397 1814 442 1846 Κ.
477 1824 545 1845 sec.
580 1812 686 1844 Bekk.
724 1810 934 1844 F1012RT.

277 1856 481 1903 παρέχηται
507 1858 627 1902 reliqui
653 1869 726 1890 culn
743 1856 842 1889 editis
859 1862 936 1888 ante

279 1906 367 1939 Astii
402 1917 470 1938 sec.
501 1904 556 1948 qui
591 1903 808 1936 indicativum
842 1902 874 1934 in
900 1913 938 1934 re

281 1955 375 1985 certa
411 1955 446 1984 et
478 1949 618 1983 definita
658 1960 740 1981 sane
780 1959 937 1980 necessa-

279 1998 366 2031 rium
389 1997 581 2030 Aiistotelis
606 1996 688 2028 haec
713 1994 788 2038 ipsa
810 1994 882 2026 loco
902 1994 937 2026 in

280 2042 449 2088 prooemio
474 2054 507 2087 p.
531 2040 713 2082 XXVIIII.
749 2040 854 2072 citato
887 2040 939 2072 af-

280 2089 424 2123 ferentis
449 2088 654 2122 auctoritate
678 2087 815 2119 firmare
839 2088 940 2130 pote—

280 2140 346 2169 rat.

328 2178 483 2224 ἑκατὸν]
511 2177 664 2213 ἕκαστον
691 2178 820 2212 Lob.V
823 2176 888 2210 ind.
901 2176 939 2209 F.

280 2227 374 2261 Mon.
399 2228 440 2260 B.
469 2227 554 2260 Ven.
591 2225 631 2258 C.
665 2225 742 2258 Par.
775 2223 819 2256 K.
853 2224 940 2266 Ang.

282 2273 322 2306 B.
349 2273 442 2306 Flor.
467 2271 574 2305 ARU.
612 2274 690 2304 eta
718 2282 758 2303 m.
783 2280 836 2314 pr.
860 2269 940 2302 Vat.

329 2362 369 2398 δὲ
397 2360 573 2418 ἰσομήκη]
612 2359 653 2396 δ’
688 2361 734 2395 ἰσ.
772 2359 872 2395 Vind.
896 2359 941 2394 F.

280 2412 367 2466 Ang.
388 2411 427 2445 B.
453 2407 491 2443 δε
515 2406 692 2452 ἰσομήκην
717 2407 802 2440 Lob.

326 2454 392 2500 μὲν
410 2455 488 2511 τῇ,
525 2453 693 2498 προμήκη
720 2450 780 2497 δὲ]
831 2453 942 2497 Vulgo

283 2506 358 2536 erat
381 2513 469 2544 μεν,
494 2501 539 2545 τῇ
560 2499 740 2544 προμήκει
764 2496 816 2541 δὲ,
843 2510 941 2543 quam

282 2548 462 2583 lectionem
485 2547 518 2579 in
537 2546 828 2585 commentatione,
841 2556 941 2588 quum

284 2595 427 2630 alteram
461 2593 604 2627 nondum
639 2592 805 2636 cognitam
839 2590 942 2623 habe-

284 2652 378 2681 rem,
422 2639 586 2672 adversus
614 2637 769 2671 Cornan-ii
799 2641 833 2669 et
864 2637 943 2669 Ste-

285 2686 389 2732 phani
415 2685 627 2718 coniecturas
639 2684 744 2717 tuitus
757 2694 843 2716 nunc
860 2694 945 2726 quo-

287 2744 354 2778 que
378 2733 506 2765 mutata
527 2734 656 2763 tantum
674 2728 946 2781 interpunctione

286 2788 496 2818 servassem,
534 2776 598 2810 nisi
626 2775 742 2820 optimi
765 2773 843 2808 libri
868 2774 944 2808 Par.

984 804 1026 838 A.
1060 804 1145 837 Ven.
1172 801 1212 835 C.
1251 812 1326 834 cum
1357 800 1457 835 Vind.
1493 799 1567 835 EF.
1610 802 1647 833 et

984 849 1076 882 Flor.
1100 849 1177 881 RT.
1213 844 1381 890 προμήκη
1425 846 1542 888 (Flor.
1568 846 1647 879 RT.

987 893 1220 938 superscripta
1234 903 1336 936 super
1355 892 1470 925 ultima
1487 893 1536 935 ει)
1547 903 1647 935 prae-

986 941 1161 981 buissent,
1196 939 1287 982 quod
1320 937 1398 982 quia
1435 949 1510 970 cum
1533 937 1647 970 dativo

987 985 1144 1027 articuli,
1170 984 1262 1018 cuius
1287 986 1360 1017 loco
1395 983 1490 1016 F101.
1515 983 1560 1017 T.
1594 982 1646 1025 πῆ

987 1031 1148 1071 exhibet,
1175 1030 1361 1063 consistere
1385 1041 1449 1062 non
1473 1040 1571 1073 posse
1594 1028 1648 1061 vi-

988 1078 1146 1117 deretur,
1179 1088 1199 1109 a
1238 1075 1385 1108 librariis
1419 1075 1455 1108 in
1497 1074 1646 1107 dativum

988 1126 1152 1155 mutatum
1203 1133 1278 1154 esse
1323 1120 1422 1153 valde
1470 1120 1648 1164 probabile

990 1172 1053 1202 est.
1078 1168 1316 1201 Accusativum
1336 1178 1402 1210 quo
1420 1167 1517 1199 modo
1541 1166 1648 1198 inter—

990 1218 1127 1259 preter,
1151 1212 1372 1257 praefationis
1397 1224 1429 1256 p.
1450 1211 1647 1245 LXXXXI.

992 1259 1150 1304 exposui·
1175 1258 1352 1292 articulum
1372 1259 1416 1303 τῇ
1444 1257 1649 1301 pronominis

991 1305 1247 1339 demonstrativi
1290 1308 1464 1348 potestate
1513 1303 1649 1355 praedi-

991 1356 1062 1385 tum
1087 1362 1188 1395 quum
1212 1351 1418 1394 tragicorum
1435 1350 1469 1383 in
1488 1347 1649 1382 dive1biis

991 1409 1071 1430 usus
1096 1397 1185 1430 haud
1208 1397 1424 1439 infiequens,
1448 1399 1519 1428 tum
1544 1395 1650 1439 ipsius

992 1443 1144 1476 Platonis
1167 1442 1231 1475 Ioci
1256 1441 1392 1486 quidam
1415 1421 1561 1474 ’firmant
1595 1440 1652 1494 Cf÷

993 1490 1135 1522 Theaet
1174 1500 1207 1531 p.
1236 1489 1308 1522 179.
1334 1487 1384 1520 Dt
1417 1487 1470 1532 τῷ
1506 1498 1585 1529 τοι,
1620 1485 1650 1519 (ὁ

991 1535 1074 1579 φίλε
1102 1533 1298 1577 Θεόδωρε,
1335 1533 1473 1575 μᾶλλον
1502 1511 1650 1565 σκεπτέ-

992 1580 1221 1624 ov.E11thyd
1247 1591 1279 1623 p.
1289 1582 1369 1613 291.
1391 1581 1437 1621 A:
1465 1574 1556 1611 άλλά
1578 1575 1653 1621 μὴν

991 1624 1036 1660 τό
1058 1638 1096 1670 γε
1121 1625 1161 1659 εὖ
1190 1622 1298 1668 οἶδα,
1336 1620 1404 1658 ὅτι.
1437 1636 1504 1667 quo
1540 1629 1653 1657 tamen
1684 1653 1689 1657 ,

992 1673 1064 1706 Ioco
1089 1672 1176 1705 Lob.
1213 1672 1290 1705 Sat
1317 1671 1364 1704 M.
1399 1668 1486 1704 τόδε
1522 1681 1584 1714 pro
1609 1666 1654 1703 τό

993 1730 1031 1762 γε
1064 1719 1199 1751 habent.
1249 1717 1319 1750 Sed
1357 1717 1404 1750 ib.
1439 1728 1472 1760 p.
1494 1717 1573 1750 271.
1611 1715 1653 1748 C.

994 1764 1175 1798 secundum
1200 1763 1355 1817 optimos
1371 1762 1584 1795 scribendum
1604 1761 1656 1795 vi-

994 1811 1093 1843 detur
1117 1807 1307 1864 πάνσοφοι
1332 1804 1493 1851 ἀτεχνῶς
1521 1805 1574 1840 τωΙ
1602 1818 1653 1851 γε,

995 1852 1085 1889 οὐδ’
1127 1851 1201 1899 ἤδη
1244 1861 1310 1888 etc.
1353 1866 1414 1898 pto
1447 1854 1594 1909 vulgato,
1616 1864 1655 1887 π.

996 1899 1168 1943 ἀτεχνῶς.
1218 1897 1268 1939 (ὃς
1302 1898 1409 1943 ἔγωγε
1444 1897 1533 1933 ουδ’
1571 1895 1656 1943 ῄδη.

994 1948 1152 1991 Utlaque
1177 1946 1279 1979 dictio
1313 1945 1466 1990 quamvis
1501 1946 1655 1978 enclitico

996 1993 1117 2026 fultum
1149 1992 1326 2025 articulum
1359 1992 1485 2024 habens
1520 2002 1540 2024 a
1565 2002 1657 2024 com·

998 2038 1087 2072 muni
1109 2038 1312 2082 scriptorum
1337 2048 1401 2070 usu
1426 2049 1490 2070 non
1516 2037 1657 2081 propius

999 2086 1116 2125 abest,
1149 2095 1249 2128 quam
1283 2087 1413 2116 nostra.
1470 2083 1542 2116 Iam
1576 2084 1658 2116 Ste-

997 2130 1102 2182 phani
1133 2141 1267 2174 quoque
1292 2134 1327 2162 et
1353 2129 1511 2162 Cornarii
1544 2129 1657 2162 conie-

1000 2176 1106 2209 cturis
1128 2176 1220 2208 locus
1241 2175 1473 2209 concedendus
1497 2181 1560 2215 est,
1573 2187 1658 2229 quo-

999 2234 1071 2255 rum
1096 2221 1183 2254 ille
1175 2233 1208 2254 in
1232 2221 1383 2275 margine
1415 2219 1570 2276 ἰσομήκη
1592 2232 1657 2263 μεν

999 2264 1116 2312 αὐτῇ,
1142 2265 1311 2310 προμήκη
1338 2263 1399 2309 os,
1430 2264 1480 2302 ἐκ.
1506 2267 1657 2300 scrIben-

999 2314 1078 2346 dum
1095 2314 1309 2357 suspicatur,
1346 2313 1400 2345 hic
1424 2313 1486 2346 ecl.
1518 2325 1551 2365 p.
1580 2315 1655 2348 102.

998 2360 1085 2393 hanc
1104 2359 1369 2392 emendationem
1392 2359 1566 2413 proponit.
1588 2357 1658 2413 τὴν

999 2403 1038 2439 δὲ
1059 2402 1216 2459 ἰσομήκη
1235 2402 1300 2447 μὲν
1322 2400 1389 2446 οὗ,
1415 2402 1585 2460 προμήκη
1605 2402 1657 2447 δὲ,

1001 2449 1135 2485 ἑκατὸν
1154 2447 1220 2493 μὲν
1240 2448 1438 2493 α’ριθμῶν,
1469 2448 1545 2484 άπὸ
1580 2451 1658 2484 δια-

998 2495 1155 2551 μέτρων
1177 2494 1298 2552 ῥητῶν
1342 2476 1547 2550 πεμπάδων
1579 2496 1658 2531 δεο-

999 2541 1113 2597 μένου
1142 2539 1227 2582 ἑνὸς
1256 2539 1438 2576 ἑκάστων·
1485 2538 1659 2596 άῤῥήτων

1001 2586 1063 2631 δε,
1100 2589 1226 2622 δυοῖν·
1263 2585 1400 2622 ἑκατὸν
1440 2585 1479 2621 δὲ
1521 2586 1658 2634 κύβων,

1001 2632 1162 2678 τριάδος.
1189 2634 1283 2668 cuius
1307 2645 1442 2668 sensum
1467 2634 1515 2667 ita
1546 2635 1660 2668 decla-

1001 2686 1075 2714 rat.
1111 2682 1258 2714 alteram
1284 2692 1364 2713 vero
1396 2681 1552 2724 aequalis
1581 2681 1660 2724 qui-

1003 2728 1080 2760 dem
1106 2727 1333 2770 longitudinis
1359 2738 1444 2767 ποη,
1479 2738 1519 2760 ez·
1547 2727 1662 2760 altera

1004 2778 1122 2807 tamen
1165 2778 1268 2816 parte
1315 2773 1479 2817 longam,
1524 2778 1661 2807 centum
