<?xml version="1.0" encoding="UTF-8"?>
<!DOCTYPE html PUBLIC "-//W3C//DTD XHTML 1.0 Transitional//EN"
    "http://www.w3.org/TR/xhtml1/DTD/xhtml1-transitional.dtd">
<html xmlns="http://www.w3.org/1999/xhtml" xml:lang="en" lang="en">
 <head>
  <title>
</title>
<meta http-equiv="Content-Type" content="text/html;charset=utf-8" />
  <meta name='ocr-system' content='tesseract 3.04.00' />
  <meta name='ocr-capabilities' content='ocr_page ocr_carea ocr_par ocr_line ocrx_word'/>
</head>
<body>
  <div class='ocr_page' id='page_1' title='image "./operagraecerecen01platuoft_0117.png"; bbox 0 0 1764 3176; ppageno 0'>
   <div class='ocr_carea' id='block_1_1' title="bbox 536 176 1476 242">
    <p class='ocr_par' dir='ltr' id='par_1_1' title="bbox 536 176 1476 242">
     <span class='ocr_line' id='line_1_1' title="bbox 536 176 1476 242; baseline -0.001 -23"><span class='ocrx_word' id='word_1_1' title='bbox 536 177 571 219; x_wconf 86' lang='lat' dir='ltr'>E</span> <span class='ocrx_word' id='word_1_2' title='bbox 601 177 640 219; x_wconf 90' lang='lat' dir='ltr'>D</span> <span class='ocrx_word' id='word_1_3' title='bbox 671 177 757 220; x_wconf 65' lang='lat'>111*</span> <span class='ocrx_word' id='word_1_4' title='bbox 786 178 826 220; x_wconf 91' lang='grc' dir='ltr'>ο</span> <span class='ocrx_word' id='word_1_5' title='bbox 856 178 896 220; x_wconf 86' lang='lat' dir='ltr'>R</span> <span class='ocrx_word' id='word_1_6' title='bbox 922 176 1016 242; x_wconf 79' lang='lat' dir='ltr'>1‚S·</span> <span class='ocrx_word' id='word_1_7' title='bbox 1351 189 1476 220; x_wconf 70' lang='lat' dir='ltr'>evan</span> 
     </span>
    </p>
   </div>
   <div class='ocr_carea' id='block_1_2' title="bbox 69 297 1533 2644">
    <p class='ocr_par' dir='ltr' id='par_1_2' title="bbox 69 297 1533 2644">
     <span class='ocr_line' id='line_1_2' title="bbox 92 297 1475 352; baseline -0.001 -13"><span class='ocrx_word' id='word_1_8' title='bbox 92 299 512 352; x_wconf 84' lang='lat' dir='ltr'>„pellassenumerum</span> <span class='ocrx_word' id='word_1_9' title='bbox 530 298 757 351; x_wconf 85' lang='lat' dir='ltr'>perfectum</span> <span class='ocrx_word' id='word_1_10' title='bbox 775 299 907 350; x_wconf 89' lang='lat' dir='ltr'>ipsum</span> <span class='ocrx_word' id='word_1_11' title='bbox 923 302 1129 338; x_wconf 80' lang='lat' dir='ltr'>numerum</span> <span class='ocrx_word' id='word_1_12' title='bbox 1144 297 1383 347; x_wconf 82' lang='lat' dir='ltr'>seculorum,</span> <span class='ocrx_word' id='word_1_13' title='bbox 1406 311 1475 338; x_wconf 81' lang='lat' dir='ltr'>an-</span> 
     </span>
     <span class='ocr_line' id='line_1_3' title="bbox 91 390 1475 442; baseline -0.001 -12"><span class='ocrx_word' id='word_1_14' title='bbox 91 404 258 439; x_wconf 84' lang='lat' dir='ltr'>norum,</span> <span class='ocrx_word' id='word_1_15' title='bbox 293 391 515 439; x_wconf 76' lang='lat' dir='ltr'>mensium,</span> <span class='ocrx_word' id='word_1_16' title='bbox 552 390 727 440; x_wconf 75' lang='lat' dir='ltr'>dierum,</span> <span class='ocrx_word' id='word_1_17' title='bbox 764 393 883 442; x_wconf 89' lang='lat' dir='ltr'>atque</span> <span class='ocrx_word' id='word_1_18' title='bbox 910 390 1120 439; x_wconf 79' lang='lat' dir='ltr'>horarum3</span> <span class='ocrx_word' id='word_1_19' title='bbox 1157 390 1369 430; x_wconf 85' lang='lat' dir='ltr'>credentes</span> <span class='ocrx_word' id='word_1_20' title='bbox 1397 391 1475 430; x_wconf 87' lang='lat' dir='ltr'>sci-</span> 
     </span>
     <span class='ocr_line' id='line_1_4' title="bbox 90 481 1480 535; baseline -0.001 -13"><span class='ocrx_word' id='word_1_21' title='bbox 90 483 186 522; x_wconf 86' lang='lat' dir='ltr'>licet</span> <span class='ocrx_word' id='word_1_22' title='bbox 211 482 319 534; x_wconf 89' lang='lat' dir='ltr'>quod</span> <span class='ocrx_word' id='word_1_23' title='bbox 339 481 453 522; x_wconf 86' lang='lat' dir='ltr'>Plato</span> <span class='ocrx_word' id='word_1_24' title='bbox 473 496 679 522; x_wconf 86' lang='lat' dir='ltr'>numerum</span> <span class='ocrx_word' id='word_1_25' title='bbox 700 482 928 535; x_wconf 81' lang='lat' dir='ltr'>perfectum</span> <span class='ocrx_word' id='word_1_26' title='bbox 941 482 997 520; x_wconf 91' lang='lat' dir='ltr'>ibi</span> <span class='ocrx_word' id='word_1_27' title='bbox 1017 486 1203 521; x_wconf 78' lang='lat' dir='ltr'>vocasset</span> <span class='ocrx_word' id='word_1_28' title='bbox 1222 483 1354 533; x_wconf 87' lang='lat' dir='ltr'>ipsum</span> <span class='ocrx_word' id='word_1_29' title='bbox 1367 481 1480 521; x_wconf 76' lang='lat'>1728</span> 
     </span>
     <span class='ocr_line' id='line_1_5' title="bbox 91 573 1481 624; baseline -0.001 -10"><span class='ocrx_word' id='word_1_30' title='bbox 91 574 393 614; x_wconf 83' lang='lat' dir='ltr'>Geometricum</span> <span class='ocrx_word' id='word_1_31' title='bbox 412 587 640 623; x_wconf 67' lang='lat' dir='ltr'>numerum,</span> <span class='ocrx_word' id='word_1_32' title='bbox 678 575 768 614; x_wconf 75' lang='lat' dir='ltr'>cum</span> <span class='ocrx_word' id='word_1_33' title='bbox 787 577 920 613; x_wconf 89' lang='lat' dir='ltr'>tamen</span> <span class='ocrx_word' id='word_1_34' title='bbox 938 574 993 612; x_wconf 92' lang='lat' dir='ltr'>ibi</span> <span class='ocrx_word' id='word_1_35' title='bbox 1011 573 1125 612; x_wconf 85' lang='lat' dir='ltr'>Plato</span> <span class='ocrx_word' id='word_1_36' title='bbox 1145 573 1333 624; x_wconf 85' lang='lat' dir='ltr'><strong>loquutus</strong></span> <span class='ocrx_word' id='word_1_37' title='bbox 1355 575 1406 613; x_wconf 90' lang='lat' dir='ltr'>sit</span> <span class='ocrx_word' id='word_1_38' title='bbox 1429 573 1481 613; x_wconf 91' lang='lat' dir='ltr'>de</span> 
     </span>
     <span class='ocr_line' id='line_1_6' title="bbox 69 665 1478 714; baseline -0.001 -8"><span class='ocrx_word' id='word_1_39' title='bbox 69 676 254 706; x_wconf 84' lang='lat' dir='ltr'>&#39;numero</span> <span class='ocrx_word' id='word_1_40' title='bbox 274 666 331 705; x_wconf 81' lang='lat'>49</span> <span class='ocrx_word' id='word_1_41' title='bbox 357 666 647 705; x_wconf 82' lang='lat' dir='ltr'>determinante</span> <span class='ocrx_word' id='word_1_42' title='bbox 669 669 823 705; x_wconf 91' lang='lat' dir='ltr'>motum</span> <span class='ocrx_word' id='word_1_43' title='bbox 846 666 1012 705; x_wconf 88' lang='lat' dir='ltr'>secundi</span> <span class='ocrx_word' id='word_1_44' title='bbox 1032 665 1215 714; x_wconf 78' lang='lat' dir='ltr'>mobilis,</span> <span class='ocrx_word' id='word_1_45' title='bbox 1252 670 1297 704; x_wconf 90' lang='lat' dir='ltr'>ut</span> <span class='ocrx_word' id='word_1_46' title='bbox 1326 666 1381 704; x_wconf 88' lang='lat' dir='ltr'>ibi</span> <span class='ocrx_word' id='word_1_47' title='bbox 1402 678 1478 705; x_wconf 89' lang='lat' dir='ltr'>nos</span> 
     </span>
     <span class='ocr_line' id='line_1_7' title="bbox 87 757 1477 809; baseline -0.001 -11"><span class='ocrx_word' id='word_1_48' title='bbox 87 758 350 798; x_wconf 86' lang='lat' dir='ltr'>ostendimus.</span> <span class='ocrx_word' id='word_1_49' title='bbox 421 757 527 797; x_wconf 89' lang='lat' dir='ltr'>Hinc</span> <span class='ocrx_word' id='word_1_50' title='bbox 564 759 682 797; x_wconf 82' lang='lat' dir='ltr'>etiam</span> <span class='ocrx_word' id='word_1_51' title='bbox 710 758 966 797; x_wconf 81' lang='lat' dir='ltr'>manifestum</span> <span class='ocrx_word' id='word_1_52' title='bbox 997 758 1113 796; x_wconf 87' lang='lat' dir='ltr'>nobis</span> <span class='ocrx_word' id='word_1_53' title='bbox 1144 761 1227 806; x_wconf 76' lang='lat' dir='ltr'>est,</span> <span class='ocrx_word' id='word_1_54' title='bbox 1272 758 1477 809; x_wconf 91' lang='lat' dir='ltr'>quomodo</span> 
     </span>
     <span class='ocr_line' id='line_1_8' title="bbox 85 840 1533 901; baseline 0.001 -13"><span class='ocrx_word' id='word_1_55' title='bbox 85 849 200 889; x_wconf 89' lang='lat' dir='ltr'>Plato</span> <span class='ocrx_word' id='word_1_56' title='bbox 230 862 280 889; x_wconf 78' lang='lat' dir='ltr'>ex</span> <span class='ocrx_word' id='word_1_57' title='bbox 292 850 508 889; x_wconf 84' lang='lat' dir='ltr'>novenario</span> <span class='ocrx_word' id='word_1_58' title='bbox 530 862 738 888; x_wconf 82' lang='lat' dir='ltr'>numerum</span> <span class='ocrx_word' id='word_1_59' title='bbox 759 862 873 890; x_wconf 88' lang='lat' dir='ltr'>suum</span> <span class='ocrx_word' id='word_1_60' title='bbox 897 849 1196 890; x_wconf 85' lang='lat' dir='ltr'>Geometricum</span> <span class='ocrx_word' id='word_1_61' title='bbox 1220 849 1390 901; x_wconf 87' lang='lat' dir='ltr'>produci</span> <span class='ocrx_word' id='word_1_62' title='bbox 1413 850 1475 889; x_wconf 87' lang='lat' dir='ltr'>in-</span> <span class='ocrx_word' id='word_1_63' title='bbox 1526 840 1533 847; x_wconf 65' lang='grc'><strong>’</strong></span> 
     </span>
     <span class='ocr_line' id='line_1_9' title="bbox 84 940 1475 994; baseline 0 -14"><span class='ocrx_word' id='word_1_64' title='bbox 84 941 251 993; x_wconf 75' lang='lat' dir='ltr'>telligat,</span> <span class='ocrx_word' id='word_1_65' title='bbox 288 940 397 993; x_wconf 86' lang='lat' dir='ltr'>quod</span> <span class='ocrx_word' id='word_1_66' title='bbox 416 944 577 993; x_wconf 84' lang='lat' dir='ltr'>praeter</span> <span class='ocrx_word' id='word_1_67' title='bbox 598 943 853 994; x_wconf 85' lang='lat' dir='ltr'>propositum</span> <span class='ocrx_word' id='word_1_68' title='bbox 871 943 912 981; x_wconf 88' lang='lat' dir='ltr'>in</span> <span class='ocrx_word' id='word_1_69' title='bbox 932 945 1071 982; x_wconf 83' lang='lat' dir='ltr'>octavo</span> <span class='ocrx_word' id='word_1_70' title='bbox 1100 943 1150 981; x_wconf 90' lang='lat' dir='ltr'>de</span> <span class='ocrx_word' id='word_1_71' title='bbox 1169 940 1273 993; x_wconf 89' lang='lat' dir='ltr'>Rep.</span> <span class='ocrx_word' id='word_1_72' title='bbox 1295 954 1475 993; x_wconf 86' lang='lat' dir='ltr'>expone-</span> 
     </span>
     <span class='ocr_line' id='line_1_10' title="bbox 85 1032 1474 1085; baseline -0.001 -13"><span class='ocrx_word' id='word_1_73' title='bbox 85 1033 152 1072; x_wconf 85' lang='lat' dir='ltr'>bat</span> <span class='ocrx_word' id='word_1_74' title='bbox 182 1032 338 1085; x_wconf 83' lang='lat' dir='ltr'>Faber,</span> <span class='ocrx_word' id='word_1_75' title='bbox 374 1036 419 1072; x_wconf 89' lang='lat' dir='ltr'>ut</span> <span class='ocrx_word' id='word_1_76' title='bbox 448 1034 503 1072; x_wconf 90' lang='lat' dir='ltr'>ibi</span> <span class='ocrx_word' id='word_1_77' title='bbox 532 1033 715 1074; x_wconf 86' lang='lat' dir='ltr'>diximus.</span> <span class='ocrx_word' id='word_1_78' title='bbox 784 1033 848 1072; x_wconf 84' lang='lat' dir='ltr'>Ex</span> <span class='ocrx_word' id='word_1_79' title='bbox 877 1033 958 1073; x_wconf 92' lang='lat' dir='ltr'>hoc</span> <span class='ocrx_word' id='word_1_80' title='bbox 991 1035 1108 1073; x_wconf 84' lang='lat' dir='ltr'>etiam</span> <span class='ocrx_word' id='word_1_81' title='bbox 1136 1034 1228 1073; x_wconf 90' lang='lat' dir='ltr'>loco</span> <span class='ocrx_word' id='word_1_82' title='bbox 1248 1033 1474 1073; x_wconf 87' lang='lat' dir='ltr'>Acciaiolus</span> 
     </span>
     <span class='ocr_line' id='line_1_11' title="bbox 85 1124 1475 1178; baseline 0.001 -15"><span class='ocrx_word' id='word_1_83' title='bbox 85 1124 282 1176; x_wconf 88' lang='lat' dir='ltr'>deceptus</span> <span class='ocrx_word' id='word_1_84' title='bbox 310 1126 397 1172; x_wconf 82' lang='lat' dir='ltr'>est‚&#39;</span> <span class='ocrx_word' id='word_1_85' title='bbox 423 1126 490 1176; x_wconf 89' lang='lat' dir='ltr'>qui</span> <span class='ocrx_word' id='word_1_86' title='bbox 511 1125 679 1164; x_wconf 86' lang='lat' dir='ltr'>credidit</span> <span class='ocrx_word' id='word_1_87' title='bbox 701 1138 845 1163; x_wconf 90' lang='lat' dir='ltr'>annum</span> <span class='ocrx_word' id='word_1_88' title='bbox 864 1138 1050 1178; x_wconf 81' lang='lat' dir='ltr'>magnum</span> <span class='ocrx_word' id='word_1_89' title='bbox 1071 1125 1248 1164; x_wconf 85' lang='lat' dir='ltr'>Platonis</span> <span class='ocrx_word' id='word_1_90' title='bbox 1278 1137 1372 1164; x_wconf 84' lang='lat' dir='ltr'>esse</span> <span class='ocrx_word' id='word_1_91' title='bbox 1390 1124 1475 1164; x_wconf 76' lang='lat'>729</span> 
     </span>
     <span class='ocr_line' id='line_1_12' title="bbox 85 1216 1475 1269; baseline 0.001 -15"><span class='ocrx_word' id='word_1_92' title='bbox 85 1229 302 1264; x_wconf 80' lang='lat' dir='ltr'>annorum3</span> <span class='ocrx_word' id='word_1_93' title='bbox 330 1216 504 1268; x_wconf 68' lang='lat' dir='ltr'>ideaque</span> <span class='ocrx_word' id='word_1_94' title='bbox 524 1217 619 1256; x_wconf 86' lang='lat' dir='ltr'>dicit</span> <span class='ocrx_word' id='word_1_95' title='bbox 638 1217 868 1256; x_wconf 86' lang='lat' dir='ltr'>Platonicos</span> <span class='ocrx_word' id='word_1_96' title='bbox 883 1231 1027 1256; x_wconf 91' lang='lat' dir='ltr'>annum</span> <span class='ocrx_word' id='word_1_97' title='bbox 1045 1230 1230 1269; x_wconf 84' lang='lat' dir='ltr'>magnum</span> <span class='ocrx_word' id='word_1_98' title='bbox 1248 1217 1475 1269; x_wconf 86' lang='lat' dir='ltr'>producere</span> 
     </span>
     <span class='ocr_line' id='line_1_13' title="bbox 85 1308 1473 1360; baseline -0.001 -13"><span class='ocrx_word' id='word_1_99' title='bbox 85 1320 135 1347; x_wconf 81' lang='lat' dir='ltr'>ex</span> <span class='ocrx_word' id='word_1_100' title='bbox 155 1320 321 1348; x_wconf 90' lang='lat' dir='ltr'>numero</span> <span class='ocrx_word' id='word_1_101' title='bbox 340 1309 570 1356; x_wconf 71' lang='lat' dir='ltr'>novenario,</span> <span class='ocrx_word' id='word_1_102' title='bbox 607 1309 715 1359; x_wconf 86' lang='lat' dir='ltr'>quod</span> <span class='ocrx_word' id='word_1_103' title='bbox 735 1312 869 1348; x_wconf 82' lang='lat' dir='ltr'>tamen</span> <span class='ocrx_word' id='word_1_104' title='bbox 890 1314 952 1348; x_wconf 89' lang='lat' dir='ltr'>est</span> <span class='ocrx_word' id='word_1_105' title='bbox 970 1309 1130 1358; x_wconf 76' lang='lat' dir='ltr'>falsum,</span> <span class='ocrx_word' id='word_1_106' title='bbox 1164 1312 1205 1347; x_wconf 91' lang='lat' dir='ltr'>ut</span> <span class='ocrx_word' id='word_1_107' title='bbox 1223 1310 1264 1348; x_wconf 89' lang='lat' dir='ltr'>in</span> <span class='ocrx_word' id='word_1_108' title='bbox 1287 1308 1473 1360; x_wconf 87' lang='lat' dir='ltr'>superio-</span> 
     </span>
     <span class='ocr_line' id='line_1_14' title="bbox 82 1398 1474 1440; baseline 0.001 -2"><span class='ocrx_word' id='word_1_109' title='bbox 82 1399 192 1438; x_wconf 83' lang='lat' dir='ltr'>ribus</span> <span class='ocrx_word' id='word_1_110' title='bbox 212 1399 472 1439; x_wconf 79' lang='lat' dir='ltr'>ostendimus.</span> <span class='ocrx_word' id='word_1_111' title='bbox 543 1398 692 1440; x_wconf 75' lang='lat' dir='ltr'>Verum</span> <span class='ocrx_word' id='word_1_112' title='bbox 711 1401 905 1440; x_wconf 86' lang='lat' dir='ltr'>hactenus</span> <span class='ocrx_word' id='word_1_113' title='bbox 929 1401 1011 1440; x_wconf 91' lang='lat' dir='ltr'>hoc</span> <span class='ocrx_word' id='word_1_114' title='bbox 1032 1402 1150 1440; x_wconf 86' lang='lat' dir='ltr'>etiam</span> <span class='ocrx_word' id='word_1_115' title='bbox 1167 1400 1346 1439; x_wconf 84' lang='lat' dir='ltr'>Platonis</span> <span class='ocrx_word' id='word_1_116' title='bbox 1381 1400 1474 1440; x_wconf 91' lang='lat' dir='ltr'>loco</span> 
     </span>
     <span class='ocr_line' id='line_1_15' title="bbox 84 1490 1476 1542; baseline 0.001 -13"><span class='ocrx_word' id='word_1_117' title='bbox 84 1490 334 1540; x_wconf 73' lang='lat' dir='ltr'>dillucidato,</span> <span class='ocrx_word' id='word_1_118' title='bbox 386 1491 580 1542; x_wconf 85' lang='lat' dir='ltr'>quosdam</span> <span class='ocrx_word' id='word_1_119' title='bbox 622 1506 727 1531; x_wconf 88' lang='lat' dir='ltr'>nunc</span> <span class='ocrx_word' id='word_1_120' title='bbox 768 1493 991 1533; x_wconf 81' lang='lat' dir='ltr'>Sebastiam·</span> <span class='ocrx_word' id='word_1_121' title='bbox 1021 1490 1143 1532; x_wconf 83' lang='lat' dir='ltr'>Foxii</span> <span class='ocrx_word' id='word_1_122' title='bbox 1188 1493 1322 1531; x_wconf 89' lang='lat' dir='ltr'>locum</span> <span class='ocrx_word' id='word_1_123' title='bbox 1367 1491 1476 1531; x_wconf 89' lang='lat' dir='ltr'>hunc</span> 
     </span>
     <span class='ocr_line' id='line_1_16' title="bbox 85 1584 1474 1635; baseline 0.001 -14"><span class='ocrx_word' id='word_1_124' title='bbox 85 1584 323 1635; x_wconf 83' lang='lat' dir='ltr'>exponentis</span> <span class='ocrx_word' id='word_1_125' title='bbox 347 1596 505 1622; x_wconf 85' lang='lat' dir='ltr'>errores</span> <span class='ocrx_word' id='word_1_126' title='bbox 526 1585 894 1634; x_wconf 74' lang='lat' dir='ltr'>animadvertemus,</span> <span class='ocrx_word' id='word_1_127' title='bbox 930 1599 976 1624; x_wconf 91' lang='lat' dir='ltr'>ac</span> <span class='ocrx_word' id='word_1_128' title='bbox 998 1585 1156 1623; x_wconf 89' lang='lat' dir='ltr'>demum</span> <span class='ocrx_word' id='word_1_129' title='bbox 1177 1584 1381 1635; x_wconf 86' lang='lat' dir='ltr'>praesenti</span> <span class='ocrx_word' id='word_1_130' title='bbox 1401 1596 1474 1622; x_wconf 91' lang='lat' dir='ltr'>ne-</span> 
     </span>
     <span class='ocr_line' id='line_1_17' title="bbox 82 1675 1474 1728; baseline 0.001 -16"><span class='ocrx_word' id='word_1_131' title='bbox 82 1675 194 1726; x_wconf 81' lang='lat' dir='ltr'>gotio</span> <span class='ocrx_word' id='word_1_132' title='bbox 218 1675 341 1713; x_wconf 90' lang='lat' dir='ltr'>finem</span> <span class='ocrx_word' id='word_1_133' title='bbox 366 1675 635 1726; x_wconf 84' lang='lat' dir='ltr'>imponemuS.</span> <span class='ocrx_word' id='word_1_134' title='bbox 706 1675 856 1716; x_wconf 87' lang='lat' dir='ltr'>Volens</span> <span class='ocrx_word' id='word_1_135' title='bbox 883 1679 1018 1728; x_wconf 79' lang='lat' dir='ltr'>ltaque</span> <span class='ocrx_word' id='word_1_136' title='bbox 1043 1677 1300 1716; x_wconf 84' lang='lat' dir='ltr'>Sebastianus</span> <span class='ocrx_word' id='word_1_137' title='bbox 1319 1675 1474 1714; x_wconf 80' lang='lat' dir='ltr'>Foxius</span> 
     </span>
     <span class='ocr_line' id='line_1_18' title="bbox 82 1766 1474 1821; baseline 0.001 -18"><span class='ocrx_word' id='word_1_138' title='bbox 82 1766 216 1804; x_wconf 91' lang='lat' dir='ltr'>locum</span> <span class='ocrx_word' id='word_1_139' title='bbox 244 1766 351 1805; x_wconf 89' lang='lat' dir='ltr'>hunc</span> <span class='ocrx_word' id='word_1_140' title='bbox 379 1767 602 1816; x_wconf 71' lang='lat' dir='ltr'>declarare,</span> <span class='ocrx_word' id='word_1_141' title='bbox 644 1769 702 1806; x_wconf 87' lang='lat' dir='ltr'>sic</span> <span class='ocrx_word' id='word_1_142' title='bbox 728 1769 792 1807; x_wconf 85' lang='lat' dir='ltr'>ait.</span> <span class='ocrx_word' id='word_1_143' title='bbox 865 1768 951 1808; x_wconf 61' lang='lat' dir='ltr'>Hic</span> <span class='ocrx_word' id='word_1_144' title='bbox 980 1769 1100 1807; x_wconf 85' lang='lat' dir='ltr'>Plato</span> <span class='ocrx_word' id='word_1_145' title='bbox 1129 1767 1474 1821; x_wconf 74' lang='lat' dir='ltr'>comparationem</span> 
     </span>
     <span class='ocr_line' id='line_1_19' title="bbox 82 1856 1473 1913; baseline 0.001 -17"><span class='ocrx_word' id='word_1_146' title='bbox 82 1856 214 1910; x_wconf 81' lang='lat' dir='ltr'>Regis</span> <span class='ocrx_word' id='word_1_147' title='bbox 233 1871 324 1897; x_wconf 81' lang='lat' dir='ltr'>cam</span> <span class='ocrx_word' id='word_1_148' title='bbox 349 1858 545 1910; x_wconf 74' lang='lat' dir='ltr'>Tyranno</span> <span class='ocrx_word' id='word_1_149' title='bbox 556 1860 669 1911; x_wconf 83' lang='lat' dir='ltr'>facit</span> <span class='ocrx_word' id='word_1_150' title='bbox 691 1861 735 1898; x_wconf 83' lang='lat' dir='ltr'>in</span> <span class='ocrx_word' id='word_1_151' title='bbox 754 1861 918 1913; x_wconf 76' lang='lat' dir='ltr'>primis,</span> <span class='ocrx_word' id='word_1_152' title='bbox 957 1866 1155 1913; x_wconf 79' lang='lat' dir='ltr'>tanquam</span> <span class='ocrx_word' id='word_1_153' title='bbox 1172 1861 1264 1912; x_wconf 79' lang='lat' dir='ltr'>ipsa</span> <span class='ocrx_word' id='word_1_154' title='bbox 1287 1860 1400 1898; x_wconf 83' lang='lat' dir='ltr'>inter</span> <span class='ocrx_word' id='word_1_155' title='bbox 1428 1872 1473 1898; x_wconf 82' lang='lat' dir='ltr'>se</span> 
     </span>
     <span class='ocr_line' id='line_1_20' title="bbox 83 1950 1469 2005; baseline 0.002 -19"><span class='ocrx_word' id='word_1_156' title='bbox 83 1953 269 1987; x_wconf 70' lang='lat' dir='ltr'>extrema</span> <span class='ocrx_word' id='word_1_157' title='bbox 286 1952 501 2003; x_wconf 79' lang='lat' dir='ltr'>conserens</span> <span class='ocrx_word' id='word_1_158' title='bbox 521 1950 571 2000; x_wconf 83' lang='lat' dir='ltr'>[S</span> <span class='ocrx_word' id='word_1_159' title='bbox 574 1952 630 1990; x_wconf 80' lang='lat' dir='ltr'>cis</span> <span class='ocrx_word' id='word_1_160' title='bbox 651 1965 704 1990; x_wconf 78' lang='lat' dir='ltr'>ne</span> <span class='ocrx_word' id='word_1_161' title='bbox 723 1953 875 2004; x_wconf 72' lang='lat' dir='ltr'>quanto</span> <span class='ocrx_word' id='word_1_162' title='bbox 887 1952 999 2002; x_wconf 73' lang='lat' dir='ltr'>vivit]</span> <span class='ocrx_word' id='word_1_163' title='bbox 1016 1952 1240 2005; x_wconf 80' lang='lat' dir='ltr'>propositis</span> <span class='ocrx_word' id='word_1_164' title='bbox 1253 1952 1469 1990; x_wconf 44' lang='lat' dir='ltr'>incommoa</span> 
     </span>
     <span class='ocr_line' id='line_1_21' title="bbox 83 2039 1471 2096; baseline 0.001 -17"><span class='ocrx_word' id='word_1_165' title='bbox 83 2039 148 2079; x_wconf 81' lang='lat' dir='ltr'>dis</span> <span class='ocrx_word' id='word_1_166' title='bbox 179 2040 441 2092; x_wconf 75' lang='lat' dir='ltr'>Tyrannione</span> <span class='ocrx_word' id='word_1_167' title='bbox 470 2041 729 2095; x_wconf 73' lang='lat' dir='ltr'>cupiditatis,</span> <span class='ocrx_word' id='word_1_168' title='bbox 768 2048 810 2082; x_wconf 83' lang='lat' dir='ltr'>et</span> <span class='ocrx_word' id='word_1_169' title='bbox 837 2042 1054 2082; x_wconf 82' lang='lat' dir='ltr'>commodis</span> <span class='ocrx_word' id='word_1_170' title='bbox 1077 2042 1259 2095; x_wconf 72' lang='lat' dir='ltr'>Regiae,</span> <span class='ocrx_word' id='word_1_171' title='bbox 1296 2055 1471 2096; x_wconf 78' lang='lat' dir='ltr'>regnam</span> 
     </span>
     <span class='ocr_line' id='line_1_22' title="bbox 85 2117 1471 2188; baseline 0.003 -18"><span class='ocrx_word' id='word_1_172' title='bbox 85 2131 320 2183; x_wconf 76' lang='lat' dir='ltr'>Tyrannidi</span> <span class='ocrx_word' id='word_1_173' title='bbox 329 2123 522 2186; x_wconf 68' lang='lat' dir='ltr'>praefert</span> <span class='ocrx_word' id='word_1_174' title='bbox 549 2134 675 2184; x_wconf 77' lang='lat' dir='ltr'>[hand</span> <span class='ocrx_word' id='word_1_175' title='bbox 682 2136 813 2188; x_wconf 63' lang='lat' dir='ltr'>filcile</span> <span class='ocrx_word' id='word_1_176' title='bbox 835 2135 970 2185; x_wconf 74' lang='lat' dir='ltr'>aliter]</span> <span class='ocrx_word' id='word_1_177' title='bbox 993 2139 1041 2173; x_wconf 80' lang='lat' dir='ltr'>nt</span> <span class='ocrx_word' id='word_1_178' title='bbox 1057 2117 1273 2173; x_wconf 44' lang='lat' dir='ltr'>&amp;schanan</span> <span class='ocrx_word' id='word_1_179' title='bbox 1292 2135 1471 2174; x_wconf 71' lang='lat' dir='ltr'>omnium</span> 
     </span>
     <span class='ocr_line' id='line_1_23' title="bbox 83 2222 1471 2279; baseline 0.004 -18"><span class='ocrx_word' id='word_1_180' title='bbox 83 2222 204 2276; x_wconf 72' lang='lat' dir='ltr'>Reip.</span> <span class='ocrx_word' id='word_1_181' title='bbox 227 2225 460 2276; x_wconf 81' lang='lat' dir='ltr'>formarum</span> <span class='ocrx_word' id='word_1_182' title='bbox 487 2227 598 2265; x_wconf 83' lang='lat' dir='ltr'>inter</span> <span class='ocrx_word' id='word_1_183' title='bbox 630 2240 675 2265; x_wconf 78' lang='lat' dir='ltr'>se</span> <span class='ocrx_word' id='word_1_184' title='bbox 704 2227 919 2277; x_wconf 82' lang='lat' dir='ltr'>ostendat,</span> <span class='ocrx_word' id='word_1_185' title='bbox 957 2231 1046 2265; x_wconf 77' lang='lat' dir='ltr'>tum</span> <span class='ocrx_word' id='word_1_186' title='bbox 1071 2226 1227 2279; x_wconf 77' lang='lat' dir='ltr'>gradus</span> <span class='ocrx_word' id='word_1_187' title='bbox 1246 2226 1471 2267; x_wconf 78' lang='lat' dir='ltr'>earundem</span> 
     </span>
     <span class='ocr_line' id='line_1_24' title="bbox 83 2314 1471 2372; baseline 0.004 -20"><span class='ocrx_word' id='word_1_188' title='bbox 83 2314 195 2353; x_wconf 76' lang='lat' dir='ltr'>inter</span> <span class='ocrx_word' id='word_1_189' title='bbox 227 2328 272 2353; x_wconf 83' lang='lat' dir='ltr'>se</span> <span class='ocrx_word' id='word_1_190' title='bbox 303 2315 415 2355; x_wconf 81' lang='lat' dir='ltr'>brevi</span> <span class='ocrx_word' id='word_1_191' title='bbox 452 2317 628 2370; x_wconf 80' lang='lat' dir='ltr'>quadam</span> <span class='ocrx_word' id='word_1_192' title='bbox 661 2320 823 2357; x_wconf 78' lang='lat' dir='ltr'>ratione</span> <span class='ocrx_word' id='word_1_193' title='bbox 858 2331 1138 2366; x_wconf 69' lang='lat' dir='ltr'>numerorum,</span> <span class='ocrx_word' id='word_1_194' title='bbox 1195 2332 1298 2372; x_wconf 82' lang='lat' dir='ltr'>qnae</span> <span class='ocrx_word' id='word_1_195' title='bbox 1326 2317 1471 2358; x_wconf 78' lang='lat' dir='ltr'>eadem</span> 
     </span>
     <span class='ocr_line' id='line_1_25' title="bbox 72 2399 1471 2464; baseline 0.005 -21"><span class='ocrx_word' id='word_1_196' title='bbox 72 2406 171 2457; x_wconf 66' lang='lat' dir='ltr'>sere</span> <span class='ocrx_word' id='word_1_197' title='bbox 198 2410 261 2444; x_wconf 80' lang='lat' dir='ltr'>est</span> <span class='ocrx_word' id='word_1_198' title='bbox 288 2419 380 2446; x_wconf 81' lang='lat' dir='ltr'>cum</span> <span class='ocrx_word' id='word_1_199' title='bbox 410 2408 692 2449; x_wconf 81' lang='lat' dir='ltr'>obscurissima</span> <span class='ocrx_word' id='word_1_200' title='bbox 718 2411 789 2449; x_wconf 86' lang='lat' dir='ltr'>illa</span> <span class='ocrx_word' id='word_1_201' title='bbox 819 2424 871 2449; x_wconf 67' lang='lat' dir='ltr'>ea:</span> <span class='ocrx_word' id='word_1_202' title='bbox 903 2415 1045 2449; x_wconf 83' lang='lat' dir='ltr'>octavo</span> <span class='ocrx_word' id='word_1_203' title='bbox 1077 2399 1211 2458; x_wconf 40' lang='lat' dir='ltr'>libros</span> <span class='ocrx_word' id='word_1_204' title='bbox 1236 2424 1356 2464; x_wconf 78' lang='lat' dir='ltr'>quam</span> <span class='ocrx_word' id='word_1_205' title='bbox 1396 2424 1471 2450; x_wconf 80' lang='lat' dir='ltr'>nos</span> 
     </span>
     <span class='ocr_line' id='line_1_26' title="bbox 81 2497 1470 2555; baseline 0.005 -21"><span class='ocrx_word' id='word_1_206' title='bbox 81 2497 284 2537; x_wconf 81' lang='lat' dir='ltr'>intactam</span> <span class='ocrx_word' id='word_1_207' title='bbox 320 2501 546 2549; x_wconf 72' lang='lat' dir='ltr'>omisimus,</span> <span class='ocrx_word' id='word_1_208' title='bbox 593 2501 799 2555; x_wconf 78' lang='lat' dir='ltr'>designat.</span> <span class='ocrx_word' id='word_1_209' title='bbox 873 2501 1004 2552; x_wconf 73' lang='lat' dir='ltr'>Quam</span> <span class='ocrx_word' id='word_1_210' title='bbox 1040 2503 1172 2555; x_wconf 83' lang='lat' dir='ltr'>ipsam</span> <span class='ocrx_word' id='word_1_211' title='bbox 1209 2515 1283 2542; x_wconf 86' lang='lat' dir='ltr'>nos</span> <span class='ocrx_word' id='word_1_212' title='bbox 1309 2502 1470 2542; x_wconf 81' lang='lat' dir='ltr'>ruditer</span> 
     </span>
     <span class='ocr_line' id='line_1_27' title="bbox 82 2592 1470 2644; baseline 0.004 -16"><span class='ocrx_word' id='word_1_213' title='bbox 82 2592 208 2637; x_wconf 61' lang='lat' dir='ltr'>sane,</span> <span class='ocrx_word' id='word_1_214' title='bbox 255 2595 298 2628; x_wconf 83' lang='lat' dir='ltr'>et</span> <span class='ocrx_word' id='word_1_215' title='bbox 327 2594 444 2644; x_wconf 80' lang='lat' dir='ltr'>quasi</span> <span class='ocrx_word' id='word_1_216' title='bbox 467 2595 710 2634; x_wconf 80' lang='lat' dir='ltr'>coniecturis</span> <span class='ocrx_word' id='word_1_217' title='bbox 751 2593 887 2641; x_wconf 79' lang='lat' dir='ltr'>ducti,</span> <span class='ocrx_word' id='word_1_218' title='bbox 944 2594 1018 2633; x_wconf 75' lang='lat' dir='ltr'>hoc</span> <span class='ocrx_word' id='word_1_219' title='bbox 1063 2593 1181 2634; x_wconf 83' lang='lat' dir='ltr'>modo</span> <span class='ocrx_word' id='word_1_220' title='bbox 1220 2595 1470 2634; x_wconf 80' lang='lat' dir='ltr'>constituere</span> 
     </span>
    </p>
   </div>
   <div class='ocr_carea' id='block_1_3' title="bbox 46 2680 418 2734">
    <p class='ocr_par' dir='ltr' id='par_1_3' title="bbox 46 2680 418 2734">
     <span class='ocr_line' id='line_1_28' title="bbox 46 2680 418 2734; baseline 0.013 -15"><span class='ocrx_word' id='word_1_221' title='bbox 46 2702 48 2704; x_wconf 89' lang='lat'>·</span> <span class='ocrx_word' id='word_1_222' title='bbox 79 2694 201 2734; x_wconf 80' lang='lat' dir='ltr'>posse</span> <span class='ocrx_word' id='word_1_223' title='bbox 224 2680 418 2724; x_wconf 80' lang='lat' dir='ltr'>videmur.</span> 
     </span>
    </p>
   </div>
  </div>
 </body>
</html>
