1764 3176
545 180 1019 224 EDITORIS.
1425 194 1479 222 cv

93 307 216 358 „tima
225 307 333 346 iuxta
352 306 603 358 superiorem
626 303 807 344 ordinem
827 302 1032 354 voluptate
1054 302 1194 340 fruens
1220 298 1234 350 s
1237 299 1335 339 dum
1347 300 1479 352 legem

83 384 224 452 fugit,
261 403 305 437 et
328 398 530 437 rationem
537 412 555 445 ,·
583 397 711 436 servis
741 393 1002 449 quibusdam,
1038 399 1081 432 et
1101 391 1345 432 satellitibus
1364 392 1480 430 volu-

87 489 279 544 ptatibus
291 498 336 528 se
351 490 581 529 commiscet
591 488 627 539 :]
649 488 731 527 hoc
755 489 818 526 est
840 486 933 524 dum
951 486 972 524 a
984 485 1140 525 ratione
1158 484 1342 532 discedit,
1354 484 1479 522 servi-

91 581 194 621 libus
225 581 493 633 voluptatibus
521 580 679 620 deditus
714 582 802 627 est,
839 582 958 629 atque
977 581 1195 630 propterea
1215 582 1342 632 inquit
1364 581 1480 621 Plato

22 690 27 693 ·
95 672 233 726 [quum
251 673 483 725 longissimo
501 672 718 712 intervallo
729 684 755 710 ιι
771 671 985 723 voluptate
995 671 1179 724 legitima
1191 674 1245 711 sil*
1257 674 1479 724 seiunctus,

91 763 204 803 haud
213 764 344 816 facil&
363 765 497 813 aliter,
519 765 601 804 nisi
620 764 727 802 hunc
747 764 792 802 in
814 762 976 802 modum
1000 764 1177 816 exprimi
1189 766 1359 818 potest]
1384 765 1478 805 Μο-

93 857 187 896 dum
204 859 337 896 autem
356 857 490 895 statim
516 856 718 907 subiungit
736 855 800 893 his
823 854 954 893 verbis
1028 855 1109 904 [Ab
1137 856 1299 896 homine
1319 857 1478 898 Pauco-

93 962 183 988 rum
210 949 427 1003 potentiae
459 946 600 988 dedito
630 948 777 986 tertius
795 947 991 1000 apparuit
1011 960 1099 987 esse
1123 948 1356 1000 Tyrannus,
1392 963 1479 989 me-

91 1040 185 1080 dius
203 1053 368 1094 nanque
396 1041 568 1079 istorum
599 1040 661 1078 vir
680 1039 895 1092 Popularis
915 1040 1034 1089 ema]
1106 1041 1213 1079 iuxta
1235 1041 1388 1081 scilicet
1412 1054 1478 1081 or-

91 1132 226 1172 dinem
247 1133 511 1184 superiorem.
585 1130 710 1180 [Cum
738 1132 861 1170 tercio
888 1132 1027 1184 itaque
1054 1133 1281 1185 voluptatis
1310 1135 1476 1173 simula-

92 1224 188 1264 chro
211 1237 288 1278 quo
313 1224 369 1264 ad
386 1223 603 1262 veritatem
620 1229 717 1275 post
731 1223 843 1262 illum
864 1223 984 1262 simul
1007 1223 1166 1262 habitat
1185 1225 1222 1262 εἰ
1239 1237 1336 1264 vera
1358 1226 1400 1263 in
1412 1239 1479 1264 su-

86 1315 318 1369 perioribus
339 1314 553 1365 diximus]
590 1314 632 1353 id
655 1318 718 1353 est
738 1315 898 1353 tertium
923 1315 1137 1367 voluptatis
1161 1297 1325 1368 gradum
1348 1317 1480 1368 quoad

90 1408 296 1446 veritatem
316 1406 527 1459 Tyrannus
551 1405 896 1458 postPopularem
921 1408 1096 1447 sortitur.
1135 1409 1231 1447 dixit
1246 1413 1376 1448 autem
1388 1422 1477 1461 gra—

91 1498 210 1547 dum,
256 1499 340 1538 sive
370 1498 652 1537 simulachrum
680 1498 893 1550 voluptatis
926 1501 1086 1538 tertium
1116 1501 1246 1551 quoad
1276 1502 1483 1541 veritatem

92 1590 324 1643 Tyrannum
361 1593 458 1642 post
482 1589 726 1642 Popularem
762 1592 918 1630 sortiri:
968 1593 1156 1642 quoniam
1191 1595 1375 1645 superius
1405 1595 1483 1633 iam

93 1682 270 1722 ostendit
293 1681 419 1734 Regis
451 1682 696 1734 voluptatem
732 1696 865 1722 veram
887 1683 1132 1735 voluptatem
1151 1697 1268 1733 esse,
1305 1685 1483 1736 Tyranni

90 1774 186 1813 vero
216 1773 497 1813 adulterinam:
532 1774 745 1826 Popularis
775 1778 906 1814 autem
935 1775 1045 1813 iuxta
1079 1777 1263 1827 superius
1284 1777 1483 1829 digestum

92 1866 295 1914 ordinem,
329 1867 448 1905 tertio
468 1865 682 1918 voluptatis
701 1866 825 1918 gradu
844 1868 995 1919 primus
1015 1868 1169 1908 fruitur.
1208 1868 1363 1909 Deinde
1385 1871 1481 1908 sub-

90 1959 217 2011 iungit
236 1958 348 2012 [quin
364 1959 492 2005 >etiam
507 1959 733 1998 Paucorum
747 1960 967 2011 potentiae
983 1961 1193 2013 imperans
1215 1963 1240 2000 ιὶ
1252 1962 1372 2014 Rege
1393 1968 1482 2001 ter-

91 2051 176 2090 tius
196 2055 279 2099 est,
313 2051 351 2089 si
367 2051 412 2089 in
430 2049 572 2090 eodem
593 2051 678 2089 loco
697 2050 969 2103 optimatem,
1005 2056 1045 2090 ec
1067 2052 1228 2105 Regem
1248 2055 1483 2106 ponamus.]

91 2143 132 2182 id
161 2145 224 2181 est
244 2143 278 2180 si
298 2144 483 2193 tanquam
502 2155 623 2181 unum
645 2155 718 2181 eos
749 2144 1003 2194 accipiamus.
1079 2144 1093 2193 [
1109 2144 1241 2197 Triplz'
1253 2147 1383 2197 igitur
1404 2147 1483 2185 tri-

89 2235 205 2287 plum
226 2245 395 2273 numero
418 2233 580 2287 quidem
601 2236 628 2274 (ὶ
646 2247 744 2273 veru
769 2235 981 2287 voluptate
1005 2235 1228 2287 Tyrannus
1246 2236 1406 2288 distat]
1442 2238 1485 2276 id

92 2329 156 2365 est
185 2325 293 2377 tripli
319 2325 480 2377 triplum
499 2326 744 2366 intervallum
772 2327 880 2366 iuxta
896 2340 1103 2367 numerum
1123 2327 1332 2379 Tyrannus
1351 2330 1374 2368 a
1391 2342 1484 2369 vera

91 2417 217 2469 Regis
239 2417 443 2470 voluptate
461 2417 592 2457 distat.
638 2416 914 2457 Veruntamen
936 2420 1042 2470 quod
1065 2420 1116 2458 sit
1134 2421 1382 2460 intervallum
1402 2422 1484 2462 hoc

77 2481 201 2562 *tripli
227 2487 412 2562 triplum,
448 2511 506 2549 sic
534 2510 835 2562 intelligendum
872 2515 946 2550 est.
1029 2511 1206 2551 Ponatur
1231 2513 1300 2552 ubi
1323 2514 1485 2565 quidem

90 2601 204 2650 Rex,
238 2601 391 2640 unitas:
425 2602 493 2641 ubi
525 2603 620 2642 vero
658 2602 882 2642 Paucorum
914 2604 1120 2655 potentiae
1141 2603 1312 2653 deditus,
1347 2609 1481 2645 terna·

90 2695 200 2742 rius;
237 2694 422 2744 quoniam
442 2695 533 2746 ipse
555 2695 578 2734 a
594 2693 709 2747 Rege
733 2695 872 2734 tertius
896 2698 978 2734 est:
1014 2694 1082 2734 ubi
1104 2702 1235 2735 autem
1257 2696 1483 2749 Tyrannus,

91 2786 354 2833 novenarius;
390 2787 577 2836 quoniam
603 2754 817 2838 Tyrannus
842 2788 961 2826 etiam
986 2788 1009 2826 a.
1027 2786 1252 2828 Paucorum
1272 2790 1481 2842 potentiae

92 2878 228 2919 dedito
247 2878 388 2919 tertius
409 2878 553 2918 existit.
623 2877 849 2919 Paucorum
884 2880 1004 2932 igitur
1026 2882 1232 2933 potentiae
1251 2882 1408 2921 deditus
1429 2882 1479 2922 ad
