<?xml version="1.0" encoding="UTF-8"?>
<!DOCTYPE html PUBLIC "-//W3C//DTD XHTML 1.0 Transitional//EN"
    "http://www.w3.org/TR/xhtml1/DTD/xhtml1-transitional.dtd">
<html xmlns="http://www.w3.org/1999/xhtml" xml:lang="en" lang="en">
 <head>
  <title>
</title>
<meta http-equiv="Content-Type" content="text/html;charset=utf-8" />
  <meta name='ocr-system' content='tesseract 3.04.00' />
  <meta name='ocr-capabilities' content='ocr_page ocr_carea ocr_par ocr_line ocrx_word'/>
</head>
<body>
  <div class='ocr_page' id='page_1' title='image "./operagraecerecen01platuoft_0221.png"; bbox 0 0 1764 3176; ppageno 0'>
   <div class='ocr_carea' id='block_1_1' title="bbox 399 162 1181 209">
    <p class='ocr_par' dir='ltr' id='par_1_1' title="bbox 399 162 1181 209">
     <span class='ocr_line' id='line_1_1' title="bbox 399 162 1181 209; baseline -0.009 0"><span class='ocrx_word' id='word_1_1' title='bbox 399 163 735 209; x_wconf 87' lang='lat' dir='ltr'><strong>CIVITAS</strong></span> <span class='ocrx_word' id='word_1_2' title='bbox 783 164 911 207; x_wconf 88' lang='lat' dir='ltr'><strong>LlB.</strong></span> <span class='ocrx_word' id='word_1_3' title='bbox 954 162 1071 208; x_wconf 87' lang='lat' dir='ltr'><strong>VIII.</strong></span> <span class='ocrx_word' id='word_1_4' title='bbox 1112 163 1181 204; x_wconf 80' lang='grc'>564</span> 
     </span>
    </p>
   </div>
   <div class='ocr_carea' id='block_1_2' title="bbox 101 272 720 335">
    <p class='ocr_par' dir='ltr' id='par_1_2' title="bbox 101 272 720 335">
     <span class='ocr_line' id='line_1_2' title="bbox 101 272 720 335; baseline -0.002 -14"><span class='ocrx_word' id='word_1_5' title='bbox 101 276 368 335; x_wconf 82' lang='grc' dir='ltr'><strong><em>μοκρατίας,</em></strong></span> <span class='ocrx_word' id='word_1_6' title='bbox 425 274 501 329; x_wconf 78' lang='grc' dir='ltr'>ἐξ,</span> <span class='ocrx_word' id='word_1_7' title='bbox 568 272 720 332; x_wconf 79' lang='grc' dir='ltr'><strong><em>οἶμαι,</em></strong></span> 
     </span>
    </p>
   </div>
   <div class='ocr_carea' id='block_1_3' title="bbox 1429 163 1486 205">
    <p class='ocr_par' dir='ltr' id='par_1_3' title="bbox 1429 163 1486 205">
     <span class='ocr_line' id='line_1_3' title="bbox 1429 163 1486 205; baseline 0 0"><span class='ocrx_word' id='word_1_8' title='bbox 1429 163 1486 205; x_wconf 83' lang='grc'>85</span> 
     </span>
    </p>
   </div>
   <div class='ocr_carea' id='block_1_4' title="bbox 791 270 1487 333">
    <p class='ocr_par' dir='ltr' id='par_1_4' title="bbox 791 270 1487 333">
     <span class='ocr_line' id='line_1_4' title="bbox 791 270 1487 333; baseline -0.01 -13"><span class='ocrx_word' id='word_1_9' title='bbox 791 279 867 333; x_wconf 82' lang='grc' dir='ltr'>τῆς</span> <span class='ocrx_word' id='word_1_10' title='bbox 934 272 1180 332; x_wconf 77' lang='grc' dir='ltr'><em>ἀκροτάτης</em></span> <span class='ocrx_word' id='word_1_11' title='bbox 1232 270 1487 325; x_wconf 78' lang='grc' dir='ltr'><em>ἐλευθερίας</em></span> 
     </span>
    </p>
   </div>
   <div class='ocr_carea' id='block_1_5' title="bbox 100 338 1485 403">
    <p class='ocr_par' dir='ltr' id='par_1_5' title="bbox 100 338 1485 403">
     <span class='ocr_line' id='line_1_5' title="bbox 100 338 1485 403; baseline 0.001 -14"><span class='ocrx_word' id='word_1_12' title='bbox 100 343 278 389; x_wconf 84' lang='grc' dir='ltr'><strong><em>δουλεία</em></strong></span> <span class='ocrx_word' id='word_1_13' title='bbox 323 344 500 401; x_wconf 82' lang='grc' dir='ltr'><strong><em>πλείστη</em></strong></span> <span class='ocrx_word' id='word_1_14' title='bbox 538 359 584 389; x_wconf 90' lang='grc' dir='ltr'>τε</span> <span class='ocrx_word' id='word_1_15' title='bbox 620 346 696 390; x_wconf 80' lang='grc' dir='ltr'>καὶ</span> <span class='ocrx_word' id='word_1_16' title='bbox 735 343 991 403; x_wconf 76' lang='grc' dir='ltr'><strong><em>ἀγριωτάτη.</em></strong></span> <span class='ocrx_word' id='word_1_17' title='bbox 1043 342 1161 399; x_wconf 86' lang='grc' dir='ltr'><em>Ἔχει</em></span> <span class='ocrx_word' id='word_1_18' title='bbox 1205 339 1292 396; x_wconf 68' lang='grc' dir='ltr'>γάρ</span> <span class='ocrx_word' id='word_1_19' title='bbox 1311 373 1324 393; x_wconf 85' lang='grc'><em>,</em></span> <span class='ocrx_word' id='word_1_20' title='bbox 1382 338 1485 395; x_wconf 69' lang='grc' dir='ltr'>ἔφη,</span> 
     </span>
    </p>
   </div>
   <div class='ocr_carea' id='block_1_6' title="bbox 97 408 438 468">
    <p class='ocr_par' dir='ltr' id='par_1_6' title="bbox 97 408 438 468">
     <span class='ocr_line' id='line_1_6' title="bbox 97 408 438 468; baseline -0.003 -12"><span class='ocrx_word' id='word_1_21' title='bbox 97 411 243 468; x_wconf 79' lang='grc' dir='ltr'><strong><em>λόγον.</em></strong></span> <span class='ocrx_word' id='word_1_22' title='bbox 327 408 438 455; x_wconf 85' lang='grc' dir='ltr'><strong><em>Ἀλλ’</em></strong></span> 
     </span>
    </p>
   </div>
   <div class='ocr_carea' id='block_1_7' title="bbox 498 409 945 467">
    <p class='ocr_par' dir='ltr' id='par_1_7' title="bbox 498 409 945 467">
     <span class='ocr_line' id='line_1_7' title="bbox 498 409 945 467; baseline -0.004 -11"><span class='ocrx_word' id='word_1_23' title='bbox 498 427 552 456; x_wconf 82' lang='lat' dir='ltr'>ov</span> <span class='ocrx_word' id='word_1_24' title='bbox 601 409 774 463; x_wconf 64' lang='grc' dir='ltr'><strong>τοῦτ’.)</strong></span> <span class='ocrx_word' id='word_1_25' title='bbox 801 409 945 467; x_wconf 71' lang='grc' dir='ltr'><strong><em>Οἶμαι,</em></strong></span> 
     </span>
    </p>
   </div>
   <div class='ocr_carea' id='block_1_8' title="bbox 1004 403 1482 466">
    <p class='ocr_par' dir='ltr' id='par_1_8' title="bbox 1004 403 1482 466">
     <span class='ocr_line' id='line_1_8' title="bbox 1004 403 1482 466; baseline -0.004 -15"><span class='ocrx_word' id='word_1_26' title='bbox 1004 404 1059 466; x_wconf 80' lang='grc' dir='ltr'><strong><em>ἦν</em></strong></span> <span class='ocrx_word' id='word_1_27' title='bbox 1114 407 1160 453; x_wconf 87' lang='grc' dir='ltr'>δ’</span> <span class='ocrx_word' id='word_1_28' title='bbox 1209 406 1317 464; x_wconf 73' lang='grc' dir='ltr'>ἐγώ,</span> <span class='ocrx_word' id='word_1_29' title='bbox 1359 403 1482 463; x_wconf 78' lang='grc' dir='ltr'><strong><em>ἠρώ-</em></strong></span> 
     </span>
    </p>
   </div>
   <div class='ocr_carea' id='block_1_9' title="bbox 95 473 1545 536">
    <p class='ocr_par' dir='ltr' id='par_1_9' title="bbox 95 473 1545 536">
     <span class='ocr_line' id='line_1_9' title="bbox 95 473 1545 536; baseline -0.004 -12"><span class='ocrx_word' id='word_1_30' title='bbox 95 495 198 533; x_wconf 81' lang='grc' dir='ltr'><strong><em>τας,</em></strong></span> <span class='ocrx_word' id='word_1_31' title='bbox 245 476 357 522; x_wconf 67' lang='grc' dir='ltr'><strong><em>ἀλλὰ</em></strong></span> <span class='ocrx_word' id='word_1_32' title='bbox 399 483 532 524; x_wconf 82' lang='grc' dir='ltr'><strong><em>ποῖον</em></strong></span> <span class='ocrx_word' id='word_1_33' title='bbox 579 479 752 536; x_wconf 83' lang='grc' dir='ltr'><strong><em>νόσημα</em></strong></span> <span class='ocrx_word' id='word_1_34' title='bbox 802 479 850 523; x_wconf 77' lang='grc' dir='ltr'><strong><em>ἐν</em></strong></span> <span class='ocrx_word' id='word_1_35' title='bbox 893 476 1120 535; x_wconf 77' lang='grc' dir='ltr'><strong><em>ὀλιγαρχίᾳ</em></strong></span> <span class='ocrx_word' id='word_1_36' title='bbox 1164 492 1208 520; x_wconf 89' lang='grc' dir='ltr'>τε</span> <span class='ocrx_word' id='word_1_37' title='bbox 1248 473 1480 532; x_wconf 85' lang='grc' dir='ltr'><strong><em>φυόμενον</em></strong></span> <span class='ocrx_word' id='word_1_38' title='bbox 1507 476 1545 519; x_wconf 95' lang='grc' dir='ltr'><strong>Β</strong></span> 
     </span>
    </p>
   </div>
   <div class='ocr_carea' id='block_1_10' title="bbox 96 542 1480 669">
    <p class='ocr_par' dir='ltr' id='par_1_10' title="bbox 96 542 1480 669">
     <span class='ocr_line' id='line_1_10' title="bbox 96 542 1287 605; baseline -0.004 -14"><span class='ocrx_word' id='word_1_39' title='bbox 96 545 261 592; x_wconf 81' lang='grc' dir='ltr'><strong><em>ταύτόν</em></strong></span> <span class='ocrx_word' id='word_1_40' title='bbox 308 546 382 590; x_wconf 84' lang='grc' dir='ltr'>καὶ</span> <span class='ocrx_word' id='word_1_41' title='bbox 430 546 479 590; x_wconf 79' lang='grc' dir='ltr'><strong><em>ἐν</em></strong></span> <span class='ocrx_word' id='word_1_42' title='bbox 528 547 805 605; x_wconf 78' lang='grc' dir='ltr'><strong><em>δημοκρατίᾳ</em></strong></span> <span class='ocrx_word' id='word_1_43' title='bbox 850 549 1089 591; x_wconf 83' lang='grc' dir='ltr'><strong><em>δουλοῦται</em></strong></span> <span class='ocrx_word' id='word_1_44' title='bbox 1135 542 1287 601; x_wconf 84' lang='grc' dir='ltr'><strong><em>αὐτήν.</em></strong></span> 
     </span>
     <span class='ocr_line' id='line_1_11' title="bbox 619 611 1480 669; baseline -0.007 -9.951"><span class='ocrx_word' id='word_1_45' title='bbox 619 613 786 659; x_wconf 84' lang='grc' dir='ltr'><strong><em>Ἐκεῖνο</em></strong></span> <span class='ocrx_word' id='word_1_46' title='bbox 834 616 1011 666; x_wconf 88' lang='grc' dir='ltr'><strong><em>τοίνυν,</em></strong></span> <span class='ocrx_word' id='word_1_47' title='bbox 1064 613 1196 669; x_wconf 85' lang='grc' dir='ltr'><strong><em>ε’φην,</em></strong></span> <span class='ocrx_word' id='word_1_48' title='bbox 1246 611 1397 668; x_wconf 80' lang='grc' dir='ltr'><strong><em>ε’λεγον</em></strong></span> <span class='ocrx_word' id='word_1_49' title='bbox 1431 627 1480 654; x_wconf 89' lang='grc' dir='ltr'>το</span> 
     </span>
    </p>
   </div>
   <div class='ocr_carea' id='block_1_11' title="bbox 95 613 547 672">
    <p class='ocr_par' dir='ltr' id='par_1_11' title="bbox 95 613 547 672">
     <span class='ocr_line' id='line_1_12' title="bbox 95 613 547 672; baseline -0.005 -12"><span class='ocrx_word' id='word_1_50' title='bbox 95 618 157 672; x_wconf 76' lang='grc' dir='ltr'>θῇ</span> <span class='ocrx_word' id='word_1_51' title='bbox 168 646 182 667; x_wconf 84' lang='grc'><strong><em>,</em></strong></span> <span class='ocrx_word' id='word_1_52' title='bbox 239 614 323 672; x_wconf 76' lang='grc' dir='ltr'>ἔφη</span> <span class='ocrx_word' id='word_1_53' title='bbox 332 647 345 667; x_wconf 87' lang='grc'><strong><em>,</em></strong></span> <span class='ocrx_word' id='word_1_54' title='bbox 400 613 547 670; x_wconf 83' lang='grc' dir='ltr'><strong><em>λέγεις.</em></strong></span> 
     </span>
    </p>
   </div>
   <div class='ocr_carea' id='block_1_12' title="bbox 1358 542 1484 599">
    <p class='ocr_par' dir='ltr' id='par_1_12' title="bbox 1358 542 1484 599">
     <span class='ocr_line' id='line_1_13' title="bbox 1358 542 1484 599; baseline 0 -13"><span class='ocrx_word' id='word_1_55' title='bbox 1358 542 1484 599; x_wconf 85' lang='grc' dir='ltr'><strong><em>Ἀλη-</em></strong></span> 
     </span>
    </p>
   </div>
   <div class='ocr_carea' id='block_1_13' title="bbox 95 677 1481 747">
    <p class='ocr_par' dir='ltr' id='par_1_13' title="bbox 95 677 1481 747">
     <span class='ocr_line' id='line_1_14' title="bbox 95 677 1481 747; baseline -0.004 -20"><span class='ocrx_word' id='word_1_56' title='bbox 95 686 186 727; x_wconf 80' lang='grc' dir='ltr'><strong><em>τῶν</em></strong></span> <span class='ocrx_word' id='word_1_57' title='bbox 239 680 390 738; x_wconf 76' lang='grc' dir='ltr'><strong><em>ἀργῶν</em></strong></span> <span class='ocrx_word' id='word_1_58' title='bbox 444 697 489 725; x_wconf 85' lang='grc' dir='ltr'>τε</span> <span class='ocrx_word' id='word_1_59' title='bbox 546 682 622 726; x_wconf 85' lang='grc' dir='ltr'>καὶ</span> <span class='ocrx_word' id='word_1_60' title='bbox 679 686 948 747; x_wconf 76' lang='grc' dir='ltr'><strong><em>δαπανηρῶν</em></strong></span> <span class='ocrx_word' id='word_1_61' title='bbox 998 679 1175 736; x_wconf 75' lang='grc' dir='ltr'><strong><em>ἀνδρῶν</em></strong></span> <span class='ocrx_word' id='word_1_62' title='bbox 1223 680 1373 736; x_wconf 75' lang='grc' dir='ltr'><strong><em>γένος,</em></strong></span> <span class='ocrx_word' id='word_1_63' title='bbox 1430 677 1481 722; x_wconf 86' lang='grc' dir='ltr'>τό</span> 
     </span>
    </p>
   </div>
   <div class='ocr_carea' id='block_1_14' title="bbox 95 745 1294 809">
    <p class='ocr_par' dir='ltr' id='par_1_14' title="bbox 95 745 1294 809">
     <span class='ocr_line' id='line_1_15' title="bbox 95 745 1294 809; baseline -0.003 -15"><span class='ocrx_word' id='word_1_64' title='bbox 95 750 176 807; x_wconf 81' lang='grc' dir='ltr'><strong><em>μὲν</em></strong></span> <span class='ocrx_word' id='word_1_65' title='bbox 235 748 548 807; x_wconf 81' lang='grc' dir='ltr'><strong><em>ἀνδρειότατον</em></strong></span> <span class='ocrx_word' id='word_1_66' title='bbox 605 750 853 809; x_wconf 82' lang='grc' dir='ltr'><strong><em>ἡγούμενον</em></strong></span> <span class='ocrx_word' id='word_1_67' title='bbox 914 749 1089 800; x_wconf 76' lang='grc' dir='ltr'><strong><em>αὐτῶν,</em></strong></span> <span class='ocrx_word' id='word_1_68' title='bbox 1145 746 1196 791; x_wconf 88' lang='grc' dir='ltr'>τὸ</span> <span class='ocrx_word' id='word_1_69' title='bbox 1253 745 1294 791; x_wconf 84' lang='grc' dir='ltr'>δ’</span> 
     </span>
    </p>
   </div>
   <div class='ocr_carea' id='block_1_15' title="bbox 92 902 759 1220">
    <p class='ocr_par' dir='ltr' id='par_1_15' title="bbox 92 902 759 1220">
     <span class='ocr_line' id='line_1_16' title="bbox 94 902 759 945; baseline -0.002 -11"><span class='ocrx_word' id='word_1_70' title='bbox 94 903 172 934; x_wconf 86' lang='lat' dir='ltr'>erat</span> <span class='ocrx_word' id='word_1_71' title='bbox 195 910 256 933; x_wconf 89' lang='lat' dir='ltr'>cur</span> <span class='ocrx_word' id='word_1_72' title='bbox 289 903 350 934; x_wconf 84' lang='lat' dir='ltr'>aut</span> <span class='ocrx_word' id='word_1_73' title='bbox 380 910 545 945; x_wconf 82' lang='lat' dir='ltr'>praesens</span> <span class='ocrx_word' id='word_1_74' title='bbox 570 902 631 934; x_wconf 80' lang='lat' dir='ltr'>aut</span> <span class='ocrx_word' id='word_1_75' title='bbox 653 911 759 944; x_wconf 83' lang='lat' dir='ltr'>gene-</span> 
     </span>
     <span class='ocr_line' id='line_1_17' title="bbox 94 945 759 991; baseline -0.002 -12"><span class='ocrx_word' id='word_1_76' title='bbox 94 946 143 980; x_wconf 86' lang='lat' dir='ltr'>ris</span> <span class='ocrx_word' id='word_1_77' title='bbox 174 946 308 988; x_wconf 85' lang='lat' dir='ltr'>instar,</span> <span class='ocrx_word' id='word_1_78' title='bbox 344 958 433 991; x_wconf 88' lang='lat' dir='ltr'>quae</span> <span class='ocrx_word' id='word_1_79' title='bbox 467 946 580 980; x_wconf 81' lang='lat' dir='ltr'>altera</span> <span class='ocrx_word' id='word_1_80' title='bbox 621 945 759 980; x_wconf 82' lang='lat' dir='ltr'>articuli</span> 
     </span>
     <span class='ocr_line' id='line_1_18' title="bbox 93 991 758 1044; baseline -0.002 -18"><span class='ocrx_word' id='word_1_81' title='bbox 93 992 297 1036; x_wconf 81' lang='lat' dir='ltr'>significatio</span> <span class='ocrx_word' id='word_1_82' title='bbox 329 996 402 1034; x_wconf 91' lang='lat' dir='ltr'>est,</span> <span class='ocrx_word' id='word_1_83' title='bbox 438 991 572 1044; x_wconf 84' lang='lat' dir='ltr'>species</span> <span class='ocrx_word' id='word_1_84' title='bbox 605 992 661 1026; x_wconf 90' lang='lat' dir='ltr'>vel</span> <span class='ocrx_word' id='word_1_85' title='bbox 702 1003 758 1025; x_wconf 86' lang='lat' dir='ltr'>res</span> 
     </span>
     <span class='ocr_line' id='line_1_19' title="bbox 93 1037 758 1082; baseline 0 -11"><span class='ocrx_word' id='word_1_86' title='bbox 93 1038 284 1082; x_wconf 85' lang='lat' dir='ltr'>singulares</span> <span class='ocrx_word' id='word_1_87' title='bbox 306 1037 467 1082; x_wconf 84' lang='lat' dir='ltr'><strong>aliquot</strong></span> <span class='ocrx_word' id='word_1_88' title='bbox 458 1050 494 1072; x_wconf 80' lang='lat' dir='ltr'>in</span> <span class='ocrx_word' id='word_1_89' title='bbox 519 1050 558 1072; x_wconf 86' lang='lat' dir='ltr'>se</span> <span class='ocrx_word' id='word_1_90' title='bbox 582 1037 758 1072; x_wconf 86' lang='lat' dir='ltr'>continens</span> 
     </span>
     <span class='ocr_line' id='line_1_20' title="bbox 92 1083 757 1140; baseline -0.002 -23"><span class='ocrx_word' id='word_1_91' title='bbox 92 1088 358 1139; x_wconf 76' lang='lat' dir='ltr'>proponeretur,</span> <span class='ocrx_word' id='word_1_92' title='bbox 393 1084 537 1140; x_wconf 87' lang='lat' dir='ltr'>ideoque</span> <span class='ocrx_word' id='word_1_93' title='bbox 569 1084 642 1117; x_wconf 90' lang='lat' dir='ltr'>sine</span> <span class='ocrx_word' id='word_1_94' title='bbox 673 1083 757 1117; x_wconf 85' lang='lat' dir='ltr'>arti-</span> 
     </span>
     <span class='ocr_line' id='line_1_21' title="bbox 95 1129 755 1174; baseline -0.002 -11"><span class='ocrx_word' id='word_1_95' title='bbox 95 1129 169 1163; x_wconf 87' lang='lat' dir='ltr'>culo</span> <span class='ocrx_word' id='word_1_96' title='bbox 192 1141 288 1173; x_wconf 80' lang='grc' dir='ltr'><strong><em>αγαν</em></strong></span> <span class='ocrx_word' id='word_1_97' title='bbox 311 1129 462 1163; x_wconf 84' lang='grc' dir='ltr'><strong><em>δουλεία</em></strong></span> <span class='ocrx_word' id='word_1_98' title='bbox 493 1130 697 1174; x_wconf 83' lang='lat' dir='ltr'>appellatur,</span> <span class='ocrx_word' id='word_1_99' title='bbox 723 1129 755 1162; x_wconf 88' lang='lat' dir='ltr'>h.</span> 
     </span>
     <span class='ocr_line' id='line_1_22' title="bbox 93 1174 757 1220; baseline -0.002 -11"><span class='ocrx_word' id='word_1_100' title='bbox 93 1187 124 1211; x_wconf 82' lang='lat' dir='ltr'>e.</span> <span class='ocrx_word' id='word_1_101' title='bbox 149 1175 295 1220; x_wconf 85' lang='lat' dir='ltr'>aliquid,</span> <span class='ocrx_word' id='word_1_102' title='bbox 319 1176 408 1220; x_wconf 85' lang='lat' dir='ltr'>quod</span> <span class='ocrx_word' id='word_1_103' title='bbox 428 1174 474 1209; x_wconf 84' lang='lat' dir='ltr'>illi</span> <span class='ocrx_word' id='word_1_104' title='bbox 500 1175 652 1208; x_wconf 82' lang='lat' dir='ltr'>libertati</span> <span class='ocrx_word' id='word_1_105' title='bbox 676 1186 757 1208; x_wconf 90' lang='lat' dir='ltr'>con-</span> 
     </span>
    </p>
   </div>
   <div class='ocr_carea' id='block_1_16' title="bbox 20 1215 759 1266">
    <p class='ocr_par' dir='ltr' id='par_1_16' title="bbox 20 1215 759 1266">
     <span class='ocr_line' id='line_1_23' title="bbox 20 1215 759 1266; baseline -0.001 -12"><span class='ocrx_word' id='word_1_106' title='bbox 20 1215 30 1225; x_wconf 36' lang='lat'><strong>*</strong></span> <span class='ocrx_word' id='word_1_107' title='bbox 93 1221 237 1255; x_wconf 82' lang='lat' dir='ltr'>trarium</span> <span class='ocrx_word' id='word_1_108' title='bbox 270 1221 317 1254; x_wconf 89' lang='lat' dir='ltr'>sit</span> <span class='ocrx_word' id='word_1_109' title='bbox 349 1225 384 1254; x_wconf 88' lang='lat' dir='ltr'>et</span> <span class='ocrx_word' id='word_1_110' title='bbox 413 1220 543 1266; x_wconf 88' lang='lat' dir='ltr'>pariter</span> <span class='ocrx_word' id='word_1_111' title='bbox 574 1226 678 1265; x_wconf 84' lang='lat' dir='ltr'>atque</span> <span class='ocrx_word' id='word_1_112' title='bbox 700 1220 759 1253; x_wconf 87' lang='lat' dir='ltr'>illa</span> 
     </span>
    </p>
   </div>
   <div class='ocr_carea' id='block_1_17' title="bbox 81 1266 758 2867">
    <p class='ocr_par' dir='ltr' id='par_1_17' title="bbox 81 1266 758 2867">
     <span class='ocr_line' id='line_1_24' title="bbox 92 1266 757 1300; baseline -0.002 0"><span class='ocrx_word' id='word_1_113' title='bbox 92 1267 225 1300; x_wconf 89' lang='lat' dir='ltr'>modum</span> <span class='ocrx_word' id='word_1_114' title='bbox 261 1267 415 1300; x_wconf 85' lang='lat' dir='ltr'><strong>excedat.</strong></span> <span class='ocrx_word' id='word_1_115' title='bbox 461 1266 667 1300; x_wconf 88' lang='lat' dir='ltr'>Adverbium</span> <span class='ocrx_word' id='word_1_116' title='bbox 695 1277 757 1299; x_wconf 88' lang='lat' dir='ltr'>au-</span> 
     </span>
     <span class='ocr_line' id='line_1_25' title="bbox 93 1312 758 1358; baseline -0.002 -13"><span class='ocrx_word' id='word_1_117' title='bbox 93 1316 181 1354; x_wconf 86' lang='lat' dir='ltr'>tem,</span> <span class='ocrx_word' id='word_1_118' title='bbox 216 1324 282 1358; x_wconf 91' lang='lat' dir='ltr'>quo</span> <span class='ocrx_word' id='word_1_119' title='bbox 306 1312 473 1346; x_wconf 80' lang='lat' dir='ltr'>excedere</span> <span class='ocrx_word' id='word_1_120' title='bbox 496 1312 629 1346; x_wconf 87' lang='lat' dir='ltr'>modum</span> <span class='ocrx_word' id='word_1_121' title='bbox 652 1312 758 1355; x_wconf 84' lang='lat' dir='ltr'>signi-</span> 
     </span>
     <span class='ocr_line' id='line_1_26' title="bbox 91 1357 757 1403; baseline -0.003 -11"><span class='ocrx_word' id='word_1_122' title='bbox 91 1359 237 1400; x_wconf 84' lang='lat' dir='ltr'>ficatur,</span> <span class='ocrx_word' id='word_1_123' title='bbox 260 1369 303 1392; x_wconf 89' lang='lat' dir='ltr'>ne</span> <span class='ocrx_word' id='word_1_124' title='bbox 327 1358 395 1392; x_wconf 87' lang='lat' dir='ltr'>alio</span> <span class='ocrx_word' id='word_1_125' title='bbox 420 1357 486 1392; x_wconf 90' lang='lat' dir='ltr'>nisi</span> <span class='ocrx_word' id='word_1_126' title='bbox 510 1358 577 1392; x_wconf 85' lang='lat' dir='ltr'>ad‘</span> <span class='ocrx_word' id='word_1_127' title='bbox 568 1358 674 1403; x_wconf 79' lang='lat' dir='ltr'>ipsius</span> <span class='ocrx_word' id='word_1_128' title='bbox 695 1369 757 1391; x_wconf 90' lang='lat' dir='ltr'>nc-</span> 
     </span>
     <span class='ocr_line' id='line_1_27' title="bbox 92 1404 756 1457; baseline -0.002 -20"><span class='ocrx_word' id='word_1_129' title='bbox 92 1415 169 1438; x_wconf 85' lang='lat' dir='ltr'>men</span> <span class='ocrx_word' id='word_1_130' title='bbox 192 1404 365 1449; x_wconf 86' lang='lat' dir='ltr'>pertinere</span> <span class='ocrx_word' id='word_1_131' title='bbox 387 1407 556 1457; x_wconf 87' lang='lat' dir='ltr'>putemus,</span> <span class='ocrx_word' id='word_1_132' title='bbox 571 1404 655 1437; x_wconf 84' lang='lat' dir='ltr'>satis</span> <span class='ocrx_word' id='word_1_133' title='bbox 674 1415 756 1436; x_wconf 83' lang='lat' dir='ltr'>cau-</span> 
     </span>
     <span class='ocr_line' id='line_1_28' title="bbox 93 1449 756 1495; baseline -0.003 -11"><span class='ocrx_word' id='word_1_134' title='bbox 93 1454 164 1484; x_wconf 89' lang='lat' dir='ltr'>tum</span> <span class='ocrx_word' id='word_1_135' title='bbox 196 1454 249 1484; x_wconf 85' lang='lat' dir='ltr'>est</span> <span class='ocrx_word' id='word_1_136' title='bbox 272 1449 523 1495; x_wconf 84' lang='lat' dir='ltr'>praepositione</span> <span class='ocrx_word' id='word_1_137' title='bbox 557 1450 628 1491; x_wconf 88' lang='grc' dir='ltr'><strong><em>εἰς,</em></strong></span> <span class='ocrx_word' id='word_1_138' title='bbox 666 1461 756 1495; x_wconf 86' lang='lat' dir='ltr'>quae</span> 
     </span>
     <span class='ocr_line' id='line_1_29' title="bbox 91 1496 755 1541; baseline -0.003 -11"><span class='ocrx_word' id='word_1_139' title='bbox 91 1507 158 1530; x_wconf 91' lang='lat' dir='ltr'>non</span> <span class='ocrx_word' id='word_1_140' title='bbox 180 1497 291 1530; x_wconf 86' lang='lat' dir='ltr'>minus</span> <span class='ocrx_word' id='word_1_141' title='bbox 314 1496 528 1538; x_wconf 87' lang='lat' dir='ltr'>necessario,</span> <span class='ocrx_word' id='word_1_142' title='bbox 560 1507 661 1541; x_wconf 88' lang='lat' dir='ltr'>quam</span> <span class='ocrx_word' id='word_1_143' title='bbox 698 1506 755 1529; x_wconf 87' lang='lat' dir='ltr'>ar-</span> 
     </span>
     <span class='ocr_line' id='line_1_30' title="bbox 89 1542 757 1584; baseline -0.001 -9"><span class='ocrx_word' id='word_1_144' title='bbox 89 1542 235 1584; x_wconf 77' lang='lat' dir='ltr'>ticulus,</span> <span class='ocrx_word' id='word_1_145' title='bbox 270 1542 313 1575; x_wconf 86' lang='lat' dir='ltr'>ad</span> <span class='ocrx_word' id='word_1_146' title='bbox 347 1553 466 1576; x_wconf 88' lang='lat' dir='ltr'>nomen</span> <span class='ocrx_word' id='word_1_147' title='bbox 497 1542 678 1575; x_wconf 87' lang='lat' dir='ltr'>referenda</span> <span class='ocrx_word' id='word_1_148' title='bbox 701 1544 757 1574; x_wconf 86' lang='lat' dir='ltr'>est</span> 
     </span>
     <span class='ocr_line' id='line_1_31' title="bbox 89 1587 755 1633; baseline -0.002 -12"><span class='ocrx_word' id='word_1_149' title='bbox 89 1587 397 1633; x_wconf 83' lang='lat' dir='ltr'>interpositumque</span> <span class='ocrx_word' id='word_1_150' title='bbox 436 1587 512 1632; x_wconf 87' lang='lat' dir='ltr'>pari</span> <span class='ocrx_word' id='word_1_151' title='bbox 545 1587 676 1621; x_wconf 87' lang='lat' dir='ltr'>vinculo</span> <span class='ocrx_word' id='word_1_152' title='bbox 711 1587 755 1620; x_wconf 91' lang='lat' dir='ltr'>ad</span> 
     </span>
     <span class='ocr_line' id='line_1_32' title="bbox 89 1633 756 1678; baseline -0.001 -12"><span class='ocrx_word' id='word_1_153' title='bbox 89 1634 125 1667; x_wconf 90' lang='lat' dir='ltr'>id</span> <span class='ocrx_word' id='word_1_154' title='bbox 156 1634 347 1678; x_wconf 75' lang='lat' dir='ltr'>adstringit.</span> <span class='ocrx_word' id='word_1_155' title='bbox 405 1633 533 1667; x_wconf 87' lang='lat' dir='ltr'>Similis</span> <span class='ocrx_word' id='word_1_156' title='bbox 567 1634 662 1667; x_wconf 89' lang='lat' dir='ltr'>locus</span> <span class='ocrx_word' id='word_1_157' title='bbox 702 1636 756 1666; x_wconf 85' lang='lat' dir='ltr'>est</span> 
     </span>
     <span class='ocr_line' id='line_1_33' title="bbox 92 1676 756 1734; baseline -0.002 -22"><span class='ocrx_word' id='word_1_158' title='bbox 92 1679 177 1724; x_wconf 80' lang='lat' dir='ltr'>Leg.</span> <span class='ocrx_word' id='word_1_159' title='bbox 210 1679 252 1712; x_wconf 86' lang='lat' dir='ltr'>L.</span> <span class='ocrx_word' id='word_1_160' title='bbox 286 1680 315 1716; x_wconf 90' lang='grc' dir='ltr'><strong>Ι.</strong></span> <span class='ocrx_word' id='word_1_161' title='bbox 348 1691 381 1724; x_wconf 95' lang='lat' dir='ltr'><strong>p.</strong></span> <span class='ocrx_word' id='word_1_162' title='bbox 418 1681 496 1734; x_wconf 88' lang='grc'><strong>639.</strong></span> <span class='ocrx_word' id='word_1_163' title='bbox 532 1679 580 1712; x_wconf 89' lang='lat' dir='ltr'>C:</span> <span class='ocrx_word' id='word_1_164' title='bbox 613 1676 756 1712; x_wconf 77' lang='grc' dir='ltr'><strong><em>παντά-</em></strong></span> 
     </span>
     <span class='ocr_line' id='line_1_34' title="bbox 92 1722 756 1782; baseline -0.003 -24"><span class='ocrx_word' id='word_1_165' title='bbox 92 1725 184 1759; x_wconf 86' lang='grc' dir='ltr'><strong><em>πασί</em></strong></span> <span class='ocrx_word' id='word_1_166' title='bbox 217 1737 303 1759; x_wconf 84' lang='grc' dir='ltr'><strong><em>τινα</em></strong></span> <span class='ocrx_word' id='word_1_167' title='bbox 339 1723 507 1782; x_wconf 87' lang='grc' dir='ltr'><strong><em>πονηρὸν</em></strong></span> <span class='ocrx_word' id='word_1_168' title='bbox 544 1722 656 1768; x_wconf 63' lang='grc' dir='ltr'><strong><em>λέγεις</em></strong></span> <span class='ocrx_word' id='word_1_169' title='bbox 691 1723 756 1757; x_wconf 83' lang='grc' dir='ltr'>καὶ</span> 
     </span>
     <span class='ocr_line' id='line_1_35' title="bbox 92 1766 754 1826; baseline -0.003 -21"><span class='ocrx_word' id='word_1_170' title='bbox 92 1769 268 1815; x_wconf 78' lang='grc' dir='ltr'><strong><em>οὐδαμῶς</em></strong></span> <span class='ocrx_word' id='word_1_171' title='bbox 284 1768 433 1826; x_wconf 79' lang='grc' dir='ltr'><strong><em>ἀνδρων</em></strong></span> <span class='ocrx_word' id='word_1_172' title='bbox 452 1768 635 1814; x_wconf 72' lang='grc' dir='ltr'><strong><em>ἄρχοντα,</em></strong></span> <span class='ocrx_word' id='word_1_173' title='bbox 660 1766 754 1803; x_wconf 75' lang='grc' dir='ltr'><strong><em>ἄλλοί</em></strong></span> 
     </span>
     <span class='ocr_line' id='line_1_36' title="bbox 91 1815 754 1861; baseline -0.005 -10"><span class='ocrx_word' id='word_1_174' title='bbox 91 1829 204 1851; x_wconf 83' lang='grc' dir='ltr'><strong><em>τινων</em></strong></span> <span class='ocrx_word' id='word_1_175' title='bbox 242 1815 393 1861; x_wconf 80' lang='grc' dir='ltr'><strong><em>σφόδρα</em></strong></span> <span class='ocrx_word' id='word_1_176' title='bbox 424 1816 622 1861; x_wconf 74' lang='grc' dir='ltr'><strong><em>γυναικῶν.</em></strong></span> <span class='ocrx_word' id='word_1_177' title='bbox 654 1827 754 1861; x_wconf 87' lang='lat' dir='ltr'>quem</span> 
     </span>
     <span class='ocr_line' id='line_1_37' title="bbox 91 1862 753 1907; baseline -0.003 -10"><span class='ocrx_word' id='word_1_178' title='bbox 91 1863 212 1898; x_wconf 82' lang='lat' dir='ltr'>citavit</span> <span class='ocrx_word' id='word_1_179' title='bbox 241 1862 444 1906; x_wconf 84' lang='lat' dir='ltr'>Bernhardy</span> <span class='ocrx_word' id='word_1_180' title='bbox 475 1866 564 1906; x_wconf 85' lang='lat' dir='ltr'>synt.</span> <span class='ocrx_word' id='word_1_181' title='bbox 606 1874 640 1907; x_wconf 89' lang='lat' dir='ltr'><strong>p.</strong></span> <span class='ocrx_word' id='word_1_182' title='bbox 672 1863 753 1898; x_wconf 82' lang='lat'><strong>338.</strong></span> 
     </span>
     <span class='ocr_line' id='line_1_38' title="bbox 92 1907 753 1952; baseline -0.003 -10"><span class='ocrx_word' id='word_1_183' title='bbox 92 1909 257 1943; x_wconf 83' lang='lat' dir='ltr'>ceterum</span> <span class='ocrx_word' id='word_1_184' title='bbox 279 1907 493 1943; x_wconf 81' lang='lat' dir='ltr'>Stanbaumii</span> <span class='ocrx_word' id='word_1_185' title='bbox 516 1911 671 1942; x_wconf 84' lang='lat' dir='ltr'>conatum</span> <span class='ocrx_word' id='word_1_186' title='bbox 689 1918 753 1952; x_wconf 87' lang='lat' dir='ltr'>per</span> 
     </span>
     <span class='ocr_line' id='line_1_39' title="bbox 90 1954 753 1990; baseline -0.005 0"><span class='ocrx_word' id='word_1_187' title='bbox 90 1966 129 1990; x_wconf 83' lang='lat' dir='ltr'>se</span> <span class='ocrx_word' id='word_1_188' title='bbox 161 1956 271 1989; x_wconf 87' lang='lat' dir='ltr'>levem</span> <span class='ocrx_word' id='word_1_189' title='bbox 304 1959 340 1990; x_wconf 90' lang='lat' dir='ltr'>et</span> <span class='ocrx_word' id='word_1_190' title='bbox 382 1954 535 1988; x_wconf 87' lang='lat' dir='ltr'>codicum</span> <span class='ocrx_word' id='word_1_191' title='bbox 569 1964 753 1988; x_wconf 87' lang='lat' dir='ltr'>consensus</span> 
     </span>
     <span class='ocr_line' id='line_1_40' title="bbox 90 2000 751 2045; baseline -0.005 -9"><span class='ocrx_word' id='word_1_192' title='bbox 90 2001 220 2045; x_wconf 80' lang='lat' dir='ltr'>frangit</span> <span class='ocrx_word' id='word_1_193' title='bbox 263 2005 299 2035; x_wconf 91' lang='lat' dir='ltr'>et</span> <span class='ocrx_word' id='word_1_194' title='bbox 340 2000 518 2035; x_wconf 85' lang='lat' dir='ltr'>Ciceronis</span> <span class='ocrx_word' id='word_1_195' title='bbox 551 2000 751 2041; x_wconf 61' lang='lat' dir='ltr'>auctoritem,</span> 
     </span>
     <span class='ocr_line' id='line_1_41' title="bbox 89 2045 750 2093; baseline -0.002 -13"><span class='ocrx_word' id='word_1_196' title='bbox 89 2047 194 2093; x_wconf 89' lang='lat' dir='ltr'>quil.</span> <span class='ocrx_word' id='word_1_197' title='bbox 219 2059 250 2082; x_wconf 91' lang='lat' dir='ltr'><strong>c.</strong></span> <span class='ocrx_word' id='word_1_198' title='bbox 273 2058 347 2093; x_wconf 87' lang='lat' dir='ltr'><strong>cap.</strong></span> <span class='ocrx_word' id='word_1_199' title='bbox 366 2047 425 2082; x_wconf 87' lang='lat'>44.</span> <span class='ocrx_word' id='word_1_200' title='bbox 448 2045 642 2091; x_wconf 78' lang='lat' dir='ltr'>Scipionem</span> <span class='ocrx_word' id='word_1_201' title='bbox 665 2046 750 2079; x_wconf 90' lang='lat' dir='ltr'>haec</span> 
     </span>
     <span class='ocr_line' id='line_1_42' title="bbox 88 2091 753 2128; baseline -0.005 -1"><span class='ocrx_word' id='word_1_202' title='bbox 88 2094 138 2128; x_wconf 85' lang='lat' dir='ltr'>ita</span> <span class='ocrx_word' id='word_1_203' title='bbox 173 2094 229 2127; x_wconf 79' lang='lat' dir='ltr'>sui</span> <span class='ocrx_word' id='word_1_204' title='bbox 255 2094 420 2128; x_wconf 81' lang='lat' dir='ltr'>sermonis</span> <span class='ocrx_word' id='word_1_205' title='bbox 446 2104 539 2126; x_wconf 87' lang='lat' dir='ltr'>more</span> <span class='ocrx_word' id='word_1_206' title='bbox 572 2091 753 2126; x_wconf 85' lang='lat' dir='ltr'>enuntian-</span> 
     </span>
     <span class='ocr_line' id='line_1_43' title="bbox 89 2139 751 2180; baseline -0.003 -7"><span class='ocrx_word' id='word_1_207' title='bbox 89 2142 157 2173; x_wconf 85' lang='lat' dir='ltr'>tem</span> <span class='ocrx_word' id='word_1_208' title='bbox 183 2139 288 2173; x_wconf 80' lang='lat' dir='ltr'>facit:</span> <span class='ocrx_word' id='word_1_209' title='bbox 323 2151 364 2174; x_wconf 72' lang='lat' dir='ltr'>es:</span> <span class='ocrx_word' id='word_1_210' title='bbox 382 2140 447 2173; x_wconf 81' lang='lat' dir='ltr'>hac</span> <span class='ocrx_word' id='word_1_211' title='bbox 467 2139 576 2172; x_wconf 75' lang='lat' dir='ltr'>nimia</span> <span class='ocrx_word' id='word_1_212' title='bbox 596 2139 751 2180; x_wconf 75' lang='lat' dir='ltr'>licentia,</span> 
     </span>
     <span class='ocr_line' id='line_1_44' title="bbox 90 2185 752 2230; baseline -0.002 -11"><span class='ocrx_word' id='word_1_213' title='bbox 90 2196 195 2230; x_wconf 79' lang='lat' dir='ltr'>quam</span> <span class='ocrx_word' id='word_1_214' title='bbox 225 2185 280 2219; x_wconf 84' lang='lat' dir='ltr'>illi</span> <span class='ocrx_word' id='word_1_215' title='bbox 319 2186 430 2220; x_wconf 84' lang='lat' dir='ltr'>solam</span> <span class='ocrx_word' id='word_1_216' title='bbox 464 2185 660 2219; x_wconf 81' lang='lat' dir='ltr'>libertatem</span> <span class='ocrx_word' id='word_1_217' title='bbox 683 2196 752 2228; x_wconf 84' lang='lat' dir='ltr'>pu-</span> 
     </span>
     <span class='ocr_line' id='line_1_45' title="bbox 92 2231 752 2275; baseline -0.002 -10"><span class='ocrx_word' id='word_1_218' title='bbox 92 2236 191 2275; x_wconf 85' lang='lat' dir='ltr'>tant,</span> <span class='ocrx_word' id='word_1_219' title='bbox 223 2231 276 2265; x_wconf 82' lang='lat' dir='ltr'>ait</span> <span class='ocrx_word' id='word_1_220' title='bbox 301 2232 360 2266; x_wconf 82' lang='lat' dir='ltr'>ille</span> <span class='ocrx_word' id='word_1_221' title='bbox 391 2236 431 2266; x_wconf 82' lang='lat' dir='ltr'>ut</span> <span class='ocrx_word' id='word_1_222' title='bbox 461 2243 502 2265; x_wconf 70' lang='lat' dir='ltr'>ea·</span> <span class='ocrx_word' id='word_1_223' title='bbox 527 2232 634 2275; x_wconf 81' lang='lat' dir='ltr'>stirpe</span> <span class='ocrx_word' id='word_1_224' title='bbox 664 2243 752 2275; x_wconf 78' lang='lat' dir='ltr'><em>qua-</em></span> 
     </span>
     <span class='ocr_line' id='line_1_46' title="bbox 91 2277 752 2322; baseline -0.002 -10"><span class='ocrx_word' id='word_1_225' title='bbox 91 2278 175 2312; x_wconf 79' lang='lat' dir='ltr'>dam</span> <span class='ocrx_word' id='word_1_226' title='bbox 205 2277 366 2312; x_wconf 76' lang='lat' dir='ltr'>exsistere</span> <span class='ocrx_word' id='word_1_227' title='bbox 388 2282 422 2312; x_wconf 84' lang='lat' dir='ltr'>et</span> <span class='ocrx_word' id='word_1_228' title='bbox 450 2278 550 2322; x_wconf 78' lang='lat' dir='ltr'>quasi</span> <span class='ocrx_word' id='word_1_229' title='bbox 573 2278 671 2311; x_wconf 78' lang='lat' dir='ltr'>nasci</span> <span class='ocrx_word' id='word_1_230' title='bbox 697 2282 752 2321; x_wconf 81' lang='lat' dir='ltr'>ty-</span> 
     </span>
     <span class='ocr_line' id='line_1_47' title="bbox 90 2324 752 2367; baseline 0 -11"><span class='ocrx_word' id='word_1_231' title='bbox 90 2335 250 2357; x_wconf 81' lang='lat' dir='ltr'>mmmm.</span> <span class='ocrx_word' id='word_1_232' title='bbox 289 2335 371 2358; x_wconf 81' lang='lat' dir='ltr'>nam</span> <span class='ocrx_word' id='word_1_233' title='bbox 404 2329 443 2359; x_wconf 79' lang='lat' dir='ltr'>ut</span> <span class='ocrx_word' id='word_1_234' title='bbox 480 2335 521 2358; x_wconf 70' lang='lat' dir='ltr'>ez·</span> <span class='ocrx_word' id='word_1_235' title='bbox 555 2324 665 2357; x_wconf 81' lang='lat' dir='ltr'>nimia</span> <span class='ocrx_word' id='word_1_236' title='bbox 687 2334 752 2367; x_wconf 85' lang='lat' dir='ltr'>po-</span> 
     </span>
     <span class='ocr_line' id='line_1_48' title="bbox 91 2369 753 2415; baseline -0.002 -11"><span class='ocrx_word' id='word_1_237' title='bbox 91 2370 203 2404; x_wconf 73' lang='lat' dir='ltr'>tentia</span> <span class='ocrx_word' id='word_1_238' title='bbox 224 2369 418 2415; x_wconf 78' lang='lat' dir='ltr'>principum</span> <span class='ocrx_word' id='word_1_239' title='bbox 449 2370 560 2404; x_wconf 83' lang='lat' dir='ltr'>oritur</span> <span class='ocrx_word' id='word_1_240' title='bbox 594 2370 753 2404; x_wconf 81' lang='lat' dir='ltr'>interitus</span> 
     </span>
     <span class='ocr_line' id='line_1_49' title="bbox 86 2416 753 2461; baseline 0 -12"><span class='ocrx_word' id='word_1_241' title='bbox 86 2416 299 2461; x_wconf 78' lang='lat' dir='ltr'>principum,</span> <span class='ocrx_word' id='word_1_242' title='bbox 334 2417 382 2450; x_wconf 81' lang='lat' dir='ltr'>sic</span> <span class='ocrx_word' id='word_1_243' title='bbox 411 2416 500 2450; x_wconf 83' lang='lat' dir='ltr'>hunc</span> <span class='ocrx_word' id='word_1_244' title='bbox 531 2416 634 2451; x_wconf 72' lang='lat' dir='ltr'>‘nimis</span> <span class='ocrx_word' id='word_1_245' title='bbox 666 2416 753 2449; x_wconf 80' lang='lat' dir='ltr'>libe-</span> 
     </span>
     <span class='ocr_line' id='line_1_50' title="bbox 89 2462 752 2506; baseline 0 -10"><span class='ocrx_word' id='word_1_246' title='bbox 89 2473 167 2496; x_wconf 83' lang='lat' dir='ltr'>rum</span> <span class='ocrx_word' id='word_1_247' title='bbox 183 2463 349 2506; x_wconf 78' lang='lat' dir='ltr'>populum</span> <span class='ocrx_word' id='word_1_248' title='bbox 376 2463 518 2497; x_wconf 78' lang='lat' dir='ltr'>libertas</span> <span class='ocrx_word' id='word_1_249' title='bbox 537 2463 616 2505; x_wconf 86' lang='lat' dir='ltr'>ipsa</span> <span class='ocrx_word' id='word_1_250' title='bbox 644 2462 752 2496; x_wconf 75' lang='lat' dir='ltr'>servi-</span> 
     </span>
     <span class='ocr_line' id='line_1_51' title="bbox 90 2509 751 2551; baseline -0.002 -9"><span class='ocrx_word' id='word_1_251' title='bbox 90 2513 165 2542; x_wconf 81' lang='lat' dir='ltr'>tute</span> <span class='ocrx_word' id='word_1_252' title='bbox 208 2509 330 2551; x_wconf 83' lang='lat' dir='ltr'>afficit.</span> <span class='ocrx_word' id='word_1_253' title='bbox 378 2509 427 2542; x_wconf 81' lang='lat' dir='ltr'>sic</span> <span class='ocrx_word' id='word_1_254' title='bbox 469 2510 585 2543; x_wconf 73' lang='lat' dir='ltr'>omnia</span> <span class='ocrx_word' id='word_1_255' title='bbox 628 2509 751 2551; x_wconf 80' lang='lat' dir='ltr'>nimia,</span> 
     </span>
     <span class='ocr_line' id='line_1_52' title="bbox 90 2556 753 2599; baseline -0.002 -11"><span class='ocrx_word' id='word_1_256' title='bbox 90 2565 195 2598; x_wconf 80' lang='lat' dir='ltr'>quum</span> <span class='ocrx_word' id='word_1_257' title='bbox 227 2556 282 2588; x_wconf 82' lang='lat' dir='ltr'>vel</span> <span class='ocrx_word' id='word_1_258' title='bbox 321 2556 359 2589; x_wconf 84' lang='lat' dir='ltr'>in</span> <span class='ocrx_word' id='word_1_259' title='bbox 386 2559 590 2599; x_wconf 79' lang='lat' dir='ltr'>tempestate</span> <span class='ocrx_word' id='word_1_260' title='bbox 624 2556 679 2587; x_wconf 85' lang='lat' dir='ltr'>vel</span> <span class='ocrx_word' id='word_1_261' title='bbox 715 2556 753 2588; x_wconf 84' lang='lat' dir='ltr'>in</span> 
     </span>
     <span class='ocr_line' id='line_1_53' title="bbox 91 2601 752 2645; baseline 0 -11"><span class='ocrx_word' id='word_1_262' title='bbox 91 2601 192 2645; x_wconf 81' lang='lat' dir='ltr'>agris</span> <span class='ocrx_word' id='word_1_263' title='bbox 217 2602 272 2634; x_wconf 88' lang='lat' dir='ltr'>vel</span> <span class='ocrx_word' id='word_1_264' title='bbox 299 2601 337 2635; x_wconf 83' lang='lat' dir='ltr'>in</span> <span class='ocrx_word' id='word_1_265' title='bbox 372 2602 565 2645; x_wconf 82' lang='lat' dir='ltr'>corporibus</span> <span class='ocrx_word' id='word_1_266' title='bbox 604 2601 752 2635; x_wconf 80' lang='lat' dir='ltr'>laetiora</span> 
     </span>
     <span class='ocr_line' id='line_1_54' title="bbox 81 2647 748 2690; baseline 0 -10"><span class='ocrx_word' id='word_1_267' title='bbox 81 2649 251 2690; x_wconf 72' lang='lat' dir='ltr'>suerunt,</span> <span class='ocrx_word' id='word_1_268' title='bbox 289 2647 324 2680; x_wconf 79' lang='lat' dir='ltr'>in</span> <span class='ocrx_word' id='word_1_269' title='bbox 359 2648 534 2682; x_wconf 78' lang='lat' dir='ltr'>contraria</span> <span class='ocrx_word' id='word_1_270' title='bbox 558 2649 638 2690; x_wconf 85' lang='lat' dir='ltr'>fere</span> <span class='ocrx_word' id='word_1_271' title='bbox 669 2659 748 2680; x_wconf 78' lang='lat' dir='ltr'>con-</span> 
     </span>
     <span class='ocr_line' id='line_1_55' title="bbox 91 2694 749 2738; baseline 0.002 -13"><span class='ocrx_word' id='word_1_272' title='bbox 91 2697 288 2734; x_wconf 77' lang='lat' dir='ltr'>vertuntur,</span> <span class='ocrx_word' id='word_1_273' title='bbox 331 2694 545 2738; x_wconf 69' lang='lat' dir='ltr'>maximeque</span> <span class='ocrx_word' id='word_1_274' title='bbox 577 2694 612 2726; x_wconf 82' lang='lat' dir='ltr'>in</span> <span class='ocrx_word' id='word_1_275' title='bbox 647 2694 749 2727; x_wconf 83' lang='lat' dir='ltr'>rebus</span> 
     </span>
     <span class='ocr_line' id='line_1_56' title="bbox 88 2738 749 2783; baseline 0.002 -11"><span class='ocrx_word' id='word_1_276' title='bbox 88 2738 233 2782; x_wconf 79' lang='lat' dir='ltr'>publicis</span> <span class='ocrx_word' id='word_1_277' title='bbox 262 2739 397 2780; x_wconf 85' lang='lat' dir='ltr'>evenit,</span> <span class='ocrx_word' id='word_1_278' title='bbox 420 2740 594 2783; x_wconf 81' lang='lat' dir='ltr'>nimiaque</span> <span class='ocrx_word' id='word_1_279' title='bbox 622 2740 686 2772; x_wconf 84' lang='lat' dir='ltr'>illa</span> <span class='ocrx_word' id='word_1_280' title='bbox 707 2741 749 2773; x_wconf 78' lang='lat' dir='ltr'>li-</span> 
     </span>
     <span class='ocr_line' id='line_1_57' title="bbox 90 2786 751 2831; baseline 0.002 -12"><span class='ocrx_word' id='word_1_281' title='bbox 90 2786 204 2823; x_wconf 81' lang='lat' dir='ltr'>bertas</span> <span class='ocrx_word' id='word_1_282' title='bbox 238 2790 273 2819; x_wconf 84' lang='lat' dir='ltr'>et</span> <span class='ocrx_word' id='word_1_283' title='bbox 300 2786 438 2831; x_wconf 80' lang='lat' dir='ltr'>populis</span> <span class='ocrx_word' id='word_1_284' title='bbox 472 2790 506 2820; x_wconf 84' lang='lat' dir='ltr'>et</span> <span class='ocrx_word' id='word_1_285' title='bbox 531 2786 682 2830; x_wconf 80' lang='lat' dir='ltr'>privatis</span> <span class='ocrx_word' id='word_1_286' title='bbox 706 2786 751 2820; x_wconf 81' lang='lat' dir='ltr'>in</span> 
     </span>
     <span class='ocr_line' id='line_1_58' title="bbox 89 2831 750 2867; baseline 0 -1"><span class='ocrx_word' id='word_1_287' title='bbox 89 2831 274 2866; x_wconf 77' lang='lat' dir='ltr'>nimiam</span> <span class='ocrx_word' id='word_1_288' title='bbox 326 2831 600 2866; x_wconf 81' lang='lat' dir='ltr'>servitutem</span> <span class='ocrx_word' id='word_1_289' title='bbox 645 2832 750 2867; x_wconf 79' lang='lat' dir='ltr'><strong>cadit.</strong></span> 
     </span>
    </p>
   </div>
   <div class='ocr_carea' id='block_1_18' title="bbox 1347 745 1483 790">
    <p class='ocr_par' dir='ltr' id='par_1_18' title="bbox 1347 745 1483 790">
     <span class='ocr_line' id='line_1_59' title="bbox 1347 745 1483 790; baseline 0 0"><span class='ocrx_word' id='word_1_290' title='bbox 1347 745 1483 790; x_wconf 55' lang='lat' dir='ltr'><em>&amp;vav-</em></span> 
     </span>
    </p>
   </div>
   <div class='ocr_carea' id='block_1_19' title="bbox 813 895 1482 1028">
    <p class='ocr_par' dir='ltr' id='par_1_19' title="bbox 813 895 1482 1028">
     <span class='ocr_line' id='line_1_60' title="bbox 813 895 1482 945; baseline -0.01 -10"><span class='ocrx_word' id='word_1_291' title='bbox 813 902 931 945; x_wconf 78' lang='lat' dir='ltr'>itaque</span> <span class='ocrx_word' id='word_1_292' title='bbox 966 911 1007 934; x_wconf 71' lang='lat' dir='ltr'>ez·</span> <span class='ocrx_word' id='word_1_293' title='bbox 1034 899 1100 932; x_wconf 83' lang='lat' dir='ltr'>hac</span> <span class='ocrx_word' id='word_1_294' title='bbox 1135 897 1290 931; x_wconf 71' lang='lat' dir='ltr'>maxima</span> <span class='ocrx_word' id='word_1_295' title='bbox 1319 895 1482 929; x_wconf 81' lang='lat' dir='ltr'>libertate</span> 
     </span>
     <span class='ocr_line' id='line_1_61' title="bbox 815 942 1481 992; baseline -0.011 -11"><span class='ocrx_word' id='word_1_296' title='bbox 815 953 982 992; x_wconf 79' lang='lat' dir='ltr'>tyrannus</span> <span class='ocrx_word' id='word_1_297' title='bbox 1001 945 1166 991; x_wconf 82' lang='lat' dir='ltr'>gignitur</span> <span class='ocrx_word' id='word_1_298' title='bbox 1189 948 1223 977; x_wconf 88' lang='lat' dir='ltr'>et</span> <span class='ocrx_word' id='word_1_299' title='bbox 1240 943 1302 976; x_wconf 83' lang='lat' dir='ltr'>illa</span> <span class='ocrx_word' id='word_1_300' title='bbox 1325 942 1481 976; x_wconf 80' lang='lat' dir='ltr'>iniustis-</span> 
     </span>
     <span class='ocr_line' id='line_1_62' title="bbox 813 990 1341 1028; baseline -0.014 0"><span class='ocrx_word' id='word_1_301' title='bbox 813 995 902 1028; x_wconf 78' lang='lat' dir='ltr'>sima</span> <span class='ocrx_word' id='word_1_302' title='bbox 920 998 954 1026; x_wconf 84' lang='lat' dir='ltr'>et</span> <span class='ocrx_word' id='word_1_303' title='bbox 974 992 1160 1026; x_wconf 78' lang='lat' dir='ltr'>durissima</span> <span class='ocrx_word' id='word_1_304' title='bbox 1184 990 1341 1023; x_wconf 77' lang='lat' dir='ltr'>servitus.</span> 
     </span>
    </p>
   </div>
   <div class='ocr_carea' id='block_1_20' title="bbox 859 1044 1480 1095">
    <p class='ocr_par' dir='ltr' id='par_1_20' title="bbox 859 1044 1480 1095">
     <span class='ocr_line' id='line_1_63' title="bbox 859 1044 1480 1095; baseline -0.01 -11"><span class='ocrx_word' id='word_1_305' title='bbox 859 1047 1122 1095; x_wconf 75' lang='grc' dir='ltr'><strong><em>μεταβάλλειν]</em></strong></span> <span class='ocrx_word' id='word_1_306' title='bbox 1148 1044 1369 1093; x_wconf 78' lang='grc' dir='ltr'><strong><em>μεταβάλλει</em></strong></span> <span class='ocrx_word' id='word_1_307' title='bbox 1379 1045 1480 1080; x_wconf 86' lang='lat' dir='ltr'>Vind.</span> 
     </span>
    </p>
   </div>
   <div class='ocr_carea' id='block_1_21' title="bbox 814 1134 1481 1222">
    <p class='ocr_par' dir='ltr' id='par_1_21' title="bbox 814 1134 1481 1222">
     <span class='ocr_line' id='line_1_64' title="bbox 860 1134 1481 1194; baseline -0.01 -20"><span class='ocrx_word' id='word_1_308' title='bbox 860 1138 991 1194; x_wconf 73' lang='grc' dir='ltr'><strong><em>ἰδιώτῃ</em></strong></span> <span class='ocrx_word' id='word_1_309' title='bbox 1032 1152 1095 1173; x_wconf 82' lang='grc' dir='ltr'>και</span> <span class='ocrx_word' id='word_1_310' title='bbox 1139 1136 1269 1181; x_wconf 85' lang='grc' dir='ltr'><strong><em>πόλει]</em></strong></span> <span class='ocrx_word' id='word_1_311' title='bbox 1325 1134 1481 1180; x_wconf 75' lang='grc' dir='ltr'><strong><em>ἰδιώτην</em></strong></span> 
     </span>
     <span class='ocr_line' id='line_1_65' title="bbox 814 1185 1293 1222; baseline -0.011 0"><span class='ocrx_word' id='word_1_312' title='bbox 814 1200 876 1222; x_wconf 77' lang='grc' dir='ltr'>και</span> <span class='ocrx_word' id='word_1_313' title='bbox 896 1185 1006 1221; x_wconf 73' lang='grc' dir='ltr'><strong><em>πόλιν</em></strong></span> <span class='ocrx_word' id='word_1_314' title='bbox 1028 1187 1127 1220; x_wconf 89' lang='lat' dir='ltr'><strong>Stob.</strong></span> <span class='ocrx_word' id='word_1_315' title='bbox 1154 1185 1228 1220; x_wconf 88' lang='lat' dir='ltr'><strong>cod.</strong></span> <span class='ocrx_word' id='word_1_316' title='bbox 1252 1185 1293 1217; x_wconf 88' lang='lat' dir='ltr'>A.</span> 
     </span>
    </p>
   </div>
   <div class='ocr_carea' id='block_1_22' title="bbox 811 1238 1481 1473">
    <p class='ocr_par' dir='ltr' id='par_1_22' title="bbox 811 1238 1481 1473">
     <span class='ocr_line' id='line_1_66' title="bbox 861 1238 1481 1287; baseline -0.008 -9"><span class='ocrx_word' id='word_1_317' title='bbox 861 1241 976 1283; x_wconf 82' lang='grc' dir='ltr'><strong><em>Εἰκὸς</em></strong></span> <span class='ocrx_word' id='word_1_318' title='bbox 1012 1240 1096 1287; x_wconf 75' lang='grc' dir='ltr'>γάρ.</span> <span class='ocrx_word' id='word_1_319' title='bbox 1138 1238 1306 1280; x_wconf 81' lang='grc' dir='ltr'><strong><em>Εἰκότως</em></strong></span> <span class='ocrx_word' id='word_1_320' title='bbox 1340 1239 1481 1281; x_wconf 85' lang='grc' dir='ltr'><strong><em>τοίνυν,</em></strong></span> 
     </span>
     <span class='ocr_line' id='line_1_67' title="bbox 814 1287 1480 1334; baseline -0.009 -10"><span class='ocrx_word' id='word_1_321' title='bbox 814 1288 940 1334; x_wconf 78' lang='grc' dir='ltr'><strong><em>εἶπον]</em></strong></span> <span class='ocrx_word' id='word_1_322' title='bbox 970 1291 1087 1332; x_wconf 74' lang='lat' dir='ltr'>Quare</span> <span class='ocrx_word' id='word_1_323' title='bbox 1107 1301 1175 1321; x_wconf 82' lang='lat' dir='ltr'>non</span> <span class='ocrx_word' id='word_1_324' title='bbox 1195 1289 1238 1320; x_wconf 83' lang='lat' dir='ltr'>ab</span> <span class='ocrx_word' id='word_1_325' title='bbox 1263 1299 1302 1321; x_wconf 83' lang='lat' dir='ltr'>rc</span> <span class='ocrx_word' id='word_1_326' title='bbox 1324 1287 1480 1320; x_wconf 81' lang='lat' dir='ltr'>dicebam</span> 
     </span>
     <span class='ocr_line' id='line_1_68' title="bbox 812 1333 1481 1386; baseline -0.009 -16"><span class='ocrx_word' id='word_1_327' title='bbox 812 1338 889 1371; x_wconf 86' lang='lat' dir='ltr'><strong>Fic.</strong></span> <span class='ocrx_word' id='word_1_328' title='bbox 921 1335 1091 1369; x_wconf 75' lang='lat' dir='ltr'>Adimanti</span> <span class='ocrx_word' id='word_1_329' title='bbox 1124 1334 1205 1368; x_wconf 89' lang='lat' dir='ltr'>nihil</span> <span class='ocrx_word' id='word_1_330' title='bbox 1238 1333 1272 1366; x_wconf 89' lang='lat' dir='ltr'>in</span> <span class='ocrx_word' id='word_1_331' title='bbox 1297 1333 1348 1366; x_wconf 85' lang='lat' dir='ltr'>his</span> <span class='ocrx_word' id='word_1_332' title='bbox 1373 1344 1481 1386; x_wconf 84' lang='lat' dir='ltr'>agno-</span> 
     </span>
     <span class='ocr_line' id='line_1_69' title="bbox 811 1375 1479 1424; baseline -0.007 -8"><span class='ocrx_word' id='word_1_333' title='bbox 811 1394 921 1416; x_wconf 83' lang='lat' dir='ltr'>scenS.</span> <span class='ocrx_word' id='word_1_334' title='bbox 962 1383 1001 1416; x_wconf 86' lang='lat' dir='ltr'>ln</span> <span class='ocrx_word' id='word_1_335' title='bbox 1026 1381 1125 1416; x_wconf 78' lang='lat' dir='ltr'>Vind.</span> <span class='ocrx_word' id='word_1_336' title='bbox 1152 1382 1194 1415; x_wconf 93' lang='lat' dir='ltr'>B.</span> <span class='ocrx_word' id='word_1_337' title='bbox 1229 1378 1301 1424; x_wconf 66' lang='grc' dir='ltr'>ἔφη</span> <span class='ocrx_word' id='word_1_338' title='bbox 1325 1390 1387 1423; x_wconf 88' lang='lat' dir='ltr'>pro</span> <span class='ocrx_word' id='word_1_339' title='bbox 1407 1375 1479 1423; x_wconf 78' lang='grc' dir='ltr'>γάρ</span> 
     </span>
     <span class='ocr_line' id='line_1_70' title="bbox 811 1429 949 1473; baseline -0.008 -11"><span class='ocrx_word' id='word_1_340' title='bbox 811 1429 949 1473; x_wconf 81' lang='lat' dir='ltr'>legitur.</span> 
     </span>
    </p>
   </div>
   <div class='ocr_carea' id='block_1_23' title="bbox 858 1480 1386 1529">
    <p class='ocr_par' dir='ltr' id='par_1_23' title="bbox 858 1480 1386 1529">
     <span class='ocr_line' id='line_1_71' title="bbox 858 1480 1386 1529; baseline -0.008 -10"><span class='ocrx_word' id='word_1_341' title='bbox 858 1483 895 1528; x_wconf 77' lang='grc' dir='ltr'>ἐξ</span> <span class='ocrx_word' id='word_1_342' title='bbox 922 1480 1059 1529; x_wconf 69' lang='grc' dir='ltr'><strong><em>ἄλλης]</em></strong></span> <span class='ocrx_word' id='word_1_343' title='bbox 1087 1480 1182 1525; x_wconf 75' lang='grc' dir='ltr'><strong><em>εξοὶλ</em></strong></span> <span class='ocrx_word' id='word_1_344' title='bbox 1207 1482 1307 1516; x_wconf 86' lang='lat' dir='ltr'>Vind.</span> <span class='ocrx_word' id='word_1_345' title='bbox 1339 1482 1386 1516; x_wconf 88' lang='lat' dir='ltr'>F.</span> 
     </span>
    </p>
   </div>
   <div class='ocr_carea' id='block_1_24' title="bbox 805 1537 1478 2551">
    <p class='ocr_par' dir='ltr' id='par_1_24' title="bbox 810 1537 1478 1807">
     <span class='ocr_line' id='line_1_72' title="bbox 859 1537 1476 1591; baseline -0.008 -15"><span class='ocrx_word' id='word_1_346' title='bbox 859 1540 916 1586; x_wconf 75' lang='grc' dir='ltr'>ἐξ,</span> <span class='ocrx_word' id='word_1_347' title='bbox 930 1539 1067 1591; x_wconf 80' lang='grc' dir='ltr'><strong><em>οἶμαι]</em></strong></span> <span class='ocrx_word' id='word_1_348' title='bbox 1106 1537 1143 1581; x_wconf 77' lang='grc' dir='ltr'>ἐξ</span> <span class='ocrx_word' id='word_1_349' title='bbox 1171 1541 1275 1582; x_wconf 81' lang='grc' dir='ltr'><strong><em>οἴμαι</em></strong></span> <span class='ocrx_word' id='word_1_350' title='bbox 1301 1538 1401 1573; x_wconf 80' lang='lat' dir='ltr'>Vind.</span> <span class='ocrx_word' id='word_1_351' title='bbox 1434 1538 1476 1572; x_wconf 82' lang='lat' dir='ltr'><strong>F.</strong></span> 
     </span>
     <span class='ocr_line' id='line_1_73' title="bbox 810 1583 1475 1632; baseline -0.012 -7.938"><span class='ocrx_word' id='word_1_352' title='bbox 810 1588 880 1631; x_wconf 81' lang='grc' dir='ltr'>Ἐξ,</span> <span class='ocrx_word' id='word_1_353' title='bbox 906 1592 1009 1632; x_wconf 78' lang='grc' dir='ltr'><strong><em>οἶμαι</em></strong></span> <span class='ocrx_word' id='word_1_354' title='bbox 1030 1587 1106 1621; x_wconf 90' lang='lat' dir='ltr'><strong>Ald.</strong></span> <span class='ocrx_word' id='word_1_355' title='bbox 1124 1583 1181 1627; x_wconf 61' lang='lat' dir='ltr'>Eg</span> <span class='ocrx_word' id='word_1_356' title='bbox 1193 1583 1334 1629; x_wconf 81' lang='grc' dir='ltr'><strong><em>(οἶμαι)</em></strong></span> <span class='ocrx_word' id='word_1_357' title='bbox 1353 1584 1475 1628; x_wconf 85' lang='lat' dir='ltr'>Steph.</span> 
     </span>
     <span class='ocr_line' id='line_1_74' title="bbox 812 1634 1478 1676; baseline -0.011 -7"><span class='ocrx_word' id='word_1_358' title='bbox 812 1636 929 1670; x_wconf 79' lang='lat' dir='ltr'>Etiam</span> <span class='ocrx_word' id='word_1_359' title='bbox 964 1634 1177 1668; x_wconf 79' lang='lat' dir='ltr'>Basileenses</span> <span class='ocrx_word' id='word_1_360' title='bbox 1208 1636 1370 1676; x_wconf 85' lang='lat' dir='ltr'>punctum</span> <span class='ocrx_word' id='word_1_361' title='bbox 1399 1634 1478 1664; x_wconf 83' lang='lat' dir='ltr'>ante</span> 
     </span>
     <span class='ocr_line' id='line_1_75' title="bbox 812 1677 1478 1731; baseline -0.011 -16"><span class='ocrx_word' id='word_1_362' title='bbox 812 1682 896 1715; x_wconf 85' lang='lat' dir='ltr'>haee</span> <span class='ocrx_word' id='word_1_363' title='bbox 920 1682 1129 1731; x_wconf 82' lang='lat' dir='ltr'>posuerunt3</span> <span class='ocrx_word' id='word_1_364' title='bbox 1164 1678 1279 1711; x_wconf 86' lang='lat' dir='ltr'>Astius</span> <span class='ocrx_word' id='word_1_365' title='bbox 1305 1677 1401 1710; x_wconf 86' lang='lat' dir='ltr'>colon</span> <span class='ocrx_word' id='word_1_366' title='bbox 1425 1677 1478 1709; x_wconf 88' lang='lat' dir='ltr'>fe-</span> 
     </span>
     <span class='ocr_line' id='line_1_76' title="bbox 813 1722 1477 1770; baseline -0.008 -10"><span class='ocrx_word' id='word_1_367' title='bbox 813 1728 870 1762; x_wconf 85' lang='lat' dir='ltr'>cit.</span> <span class='ocrx_word' id='word_1_368' title='bbox 915 1727 955 1760; x_wconf 94' lang='lat' dir='ltr'>In</span> <span class='ocrx_word' id='word_1_369' title='bbox 989 1724 1203 1770; x_wconf 78' lang='lat' dir='ltr'>appositione</span> <span class='ocrx_word' id='word_1_370' title='bbox 1238 1734 1368 1757; x_wconf 84' lang='lat' dir='ltr'>comma</span> <span class='ocrx_word' id='word_1_371' title='bbox 1403 1722 1477 1756; x_wconf 81' lang='lat' dir='ltr'>suf-</span> 
     </span>
     <span class='ocr_line' id='line_1_77' title="bbox 810 1771 1082 1807; baseline -0.019 0"><span class='ocrx_word' id='word_1_372' title='bbox 810 1773 914 1807; x_wconf 90' lang='lat' dir='ltr'>ficere</span> <span class='ocrx_word' id='word_1_373' title='bbox 939 1771 1082 1805; x_wconf 83' lang='lat' dir='ltr'>videtur.</span> 
     </span>
    </p>

    <p class='ocr_par' dir='ltr' id='par_1_25' title="bbox 809 1811 1474 1990">
     <span class='ocr_line' id='line_1_78' title="bbox 809 1811 1474 1899; baseline -0.009 -46"><span class='ocrx_word' id='word_1_374' title='bbox 809 1865 843 1899; x_wconf 79' lang='grc' dir='ltr'>Τ</span> <span class='ocrx_word' id='word_1_375' title='bbox 858 1815 1086 1863; x_wconf 72' lang='grc' dir='ltr'><strong><em>ἀκροτάτης]</em></strong></span> <span class='ocrx_word' id='word_1_376' title='bbox 1107 1811 1366 1860; x_wconf 71' lang='grc' dir='ltr'><strong><em>ἄκρατοτοὶτης</em></strong></span> <span class='ocrx_word' id='word_1_377' title='bbox 1377 1814 1474 1848; x_wconf 90' lang='lat' dir='ltr'><strong>Flor.</strong></span> 
     </span>
     <span class='ocr_line' id='line_1_79' title="bbox 854 1904 1474 1952; baseline -0.005 -8"><span class='ocrx_word' id='word_1_378' title='bbox 854 1909 1003 1952; x_wconf 84' lang='grc' dir='ltr'><strong><em>πλείστη</em></strong></span> <span class='ocrx_word' id='word_1_379' title='bbox 1027 1908 1088 1952; x_wconf 84' lang='grc' dir='ltr'>τε]</span> <span class='ocrx_word' id='word_1_380' title='bbox 1115 1918 1154 1941; x_wconf 88' lang='grc' dir='ltr'>τε</span> <span class='ocrx_word' id='word_1_381' title='bbox 1178 1919 1244 1944; x_wconf 87' lang='lat' dir='ltr'>om.</span> <span class='ocrx_word' id='word_1_382' title='bbox 1275 1904 1375 1941; x_wconf 88' lang='lat' dir='ltr'>Vind.</span> <span class='ocrx_word' id='word_1_383' title='bbox 1399 1905 1474 1941; x_wconf 82' lang='lat' dir='ltr'>BE.</span> 
     </span>
     <span class='ocr_line' id='line_1_80' title="bbox 809 1953 1218 1990; baseline -0.01 0"><span class='ocrx_word' id='word_1_384' title='bbox 809 1957 888 1990; x_wconf 80' lang='lat' dir='ltr'><strong>vat.</strong></span> <span class='ocrx_word' id='word_1_385' title='bbox 912 1956 957 1990; x_wconf 91' lang='lat' dir='ltr'><strong>H.</strong></span> <span class='ocrx_word' id='word_1_386' title='bbox 994 1955 1086 1988; x_wconf 84' lang='lat' dir='ltr'>Flor.</span> <span class='ocrx_word' id='word_1_387' title='bbox 1111 1953 1218 1988; x_wconf 83' lang='lat' dir='ltr'><strong>ACV.</strong></span> 
     </span>
    </p>

    <p class='ocr_par' dir='ltr' id='par_1_26' title="bbox 806 1997 1459 2129">
     <span class='ocr_line' id='line_1_81' title="bbox 852 1997 1382 2058; baseline -0.008 -22.969"><span class='ocrx_word' id='word_1_388' title='bbox 852 1999 1007 2058; x_wconf 79' lang='grc' dir='ltr'><strong><em>Αληθῆ]</em></strong></span> <span class='ocrx_word' id='word_1_389' title='bbox 1044 1997 1089 2034; x_wconf 83' lang='grc' dir='ltr'><strong><em>αλ</em></strong></span> <span class='ocrx_word' id='word_1_390' title='bbox 1090 2000 1198 2044; x_wconf 77' lang='grc' dir='ltr'>ηθῶς</span> <span class='ocrx_word' id='word_1_391' title='bbox 1225 1999 1308 2034; x_wconf 86' lang='lat' dir='ltr'><strong>Par.</strong></span> <span class='ocrx_word' id='word_1_392' title='bbox 1336 1998 1382 2032; x_wconf 90' lang='lat' dir='ltr'><strong>K.</strong></span> 
     </span>
     <span class='ocr_line' id='line_1_82' title="bbox 806 2012 1471 2129; baseline -0.011 -46"><span class='ocrx_word' id='word_1_393' title='bbox 806 2046 973 2129; x_wconf 55' lang='grc' dir='ltr'>Ειέφηῦ]</span> <span class='ocrx_word' id='word_1_394' title='bbox 1007 2060 1073 2081; x_wconf 89' lang='lat' dir='ltr'>om.</span> <span class='ocrx_word' id='word_1_395' title='bbox 1090 2012 1186 2080; x_wconf 74' lang='grc' dir='ltr'><strong><em>η.Ριιι·</em></strong></span> <span class='ocrx_word' id='word_1_396' title='bbox 1211 2045 1289 2080; x_wconf 87' lang='lat' dir='ltr'>DK.</span> <span class='ocrx_word' id='word_1_397' title='bbox 1314 2044 1408 2078; x_wconf 90' lang='lat' dir='ltr'><strong>Mon.</strong></span> <span class='ocrx_word' id='word_1_398' title='bbox 1430 2042 1471 2078; x_wconf 91' lang='grc' dir='ltr'>Β.</span> 
     </span>
    </p>

    <p class='ocr_par' dir='ltr' id='par_1_27' title="bbox 853 2106 891 2128">
     <span class='ocr_line' id='line_1_83' title="bbox 853 2106 891 2128; baseline 0 0"><span class='ocrx_word' id='word_1_399' title='bbox 853 2106 891 2128; x_wconf 86' lang='lat' dir='ltr'>or</span> 
     </span>
    </p>

    <p class='ocr_par' dir='ltr' id='par_1_28' title="bbox 805 2134 1475 2551">
     <span class='ocr_line' id='line_1_84' title="bbox 854 2134 1296 2183; baseline -0.009 -9"><span class='ocrx_word' id='word_1_400' title='bbox 854 2135 1153 2183; x_wconf 70' lang='grc' dir='ltr'><strong><em>ἀνδρειότατον]</em></strong></span> <span class='ocrx_word' id='word_1_401' title='bbox 1212 2134 1296 2170; x_wconf 74' lang='grc' dir='ltr'><strong><em>ἀνδ.</em></strong></span> 
     </span>
     <span class='ocr_line' id='line_1_85' title="bbox 809 2181 1475 2226; baseline -0.008 -7"><span class='ocrx_word' id='word_1_402' title='bbox 809 2187 888 2221; x_wconf 83' lang='lat' dir='ltr'><strong>Vat.</strong></span> <span class='ocrx_word' id='word_1_403' title='bbox 911 2187 952 2220; x_wconf 94' lang='grc' dir='ltr'>Β.</span> <span class='ocrx_word' id='word_1_404' title='bbox 988 2184 1128 2218; x_wconf 85' lang='lat' dir='ltr'>Comma</span> <span class='ocrx_word' id='word_1_405' title='bbox 1159 2194 1181 2217; x_wconf 85' lang='lat' dir='ltr'>a</span> <span class='ocrx_word' id='word_1_406' title='bbox 1204 2182 1378 2226; x_wconf 86' lang='lat' dir='ltr'>Stephano</span> <span class='ocrx_word' id='word_1_407' title='bbox 1412 2181 1475 2215; x_wconf 89' lang='lat' dir='ltr'>ad-</span> 
     </span>
     <span class='ocr_line' id='line_1_86' title="bbox 807 2227 1474 2267; baseline -0.01 0"><span class='ocrx_word' id='word_1_408' title='bbox 807 2233 914 2267; x_wconf 87' lang='lat' dir='ltr'>ditum</span> <span class='ocrx_word' id='word_1_409' title='bbox 939 2243 1013 2266; x_wconf 88' lang='lat' dir='ltr'>cum</span> <span class='ocrx_word' id='word_1_410' title='bbox 1037 2229 1134 2263; x_wconf 86' lang='lat' dir='ltr'>Astio</span> <span class='ocrx_word' id='word_1_411' title='bbox 1158 2229 1193 2262; x_wconf 88' lang='lat' dir='ltr'>in</span> <span class='ocrx_word' id='word_1_412' title='bbox 1216 2240 1286 2262; x_wconf 89' lang='lat' dir='ltr'>sec.</span> <span class='ocrx_word' id='word_1_413' title='bbox 1311 2231 1346 2261; x_wconf 86' lang='lat' dir='ltr'>et</span> <span class='ocrx_word' id='word_1_414' title='bbox 1367 2227 1474 2261; x_wconf 82' lang='lat' dir='ltr'>Stall-</span> 
     </span>
     <span class='ocr_line' id='line_1_87' title="bbox 805 2274 1474 2316; baseline -0.012 -2"><span class='ocrx_word' id='word_1_415' title='bbox 805 2279 941 2313; x_wconf 87' lang='lat' dir='ltr'>baumio</span> <span class='ocrx_word' id='word_1_416' title='bbox 966 2277 1085 2311; x_wconf 89' lang='lat' dir='ltr'>insec.</span> <span class='ocrx_word' id='word_1_417' title='bbox 1111 2275 1238 2316; x_wconf 87' lang='lat' dir='ltr'>delevi,</span> <span class='ocrx_word' id='word_1_418' title='bbox 1256 2285 1298 2308; x_wconf 88' lang='lat' dir='ltr'>ne</span> <span class='ocrx_word' id='word_1_419' title='bbox 1310 2274 1474 2307; x_wconf 85' lang='lat' dir='ltr'>Socrates</span> 
     </span>
     <span class='ocr_line' id='line_1_88' title="bbox 807 2320 1472 2365; baseline -0.011 -6"><span class='ocrx_word' id='word_1_420' title='bbox 807 2325 936 2359; x_wconf 83' lang='lat' dir='ltr'>alteros</span> <span class='ocrx_word' id='word_1_421' title='bbox 980 2335 1024 2357; x_wconf 88' lang='lat' dir='ltr'>ex</span> <span class='ocrx_word' id='word_1_422' title='bbox 1065 2321 1122 2355; x_wconf 88' lang='lat' dir='ltr'>illo</span> <span class='ocrx_word' id='word_1_423' title='bbox 1163 2331 1290 2365; x_wconf 82' lang='lat' dir='ltr'>genere</span> <span class='ocrx_word' id='word_1_424' title='bbox 1328 2320 1472 2364; x_wconf 87' lang='lat' dir='ltr'>primum</span> 
     </span>
     <span class='ocr_line' id='line_1_89' title="bbox 807 2365 1472 2418; baseline -0.011 -13"><span class='ocrx_word' id='word_1_425' title='bbox 807 2370 1024 2411; x_wconf 77' lang='lat' dir='ltr'>fortissimos,</span> <span class='ocrx_word' id='word_1_426' title='bbox 1048 2371 1119 2401; x_wconf 86' lang='lat' dir='ltr'>tum</span> <span class='ocrx_word' id='word_1_427' title='bbox 1138 2366 1242 2400; x_wconf 88' lang='lat' dir='ltr'>duces</span> <span class='ocrx_word' id='word_1_428' title='bbox 1265 2365 1472 2418; x_wconf 89' lang='lat' dir='ltr'>reliquorum</span> 
     </span>
     <span class='ocr_line' id='line_1_90' title="bbox 808 2410 1473 2463; baseline -0.011 -12"><span class='ocrx_word' id='word_1_429' title='bbox 808 2417 942 2463; x_wconf 85' lang='lat' dir='ltr'>potius,</span> <span class='ocrx_word' id='word_1_430' title='bbox 985 2425 1086 2460; x_wconf 85' lang='lat' dir='ltr'>quam</span> <span class='ocrx_word' id='word_1_431' title='bbox 1120 2416 1231 2446; x_wconf 74' lang='lat' dir='ltr'>totrun</span> <span class='ocrx_word' id='word_1_432' title='bbox 1275 2423 1383 2456; x_wconf 82' lang='lat' dir='ltr'>genus</span> <span class='ocrx_word' id='word_1_433' title='bbox 1420 2410 1473 2445; x_wconf 77' lang='lat' dir='ltr'>ita</span> 
     </span>
     <span class='ocr_line' id='line_1_91' title="bbox 807 2457 1472 2513; baseline -0.011 -16"><span class='ocrx_word' id='word_1_434' title='bbox 807 2465 1059 2513; x_wconf 76' lang='lat' dir='ltr'>comparatum,</span> <span class='ocrx_word' id='word_1_435' title='bbox 1099 2463 1139 2493; x_wconf 86' lang='lat' dir='ltr'>ut</span> <span class='ocrx_word' id='word_1_436' title='bbox 1168 2457 1347 2493; x_wconf 79' lang='lat' dir='ltr'>fortissimi</span> <span class='ocrx_word' id='word_1_437' title='bbox 1369 2468 1472 2511; x_wconf 89' lang='lat' dir='ltr'>prae-</span> 
     </span>
     <span class='ocr_line' id='line_1_92' title="bbox 807 2503 1472 2551; baseline -0.011 -8"><span class='ocrx_word' id='word_1_438' title='bbox 807 2515 906 2549; x_wconf 86' lang='lat' dir='ltr'>eant,</span> <span class='ocrx_word' id='word_1_439' title='bbox 949 2506 1070 2551; x_wconf 81' lang='lat' dir='ltr'>reliqui</span> <span class='ocrx_word' id='word_1_440' title='bbox 1104 2507 1313 2551; x_wconf 80' lang='lat' dir='ltr'>sequantur,</span> <span class='ocrx_word' id='word_1_441' title='bbox 1344 2503 1472 2540; x_wconf 83' lang='lat' dir='ltr'>dixisse</span> 
     </span>
    </p>
   </div>
   <div class='ocr_carea' id='block_1_25' title="bbox 806 2555 1470 2644">
    <p class='ocr_par' dir='ltr' id='par_1_29' title="bbox 806 2555 1470 2644">
     <span class='ocr_line' id='line_1_93' title="bbox 806 2555 971 2589; baseline -0.013 -1"><span class='ocrx_word' id='word_1_442' title='bbox 806 2555 971 2589; x_wconf 84' lang='lat' dir='ltr'>videatur.</span> 
     </span>
     <span class='ocr_line' id='line_1_94' title="bbox 851 2593 1470 2644; baseline -0.01 -11"><span class='ocrx_word' id='word_1_443' title='bbox 851 2597 1082 2644; x_wconf 76' lang='grc' dir='ltr'><strong><em>ἡγούμενον]</em></strong></span> <span class='ocrx_word' id='word_1_444' title='bbox 1116 2600 1196 2641; x_wconf 89' lang='lat' dir='ltr'>post</span> <span class='ocrx_word' id='word_1_445' title='bbox 1225 2593 1352 2630; x_wconf 82' lang='grc' dir='ltr'><strong><em>αυτῶν</em></strong></span> <span class='ocrx_word' id='word_1_446' title='bbox 1382 2594 1470 2628; x_wconf 91' lang='lat' dir='ltr'><strong>Lob.</strong></span> 
     </span>
    </p>
   </div>
   <div class='ocr_carea' id='block_1_26' title="bbox 806 2640 1469 2680">
    <p class='ocr_par' dir='ltr' id='par_1_30' title="bbox 806 2640 1469 2680">
     <span class='ocr_line' id='line_1_95' title="bbox 806 2640 1469 2680; baseline -0.011 0"><span class='ocrx_word' id='word_1_447' title='bbox 806 2647 900 2680; x_wconf 83' lang='lat' dir='ltr'><strong>Mon.</strong></span> <span class='ocrx_word' id='word_1_448' title='bbox 925 2647 964 2680; x_wconf 86' lang='lat' dir='ltr'>B.</span> <span class='ocrx_word' id='word_1_449' title='bbox 989 2645 1069 2678; x_wconf 81' lang='lat' dir='ltr'><strong>vat.</strong></span> <span class='ocrx_word' id='word_1_450' title='bbox 1093 2643 1172 2677; x_wconf 92' lang='grc' dir='ltr'>ΒΜ.</span> <span class='ocrx_word' id='word_1_451' title='bbox 1201 2644 1286 2679; x_wconf 86' lang='lat' dir='ltr'>Ven.</span> <span class='ocrx_word' id='word_1_452' title='bbox 1315 2641 1357 2676; x_wconf 89' lang='lat' dir='ltr'>C.</span> <span class='ocrx_word' id='word_1_453' title='bbox 1388 2640 1469 2674; x_wconf 88' lang='lat' dir='ltr'><strong>Par.</strong></span> 
     </span>
    </p>
   </div>
   <div class='ocr_carea' id='block_1_27' title="bbox 807 2693 1467 2779">
    <p class='ocr_par' dir='ltr' id='par_1_31' title="bbox 807 2693 1467 2779">
     <span class='ocr_line' id='line_1_96' title="bbox 807 2693 1467 2779; baseline -0.011 -8"><span class='ocrx_word' id='word_1_454' title='bbox 807 2693 1153 2779; x_wconf 52' lang='grc' dir='ltr'>ΒΙΣινανὸρόιέρον]</span> <span class='ocrx_word' id='word_1_455' title='bbox 1209 2733 1265 2768; x_wconf 80' lang='lat' dir='ltr'>Ita</span> <span class='ocrx_word' id='word_1_456' title='bbox 1311 2721 1391 2766; x_wconf 73' lang='lat' dir='ltr'><strong>Par.</strong></span> <span class='ocrx_word' id='word_1_457' title='bbox 1427 2731 1467 2765; x_wconf 83' lang='lat' dir='ltr'><strong>A.</strong></span> 
     </span>
    </p>
   </div>
   <div class='ocr_carea' id='block_1_28' title="bbox 807 2778 1470 2873">
    <p class='ocr_par' dir='ltr' id='par_1_32' title="bbox 807 2778 1470 2873">
     <span class='ocr_line' id='line_1_97' title="bbox 807 2778 1468 2818; baseline -0.011 0"><span class='ocrx_word' id='word_1_458' title='bbox 807 2786 894 2818; x_wconf 83' lang='lat' dir='ltr'><strong>Lob.</strong></span> <span class='ocrx_word' id='word_1_459' title='bbox 920 2782 1018 2816; x_wconf 84' lang='lat' dir='ltr'>Vind.</span> <span class='ocrx_word' id='word_1_460' title='bbox 1042 2780 1149 2815; x_wconf 74' lang='lat' dir='ltr'><strong>BEF.</strong></span> <span class='ocrx_word' id='word_1_461' title='bbox 1174 2780 1254 2816; x_wconf 77' lang='lat' dir='ltr'><strong>Vat.</strong></span> <span class='ocrx_word' id='word_1_462' title='bbox 1278 2778 1353 2812; x_wconf 90' lang='lat' dir='ltr'>BH.</span> <span class='ocrx_word' id='word_1_463' title='bbox 1381 2778 1468 2812; x_wconf 87' lang='lat' dir='ltr'>Ven.</span> 
     </span>
     <span class='ocr_line' id='line_1_98' title="bbox 808 2823 1470 2873; baseline -0.008 -9"><span class='ocrx_word' id='word_1_464' title='bbox 808 2831 880 2865; x_wconf 87' lang='lat' dir='ltr'>Bc.</span> <span class='ocrx_word' id='word_1_465' title='bbox 916 2829 1001 2873; x_wconf 77' lang='lat' dir='ltr'><strong>Ang.</strong></span> <span class='ocrx_word' id='word_1_466' title='bbox 1031 2828 1075 2863; x_wconf 84' lang='lat' dir='ltr'>B.</span> <span class='ocrx_word' id='word_1_467' title='bbox 1126 2826 1222 2862; x_wconf 88' lang='lat' dir='ltr'>Flor.</span> <span class='ocrx_word' id='word_1_468' title='bbox 1262 2823 1470 2859; x_wconf 80' lang='lat' dir='ltr'><strong>ACRTUV.</strong></span> 
     </span>
    </p>
   </div>
   <div class='ocr_carea' id='block_1_29' title="bbox 1354 2146 1475 2169">
    <p class='ocr_par' dir='ltr' id='par_1_33' title="bbox 1354 2146 1475 2169">
     <span class='ocr_line' id='line_1_99' title="bbox 1354 2146 1475 2169; baseline 0 0"><span class='ocrx_word' id='word_1_469' title='bbox 1354 2146 1475 2169; x_wconf 74' lang='lat' dir='ltr'>avtov</span> 
     </span>
    </p>
   </div>
  </div>
 </body>
</html>
