<?xml version="1.0" encoding="UTF-8"?>
<!DOCTYPE html PUBLIC "-//W3C//DTD XHTML 1.0 Transitional//EN"
    "http://www.w3.org/TR/xhtml1/DTD/xhtml1-transitional.dtd">
<html xmlns="http://www.w3.org/1999/xhtml" xml:lang="en" lang="en">
 <head>
  <title>
</title>
<meta http-equiv="Content-Type" content="text/html;charset=utf-8" />
  <meta name='ocr-system' content='tesseract 3.04.00' />
  <meta name='ocr-capabilities' content='ocr_page ocr_carea ocr_par ocr_line ocrx_word'/>
</head>
<body>
  <div class='ocr_page' id='page_1' title='image "./operagraecerecen01platuoft_0118.png"; bbox 0 0 1764 3176; ppageno 0'>
   <div class='ocr_carea' id='block_1_1' title="bbox 294 113 1361 303">
    <p class='ocr_par' dir='ltr' id='par_1_1' title="bbox 294 113 1361 303">
     <span class='ocr_line' id='line_1_1' title="bbox 294 113 1256 181; baseline 0.007 -28"><span class='ocrx_word' id='word_1_1' title='bbox 294 128 347 153; x_wconf 84' lang='lat' dir='ltr'><em>cx</em></span> <span class='ocrx_word' id='word_1_2' title='bbox 728 113 1256 181; x_wconf 64' lang='lat' dir='ltr'><strong>PRAEFATIO</strong></span> 
     </span>
     <span class='ocr_line' id='line_1_2' title="bbox 608 231 1361 303; baseline 0.011 -33"><span class='ocrx_word' id='word_1_3' title='bbox 608 231 981 275; x_wconf 82' lang='lat' dir='ltr'><strong>FIGURA</strong></span> <span class='ocrx_word' id='word_1_4' title='bbox 1048 235 1361 303; x_wconf 58' lang='grc' dir='ltr'><em>ΓΟΧῙῙ.ι</em></span> 
     </span>
    </p>
   </div>
   <div class='ocr_carea' id='block_1_2' title="bbox 346 333 1643 627">
    <p class='ocr_par' dir='ltr' id='par_1_2' title="bbox 346 333 1643 627">
     <span class='ocr_line' id='line_1_3' title="bbox 557 333 1388 627; baseline -0.005 1"><span class='ocrx_word' id='word_1_5' title='bbox 557 469 657 626; x_wconf 67' lang='lat' dir='ltr'><em>A}</em></span> <span class='ocrx_word' id='word_1_6' title='bbox 698 419 711 625; x_wconf 61' lang='lat' dir='ltr'><em>J]</em></span> <span class='ocrx_word' id='word_1_7' title='bbox 743 333 1388 627; x_wconf 48' lang='lat' dir='ltr'>Q</span> 
     </span>
     <span class='ocr_line' id='line_1_4' title="bbox 346 581 1643 625; baseline -0.002 -8"><span class='ocrx_word' id='word_1_8' title='bbox 346 583 507 617; x_wconf 76' lang='lat' dir='ltr'>Rationis</span> <span class='ocrx_word' id='word_1_9' title='bbox 876 589 1078 624; x_wconf 82' lang='lat' dir='ltr'>Iracundiae</span> <span class='ocrx_word' id='word_1_10' title='bbox 1439 581 1643 625; x_wconf 77' lang='lat' dir='ltr'><em>Cupiditatis</em></span> 
     </span>
    </p>
   </div>
   <div class='ocr_carea' id='block_1_3' title="bbox 354 664 1639 817">
    <p class='ocr_par' dir='ltr' id='par_1_3' title="bbox 354 664 1639 817">
     <span class='ocr_line' id='line_1_5' title="bbox 354 664 1639 817; baseline -0.005 1"><span class='ocrx_word' id='word_1_11' title='bbox 354 664 1639 817; x_wconf 36' lang='grc' dir='ltr'><em>ΚΝΑ</em></span> 
     </span>
    </p>
   </div>
   <div class='ocr_carea' id='block_1_4' title="bbox 343 810 1672 920">
    <p class='ocr_par' dir='ltr' id='par_1_4' title="bbox 343 810 1672 920">
     <span class='ocr_line' id='line_1_6' title="bbox 344 810 1672 874; baseline 0 -14"><span class='ocrx_word' id='word_1_12' title='bbox 344 810 504 867; x_wconf 63' lang='lat' dir='ltr'><em>Regufim</em></span> <span class='ocrx_word' id='word_1_13' title='bbox 526 843 581 851; x_wconf 88' lang='lat'><strong>—</strong></span> <span class='ocrx_word' id='word_1_14' title='bbox 600 824 825 861; x_wconf 79' lang='lat' dir='ltr'><em>Aristocratia</em></span> <span class='ocrx_word' id='word_1_15' title='bbox 839 844 887 851; x_wconf 95' lang='lat'><strong>—</strong></span> <span class='ocrx_word' id='word_1_16' title='bbox 899 828 1097 873; x_wconf 76' lang='lat' dir='ltr'><em>Oligarchia</em></span> <span class='ocrx_word' id='word_1_17' title='bbox 1117 847 1172 854; x_wconf 89' lang='lat'>—</span> <span class='ocrx_word' id='word_1_18' title='bbox 1191 829 1411 863; x_wconf 82' lang='lat' dir='ltr'><em>Democratia</em></span> <span class='ocrx_word' id='word_1_19' title='bbox 1430 847 1479 853; x_wconf 89' lang='lat'>—</span> <span class='ocrx_word' id='word_1_20' title='bbox 1498 827 1672 874; x_wconf 80' lang='lat' dir='ltr'><em>Tyrannis</em></span> 
     </span>
     <span class='ocr_line' id='line_1_7' title="bbox 343 882 1671 920; baseline 0.001 -5"><span class='ocrx_word' id='word_1_21' title='bbox 343 882 365 915; x_wconf 85' lang='lat'><strong>9</strong></span> <span class='ocrx_word' id='word_1_22' title='bbox 651 885 695 917; x_wconf 72' lang='lat'><em>27</em></span> <span class='ocrx_word' id='word_1_23' title='bbox 982 887 1022 919; x_wconf 83' lang='lat'><em>81</em></span> <span class='ocrx_word' id='word_1_24' title='bbox 1049 902 1080 905; x_wconf 35' lang='grc' dir='ltr'><em>ὰ</em></span> <span class='ocrx_word' id='word_1_25' title='bbox 1082 902 1261 905; x_wconf 40' lang='lat'><em>******</em></span> <span class='ocrx_word' id='word_1_26' title='bbox 1281 883 1350 920; x_wconf 72' lang='grc'><em>243</em></span> <span class='ocrx_word' id='word_1_27' title='bbox 1603 883 1671 917; x_wconf 74' lang='lat'><em>729</em></span> 
     </span>
    </p>
   </div>
   <div class='ocr_carea' id='block_1_5' title="bbox 396 895 612 900">
    <p class='ocr_par' dir='ltr' id='par_1_5' title="bbox 396 895 612 900">
     <span class='ocr_line' id='line_1_8' title="bbox 396 895 612 900; baseline 0 0"><span class='ocrx_word' id='word_1_28' title='bbox 396 895 612 900; x_wconf 95' lang='lat' dir='ltr'><em> </em></span> 
     </span>
    </p>
   </div>
   <div class='ocr_carea' id='block_1_6' title="bbox 733 897 950 901">
    <p class='ocr_par' dir='ltr' id='par_1_6' title="bbox 733 897 950 901">
     <span class='ocr_line' id='line_1_9' title="bbox 733 897 950 901; baseline 0 0"><span class='ocrx_word' id='word_1_29' title='bbox 733 897 950 901; x_wconf 95' lang='lat' dir='ltr'><em> </em></span> 
     </span>
    </p>
   </div>
   <div class='ocr_carea' id='block_1_7' title="bbox 1367 899 1583 903">
    <p class='ocr_par' dir='ltr' id='par_1_7' title="bbox 1367 899 1583 903">
     <span class='ocr_line' id='line_1_10' title="bbox 1367 899 1583 903; baseline 0 0"><span class='ocrx_word' id='word_1_30' title='bbox 1367 899 1583 903; x_wconf 95' lang='lat' dir='ltr'><em> </em></span> 
     </span>
    </p>
   </div>
   <div class='ocr_carea' id='block_1_8' title="bbox 279 1389 1674 2795">
    <p class='ocr_par' dir='ltr' id='par_1_8' title="bbox 279 1389 1674 2795">
     <span class='ocr_line' id='line_1_11' title="bbox 287 1389 1669 1444; baseline -0.003 -11"><span class='ocrx_word' id='word_1_31' title='bbox 287 1392 410 1443; x_wconf 67' lang='lat' dir='ltr'><em>„Hic</em></span> <span class='ocrx_word' id='word_1_32' title='bbox 448 1391 754 1432; x_wconf 83' lang='lat' dir='ltr'><em>animadvertes</em></span> <span class='ocrx_word' id='word_1_33' title='bbox 786 1391 954 1444; x_wconf 83' lang='lat' dir='ltr'><em>plenam</em></span> <span class='ocrx_word' id='word_1_34' title='bbox 986 1389 1101 1428; x_wconf 84' lang='lat' dir='ltr'><em>illam</em></span> <span class='ocrx_word' id='word_1_35' title='bbox 1123 1389 1337 1441; x_wconf 82' lang='lat' dir='ltr'><em>figuram,</em></span> <span class='ocrx_word' id='word_1_36' title='bbox 1379 1393 1420 1429; x_wconf 89' lang='lat' dir='ltr'><em>et</em></span> <span class='ocrx_word' id='word_1_37' title='bbox 1453 1389 1669 1443; x_wconf 81' lang='lat' dir='ltr'><em>oblongam</em></span> 
     </span>
     <span class='ocr_line' id='line_1_12' title="bbox 286 1476 1674 1534; baseline -0.003 -12"><span class='ocrx_word' id='word_1_38' title='bbox 286 1485 313 1523; x_wconf 82' lang='grc' dir='ltr'><em>ὰ</em></span> <span class='ocrx_word' id='word_1_39' title='bbox 333 1483 509 1522; x_wconf 85' lang='lat' dir='ltr'><em>Platone</em></span> <span class='ocrx_word' id='word_1_40' title='bbox 526 1482 590 1521; x_wconf 76' lang='lat' dir='ltr'><em>hic</em></span> <span class='ocrx_word' id='word_1_41' title='bbox 611 1482 910 1534; x_wconf 83' lang='lat' dir='ltr'><em>significatam,</em></span> <span class='ocrx_word' id='word_1_42' title='bbox 940 1481 985 1519; x_wconf 87' lang='lat' dir='ltr'><em>in</em></span> <span class='ocrx_word' id='word_1_43' title='bbox 1012 1491 1092 1532; x_wconf 86' lang='lat' dir='ltr'><em>qua</em></span> <span class='ocrx_word' id='word_1_44' title='bbox 1124 1476 1274 1517; x_wconf 80' lang='lat' dir='ltr'><em>ordine</em></span> <span class='ocrx_word' id='word_1_45' title='bbox 1296 1481 1505 1531; x_wconf 82' lang='lat' dir='ltr'><em>propositi</em></span> <span class='ocrx_word' id='word_1_46' title='bbox 1528 1479 1674 1519; x_wconf 83' lang='lat' dir='ltr'><em>Cubici</em></span> 
     </span>
     <span class='ocr_line' id='line_1_13' title="bbox 284 1567 1667 1623; baseline -0.004 -10"><span class='ocrx_word' id='word_1_47' title='bbox 284 1575 451 1613; x_wconf 86' lang='lat' dir='ltr'><em>numeri</em></span> <span class='ocrx_word' id='word_1_48' title='bbox 470 1572 693 1623; x_wconf 85' lang='lat' dir='ltr'><em>unicuique</em></span> <span class='ocrx_word' id='word_1_49' title='bbox 714 1570 834 1623; x_wconf 82' lang='lat' dir='ltr'><em>Reip.</em></span> <span class='ocrx_word' id='word_1_50' title='bbox 844 1571 1018 1622; x_wconf 85' lang='lat' dir='ltr'><em>formae</em></span> <span class='ocrx_word' id='word_1_51' title='bbox 1032 1567 1330 1620; x_wconf 78' lang='lat' dir='ltr'><em>respondentes</em></span> <span class='ocrx_word' id='word_1_52' title='bbox 1347 1568 1667 1615; x_wconf 87' lang='lat' dir='ltr'><em>describantur;</em></span> 
     </span>
     <span class='ocr_line' id='line_1_14' title="bbox 285 1658 1666 1712; baseline -0.004 -9"><span class='ocrx_word' id='word_1_53' title='bbox 285 1668 373 1703; x_wconf 85' lang='lat' dir='ltr'><em>tum</em></span> <span class='ocrx_word' id='word_1_54' title='bbox 395 1661 565 1702; x_wconf 88' lang='lat' dir='ltr'><em>eaedem</em></span> <span class='ocrx_word' id='word_1_55' title='bbox 586 1674 725 1701; x_wconf 88' lang='lat' dir='ltr'><em>omnes</em></span> <span class='ocrx_word' id='word_1_56' title='bbox 733 1661 905 1712; x_wconf 82' lang='lat' dir='ltr'><em>formae</em></span> <span class='ocrx_word' id='word_1_57' title='bbox 923 1659 1100 1710; x_wconf 84' lang='lat' dir='ltr'><em>singulis</em></span> <span class='ocrx_word' id='word_1_58' title='bbox 1115 1659 1248 1697; x_wconf 86' lang='lat' dir='ltr'><em>animi</em></span> <span class='ocrx_word' id='word_1_59' title='bbox 1263 1658 1573 1712; x_wconf 76' lang='lat' dir='ltr'><em>cupiditatibus,</em></span> <span class='ocrx_word' id='word_1_60' title='bbox 1591 1671 1666 1698; x_wconf 86' lang='lat' dir='ltr'><em>seu</em></span> 
     </span>
     <span class='ocr_line' id='line_1_15' title="bbox 284 1747 1666 1806; baseline -0.003 -14"><span class='ocrx_word' id='word_1_61' title='bbox 284 1752 565 1806; x_wconf 83' lang='lat' dir='ltr'><em>voluptatibus</em></span> <span class='ocrx_word' id='word_1_62' title='bbox 582 1749 877 1803; x_wconf 73' lang='lat' dir='ltr'><em>respondeant,</em></span> <span class='ocrx_word' id='word_1_63' title='bbox 900 1754 944 1786; x_wconf 87' lang='lat' dir='ltr'><em>ut</em></span> <span class='ocrx_word' id='word_1_64' title='bbox 959 1748 1159 1800; x_wconf 77' lang='lat' dir='ltr'><em>quantum</em></span> <span class='ocrx_word' id='word_1_65' title='bbox 1179 1747 1412 1798; x_wconf 67' lang='lat' dir='ltr'><em>allatione,</em></span> <span class='ocrx_word' id='word_1_66' title='bbox 1432 1748 1477 1787; x_wconf 88' lang='lat' dir='ltr'><em>id</em></span> <span class='ocrx_word' id='word_1_67' title='bbox 1498 1753 1563 1788; x_wconf 85' lang='lat' dir='ltr'><em>est</em></span> <span class='ocrx_word' id='word_1_68' title='bbox 1580 1748 1666 1788; x_wconf 81' lang='lat' dir='ltr'><em>Re-</em></span> 
     </span>
     <span class='ocr_line' id='line_1_16' title="bbox 285 1836 1665 1896; baseline -0.004 -14"><span class='ocrx_word' id='word_1_69' title='bbox 285 1855 368 1896; x_wconf 88' lang='lat' dir='ltr'><em>gno</em></span> <span class='ocrx_word' id='word_1_70' title='bbox 393 1847 586 1881; x_wconf 82' lang='lat' dir='ltr'><em>caeterae</em></span> <span class='ocrx_word' id='word_1_71' title='bbox 609 1840 763 1879; x_wconf 86' lang='lat' dir='ltr'><em>distent</em></span> <span class='ocrx_word' id='word_1_72' title='bbox 781 1838 1056 1890; x_wconf 80' lang='lat' dir='ltr'><em>intelligatur.</em></span> <span class='ocrx_word' id='word_1_73' title='bbox 1098 1836 1266 1877; x_wconf 84' lang='lat' dir='ltr'><em>Deinde</em></span> <span class='ocrx_word' id='word_1_74' title='bbox 1282 1850 1358 1890; x_wconf 90' lang='lat' dir='ltr'><em>per</em></span> <span class='ocrx_word' id='word_1_75' title='bbox 1370 1838 1595 1877; x_wconf 86' lang='lat' dir='ltr'><em>intervalla</em></span> <span class='ocrx_word' id='word_1_76' title='bbox 1607 1837 1665 1877; x_wconf 90' lang='lat' dir='ltr'><em>lo-</em></span> 
     </span>
     <span class='ocr_line' id='line_1_17' title="bbox 288 1926 1664 1982; baseline -0.005 -10"><span class='ocrx_word' id='word_1_77' title='bbox 288 1944 430 1972; x_wconf 84' lang='lat' dir='ltr'><em>corum</em></span> <span class='ocrx_word' id='word_1_78' title='bbox 453 1931 580 1970; x_wconf 86' lang='lat' dir='ltr'><em>tertio</em></span> <span class='ocrx_word' id='word_1_79' title='bbox 603 1942 762 1982; x_wconf 86' lang='lat' dir='ltr'><em>quoque</em></span> <span class='ocrx_word' id='word_1_80' title='bbox 781 1928 916 1981; x_wconf 83' lang='lat' dir='ltr'><em>spatio</em></span> <span class='ocrx_word' id='word_1_81' title='bbox 932 1926 1170 1966; x_wconf 84' lang='lat' dir='ltr'><em>dissitorum</em></span> <span class='ocrx_word' id='word_1_82' title='bbox 1189 1929 1349 1981; x_wconf 84' lang='lat' dir='ltr'><em>species</em></span> <span class='ocrx_word' id='word_1_83' title='bbox 1360 1927 1476 1980; x_wconf 79' lang='lat' dir='ltr'><em>Eeip.</em></span> <span class='ocrx_word' id='word_1_84' title='bbox 1492 1927 1664 1966; x_wconf 82' lang='lat' dir='ltr'><em>colloca-</em></span> 
     </span>
     <span class='ocr_line' id='line_1_18' title="bbox 286 2016 1664 2071; baseline -0.004 -10"><span class='ocrx_word' id='word_1_85' title='bbox 286 2028 375 2069; x_wconf 76' lang='lat' dir='ltr'><em>tae,</em></span> <span class='ocrx_word' id='word_1_86' title='bbox 416 2027 463 2060; x_wconf 85' lang='lat' dir='ltr'><em>ut</em></span> <span class='ocrx_word' id='word_1_87' title='bbox 486 2020 611 2060; x_wconf 84' lang='lat' dir='ltr'><em>Plato</em></span> <span class='ocrx_word' id='word_1_88' title='bbox 635 2019 741 2066; x_wconf 82' lang='lat' dir='ltr'><em>vult,</em></span> <span class='ocrx_word' id='word_1_89' title='bbox 780 2017 919 2071; x_wconf 83' lang='lat' dir='ltr'><em>Tripla</em></span> <span class='ocrx_word' id='word_1_90' title='bbox 943 2028 1035 2056; x_wconf 85' lang='lat' dir='ltr'><em>sese</em></span> <span class='ocrx_word' id='word_1_91' title='bbox 1061 2016 1327 2069; x_wconf 81' lang='lat' dir='ltr'><em>proportione</em></span> <span class='ocrx_word' id='word_1_92' title='bbox 1348 2023 1570 2071; x_wconf 86' lang='lat' dir='ltr'><em>superant,</em></span> <span class='ocrx_word' id='word_1_93' title='bbox 1601 2018 1664 2056; x_wconf 85' lang='lat' dir='ltr'><em>ita</em></span> 
     </span>
     <span class='ocr_line' id='line_1_19' title="bbox 284 2105 1665 2164; baseline -0.005 -13"><span class='ocrx_word' id='word_1_94' title='bbox 284 2116 330 2151; x_wconf 81' lang='lat' dir='ltr'><em>ut</em></span> <span class='ocrx_word' id='word_1_95' title='bbox 353 2111 544 2164; x_wconf 82' lang='lat' dir='ltr'><em>Regnum</em></span> <span class='ocrx_word' id='word_1_96' title='bbox 567 2111 592 2149; x_wconf 86' lang='grc' dir='ltr'><em>ὰ</em></span> <span class='ocrx_word' id='word_1_97' title='bbox 613 2107 853 2161; x_wconf 70' lang='lat' dir='ltr'><em>Tyrannide</em></span> <span class='ocrx_word' id='word_1_98' title='bbox 876 2106 1114 2160; x_wconf 87' lang='lat' dir='ltr'><em>longissimo</em></span> <span class='ocrx_word' id='word_1_99' title='bbox 1133 2105 1345 2146; x_wconf 82' lang='lat' dir='ltr'><em>intervallo</em></span> <span class='ocrx_word' id='word_1_100' title='bbox 1366 2105 1506 2156; x_wconf 87' lang='lat' dir='ltr'><em>distet,</em></span> <span class='ocrx_word' id='word_1_101' title='bbox 1534 2105 1581 2146; x_wconf 83' lang='lat' dir='ltr'><em>id</em></span> <span class='ocrx_word' id='word_1_102' title='bbox 1602 2111 1665 2146; x_wconf 86' lang='lat' dir='ltr'><em>est</em></span> 
     </span>
     <span class='ocr_line' id='line_1_20' title="bbox 281 2185 1663 2253; baseline -0.005 -10"><span class='ocrx_word' id='word_1_103' title='bbox 281 2203 386 2250; x_wconf 72' lang='lat'><strong>729,</strong></span> <span class='ocrx_word' id='word_1_104' title='bbox 419 2200 490 2253; x_wconf 87' lang='lat' dir='ltr'><em>qui</em></span> <span class='ocrx_word' id='word_1_105' title='bbox 507 2211 706 2239; x_wconf 88' lang='lat' dir='ltr'><em>numerus</em></span> <span class='ocrx_word' id='word_1_106' title='bbox 735 2197 897 2250; x_wconf 83' lang='lat' dir='ltr'><em>Triplus</em></span> <span class='ocrx_word' id='word_1_107' title='bbox 915 2198 971 2236; x_wconf 85' lang='lat' dir='ltr'><em>sit</em></span> <span class='ocrx_word' id='word_1_108' title='bbox 999 2185 1254 2248; x_wconf 81' lang='lat' dir='ltr'><em>reliquorum</em></span> <span class='ocrx_word' id='word_1_109' title='bbox 1281 2209 1549 2236; x_wconf 88' lang='lat' dir='ltr'><em>numerorum</em></span> <span class='ocrx_word' id='word_1_110' title='bbox 1571 2195 1663 2236; x_wconf 76' lang='lat' dir='ltr'><em>Tri·</em></span> 
     </span>
     <span class='ocr_line' id='line_1_21' title="bbox 280 2285 1662 2343; baseline -0.004 -14"><span class='ocrx_word' id='word_1_111' title='bbox 280 2290 352 2343; x_wconf 86' lang='lat' dir='ltr'><em>pla</em></span> <span class='ocrx_word' id='word_1_112' title='bbox 384 2303 429 2329; x_wconf 86' lang='lat' dir='ltr'><em>se</em></span> <span class='ocrx_word' id='word_1_113' title='bbox 451 2289 719 2343; x_wconf 80' lang='lat' dir='ltr'><em>proportione</em></span> <span class='ocrx_word' id='word_1_114' title='bbox 748 2287 1045 2341; x_wconf 77' lang='lat' dir='ltr'><em>superantium.</em></span> <span class='ocrx_word' id='word_1_115' title='bbox 1104 2287 1241 2338; x_wconf 83' lang='lat' dir='ltr'><em>Atqui</em></span> <span class='ocrx_word' id='word_1_116' title='bbox 1274 2285 1351 2325; x_wconf 78' lang='lat' dir='ltr'><em>hoc</em></span> <span class='ocrx_word' id='word_1_117' title='bbox 1379 2285 1503 2326; x_wconf 85' lang='lat' dir='ltr'><em>modo</em></span> <span class='ocrx_word' id='word_1_118' title='bbox 1528 2286 1662 2325; x_wconf 83' lang='lat' dir='ltr'><em>locum</em></span> 
     </span>
     <span class='ocr_line' id='line_1_22' title="bbox 282 2375 1660 2432; baseline -0.002 -14"><span class='ocrx_word' id='word_1_119' title='bbox 282 2379 391 2418; x_wconf 77' lang='lat' dir='ltr'><em>hunc</em></span> <span class='ocrx_word' id='word_1_120' title='bbox 411 2380 616 2432; x_wconf 69' lang='lat' dir='ltr'><em>explicari</em></span> <span class='ocrx_word' id='word_1_121' title='bbox 630 2392 756 2432; x_wconf 86' lang='lat' dir='ltr'><em>posse</em></span> <span class='ocrx_word' id='word_1_122' title='bbox 783 2378 977 2425; x_wconf 84' lang='lat' dir='ltr'><em>arbitror,</em></span> <span class='ocrx_word' id='word_1_123' title='bbox 1008 2381 1049 2417; x_wconf 90' lang='lat' dir='ltr'><em>et</em></span> <span class='ocrx_word' id='word_1_124' title='bbox 1070 2377 1183 2416; x_wconf 83' lang='lat' dir='ltr'><em>illum</em></span> <span class='ocrx_word' id='word_1_125' title='bbox 1202 2377 1303 2416; x_wconf 86' lang='lat' dir='ltr'><em>item</em></span> <span class='ocrx_word' id='word_1_126' title='bbox 1323 2378 1345 2415; x_wconf 77' lang='grc' dir='ltr'><em>ἑ</em></span> <span class='ocrx_word' id='word_1_127' title='bbox 1371 2375 1479 2416; x_wconf 82' lang='lat' dir='ltr'><em>libro</em></span> <span class='ocrx_word' id='word_1_128' title='bbox 1502 2380 1660 2424; x_wconf 84' lang='lat' dir='ltr'><em>octavo,</em></span> 
     </span>
     <span class='ocr_line' id='line_1_23' title="bbox 283 2463 1660 2522; baseline -0.004 -14"><span class='ocrx_word' id='word_1_129' title='bbox 283 2481 456 2521; x_wconf 85' lang='lat' dir='ltr'><em>quorum</em></span> <span class='ocrx_word' id='word_1_130' title='bbox 481 2474 690 2522; x_wconf 86' lang='lat' dir='ltr'><em>utrunque</em></span> <span class='ocrx_word' id='word_1_131' title='bbox 725 2481 802 2508; x_wconf 84' lang='lat' dir='ltr'><em>nec</em></span> <span class='ocrx_word' id='word_1_132' title='bbox 820 2466 1019 2516; x_wconf 64' lang='lat' dir='ltr'><em>moinus,</em></span> <span class='ocrx_word' id='word_1_133' title='bbox 1048 2479 1125 2506; x_wconf 85' lang='lat' dir='ltr'><em>nec</em></span> <span class='ocrx_word' id='word_1_134' title='bbox 1147 2467 1257 2506; x_wconf 87' lang='lat' dir='ltr'><em>alius</em></span> <span class='ocrx_word' id='word_1_135' title='bbox 1284 2467 1502 2518; x_wconf 85' lang='lat' dir='ltr'><em>quisquam</em></span> <span class='ocrx_word' id='word_1_136' title='bbox 1518 2463 1660 2504; x_wconf 84' lang='lat' dir='ltr'><em>Plato-</em></span> 
     </span>
     <span class='ocr_line' id='line_1_24' title="bbox 279 2555 1659 2611; baseline -0.003 -14"><span class='ocrx_word' id='word_1_137' title='bbox 279 2558 470 2598; x_wconf 87' lang='lat' dir='ltr'><em>nicorum</em></span> <span class='ocrx_word' id='word_1_138' title='bbox 499 2559 704 2611; x_wconf 71' lang='lat' dir='ltr'><em>explicuit.</em></span> <span class='ocrx_word' id='word_1_139' title='bbox 774 2556 878 2608; x_wconf 81' lang='lat' dir='ltr'><em>[Hic</em></span> <span class='ocrx_word' id='word_1_140' title='bbox 899 2559 1010 2596; x_wconf 73' lang='lat' dir='ltr'><em>certe</em></span> <span class='ocrx_word' id='word_1_141' title='bbox 1037 2556 1282 2596; x_wconf 81' lang='lat' dir='ltr'><em>conveniens</em></span> <span class='ocrx_word' id='word_1_142' title='bbox 1313 2556 1412 2595; x_wconf 85' lang='lat' dir='ltr'><em>vitis</em></span> <span class='ocrx_word' id='word_1_143' title='bbox 1450 2555 1659 2594; x_wconf 79' lang='lat' dir='ltr'><em>hominum</em></span> 
     </span>
     <span class='ocr_line' id='line_1_25' title="bbox 279 2646 1658 2700; baseline -0.003 -13"><span class='ocrx_word' id='word_1_144' title='bbox 279 2648 499 2700; x_wconf 86' lang='lat' dir='ltr'><em>numerus]</em></span> <span class='ocrx_word' id='word_1_145' title='bbox 531 2661 605 2687; x_wconf 84' lang='lat' dir='ltr'><em>cur</em></span> <span class='ocrx_word' id='word_1_146' title='bbox 621 2648 667 2687; x_wconf 81' lang='lat' dir='ltr'><em>hi</em></span> <span class='ocrx_word' id='word_1_147' title='bbox 683 2649 848 2687; x_wconf 84' lang='lat' dir='ltr'><em>numeri</em></span> <span class='ocrx_word' id='word_1_148' title='bbox 863 2648 943 2686; x_wconf 88' lang='lat' dir='ltr'><em>iam</em></span> <span class='ocrx_word' id='word_1_149' title='bbox 964 2647 1171 2700; x_wconf 83' lang='lat' dir='ltr'><em>propositi</em></span> <span class='ocrx_word' id='word_1_150' title='bbox 1183 2646 1387 2685; x_wconf 78' lang='lat' dir='ltr'><em>humanae</em></span> <span class='ocrx_word' id='word_1_151' title='bbox 1407 2646 1532 2692; x_wconf 85' lang='lat' dir='ltr'><em>vitae,</em></span> <span class='ocrx_word' id='word_1_152' title='bbox 1552 2657 1658 2697; x_wconf 84' lang='lat' dir='ltr'><em>quae</em></span> 
     </span>
     <span class='ocr_line' id='line_1_26' title="bbox 281 2732 1659 2795; baseline -0.005 -17"><span class='ocrx_word' id='word_1_153' title='bbox 281 2739 478 2795; x_wconf 78' lang='lat' dir='ltr'><em>temporis</em></span> <span class='ocrx_word' id='word_1_154' title='bbox 494 2738 674 2778; x_wconf 84' lang='lat' dir='ltr'><em>decursu</em></span> <span class='ocrx_word' id='word_1_155' title='bbox 691 2738 955 2791; x_wconf 80' lang='lat' dir='ltr'><em>transigitur,</em></span> <span class='ocrx_word' id='word_1_156' title='bbox 985 2738 1254 2790; x_wconf 85' lang='lat' dir='ltr'><em>assignantur</em></span> <span class='ocrx_word' id='word_1_157' title='bbox 1269 2737 1290 2775; x_wconf 76' lang='lat'><em>:2</em></span> <span class='ocrx_word' id='word_1_158' title='bbox 1321 2749 1377 2775; x_wconf 85' lang='lat' dir='ltr'><em>an</em></span> <span class='ocrx_word' id='word_1_159' title='bbox 1398 2736 1496 2788; x_wconf 84' lang='lat' dir='ltr'><em>quia</em></span> <span class='ocrx_word' id='word_1_160' title='bbox 1520 2732 1659 2772; x_wconf 86' lang='lat' dir='ltr'><em>Cubici</em></span> 
     </span>
    </p>
   </div>
   <div class='ocr_carea' id='block_1_9' title="bbox 281 2822 1662 2879">
    <p class='ocr_par' dir='ltr' id='par_1_9' title="bbox 281 2822 1662 2879">
     <span class='ocr_line' id='line_1_27' title="bbox 281 2822 1662 2879; baseline -0.005 -11"><span class='ocrx_word' id='word_1_161' title='bbox 281 2834 401 2879; x_wconf 83' lang='lat' dir='ltr'><em>sunt,</em></span> <span class='ocrx_word' id='word_1_162' title='bbox 432 2834 474 2869; x_wconf 87' lang='lat' dir='ltr'><em>et</em></span> <span class='ocrx_word' id='word_1_163' title='bbox 505 2828 657 2869; x_wconf 86' lang='lat' dir='ltr'><em>Cubica</em></span> <span class='ocrx_word' id='word_1_164' title='bbox 679 2828 893 2869; x_wconf 87' lang='lat' dir='ltr'><em>soliditate</em></span> <span class='ocrx_word' id='word_1_165' title='bbox 916 2826 1095 2868; x_wconf 83' lang='lat' dir='ltr'><em>mundus</em></span> <span class='ocrx_word' id='word_1_166' title='bbox 1125 2831 1305 2878; x_wconf 86' lang='lat' dir='ltr'><em>constat,</em></span> <span class='ocrx_word' id='word_1_167' title='bbox 1339 2831 1385 2865; x_wconf 86' lang='lat' dir='ltr'><em>ut</em></span> <span class='ocrx_word' id='word_1_168' title='bbox 1415 2826 1460 2864; x_wconf 85' lang='lat' dir='ltr'><em>in</em></span> <span class='ocrx_word' id='word_1_169' title='bbox 1490 2822 1662 2874; x_wconf 10' lang='lat' dir='ltr'><em>Timaeo?</em></span> 
     </span>
    </p>
   </div>
  </div>
 </body>
</html>
