1764 3176
494 158 831 200 CIVITAS
875 158 996 200 LIB.
1020 158 1155 200 VIIII.
1179 163 1246 198 582

169 270 341 315 εἰδέναι.

1465 159 1546 200 151

388 267 492 312 ”Ovs
529 269 582 326 δὴ
614 264 720 321 οὗν,
742 266 905 322 .εἶπον,
947 267 1328 325 ἀμφισβητοῦνται
1365 267 1547 312 ἑκάστου

166 341 246 382 τοῦ
270 339 422 388 ,εἴδους
451 338 498 379 αἱ
525 336 684 392 ἡδοναὶ
711 337 782 380 καὶ
815 335 948 388 αὐτὸς
981 335 1003 380 ὁ
1033 338 1148 392 βίος,
1179 335 1237 393 μή
1269 337 1338 381 ὅτι
1366 335 1477 392 πρὸς
1500 336 1547 380 τὸ

166 405 346 450 κάλλιον
387 404 461 448 καὶ
499 406 669 461 αἴσχιον
708 408 786 462 ζῇν
822 405 929 461 μηδὲ
967 403 1016 447 τὸ
1060 410 1206 460 χεῖρον
1243 405 1316 448 καὶ
1355 405 1548 461 ἄμεινον,

165 471 273 517 ἀλλὰ
301 472 412 527 πρός
447 470 555 517 αὐτὸ
594 473 643 517 τό
685 472 814 528 ἥδιον
848 473 922 516 καὶ
960 471 1251 527 ἀλυπότερον,
1282 476 1375 523 πῶς
1406 471 1460 516 ἂν
1491 474 1544 516 εἰ·
1570 481 1639 516 582

165 542 334 596 δεῖμεν,
375 541 439 592 τίς
479 539 628 584 αὐτῶν
662 537 936 596 ἀληθέστατα
975 540 1114 595 λέγεις
1167 539 1231 585 Οὐ
1271 540 1416 592 πάνυ,
1450 540 1549 595 ἔφη,

164 608 298 665 ἔγωγε
328 608 408 664 ἔχω
437 609 585 652 εἰπεῖν.
629 606 744 651 Ἀλλ’
777 601 862 652 ὧδε
891 607 1056 652 σκόπει.
1096 610 1182 652 τίνι
1209 609 1289 665 χρὴ
1321 611 1547 665 κρίνεσθαι

159 756 428 802 interpolaverat
450 758 643 799 Grynaeus,
684 756 826 790 Ficinus

163 804 248 837 haec
274 803 326 837 ita
357 803 547 837 convertit:
583 803 827 846 Philosophum

162 861 294 894 quoque
315 860 485 893 ponamus
508 854 641 883 ceteras
664 850 826 893 volupta—

162 901 214 930 tes
226 896 329 939 flocci
348 896 568 940 pendentem,
595 897 677 929 dum
699 907 758 929 cas
778 897 827 929 azl

161 943 358 976 continuum
371 943 629 986 disciplinarum
641 942 826 986 gaudium,

162 1000 228 1033 quo
252 989 324 1032 ipse
340 989 481 1031 fruitur
497 989 746 1032 investiganda
767 1001 827 1021 vo-

162 1035 291 1076 ritate,
333 1040 533 1078 comparat.-
581 1040 827 1079 vacantemque

163 1081 254 1114 alias
271 1082 493 1121 necessarias,
519 1082 602 1124 qnia
625 1082 705 1114 illas
729 1092 826 1114 secu-

160 1131 262 1160 turus
287 1138 356 1160 non
378 1128 441 1168 sit,
474 1128 542 1160 nisi
571 1132 678 1172 cogat
711 1138 827 1160 neces-

159 1173 260 1207 citas.

204 1212 276 1262 ἧν]
307 1212 335 1262 ἦ
357 1218 443 1252 Lob.
469 1218 549 1253 vat.
574 1217 623 1252 Μ.
671 1217 756 1251 Post
779 1209 827 1261 ἦν

159 1264 269 1317 vulgo
286 1275 400 1298 omnes
423 1266 585 1309 punctum
613 1259 686 1297 sine
718 1266 828 1296 inter-

158 1309 336 1354 rogatione
365 1321 494 1354 ponere
529 1320 639 1362 supra
666 1309 824 1344 ostendi.

159 1360 268 1390 restat
278 1358 316 1388 ut
335 1355 477 1389 aliorum
493 1354 681 1389 sententias
698 1355 741 1388 de
759 1355 825 1389 hoc

157 1401 233 1435 loco
260 1400 496 1446 discrepantes
528 1413 548 1435 a
579 1404 699 1435 nostra
730 1413 822 1434 com—

157 1458 351 1482 memorem.
405 1446 501 1480 Inter
531 1458 617 1492 quos
648 1446 825 1480 Stallbau-

157 1493 244 1528 mius
276 1504 409 1527 sensum
448 1493 630 1527 verborum
666 1493 822 1535 eundem,

109 1556 112 1560 <
157 1539 217 1585 qui
247 1539 344 1572 nobis
373 1539 508 1584 placet,
540 1539 682 1580 statuit,
714 1540 823 1573 verba

157 1586 236 1630 ipsa
257 1590 420 1640 corrupta
442 1588 543 1629 putat
566 1590 602 1618 et
623 1582 823 1639 ποιώμεθα

158 1631 195 1665 in
226 1627 276 1686 μή
312 1628 504 1674 οἰώμεθα,
530 1627 576 1664 οὕ
608 1635 688 1664 ante
718 1628 822 1664 πάνυ

157 1677 194 1711 in
206 1672 321 1716 ου’σας
330 1677 524 1710 mutandum
543 1681 671 1710 censet.
704 1677 822 1711 Etiam

157 1723 491 1756 Schleiermacherus
524 1720 723 1777 ποιώμεθα
759 1734 821 1778 pro

156 1765 209 1822 μή
223 1766 399 1826 οἰώμεθα
419 1769 550 1809 habuit,
571 1770 631 1802 sed
657 1765 701 1802 οὐ
720 1767 821 1802 πάνυ

157 1811 289 1858 πόῤῥω
321 1814 389 1858 τῆς
412 1810 556 1858 ἡδονῆς
580 1811 675 1848 εἶναι
699 1814 748 1848 sic
772 1815 820 1848 in-

156 1860 301 1902 tellexit,
325 1864 363 1893 ut
386 1872 452 1893 non
472 1860 724 1904 intelligendum
743 1872 820 1894 esse

156 1905 378 1940 Heindorfius
401 1906 423 1940 1.
437 1917 466 1940 e.
491 1906 711 1940 monstravit.
742 1907 819 1941 Und

155 1953 220 1986 der
247 1952 594 1994 Weisheitliebende,
626 1954 732 1986 sollcn
754 1953 818 1986 wir

154 2004 246 2034 elwa
264 1999 359 2032 nicht
378 1999 582 2039 armehmen,
608 1999 670 2032 der
686 1999 817 2041 glaube

154 2056 222 2078 von
254 2045 322 2078 den
345 2045 480 2078 andern
503 2046 612 2079 Arten
641 2046 703 2078 dor
735 2046 817 2079 Lust

154 2092 201 2125 im
225 2091 409 2136 Vergleich
428 2091 491 2125 mit
510 2091 582 2132 der,
604 2092 659 2125 die
686 2092 817 2125 lVahr-

155 2136 228 2171 heit
256 2149 299 2170 zu
318 2138 458 2184 ιυίεεετι,
482 2137 546 2170 wie
567 2138 616 2170 sie
644 2138 716 2170 sich
737 2149 816 2171 ver—

154 2183 242 2224 halt,
263 2183 335 2216 und
361 2183 483 2217 immer
507 2184 649 2217 lernend
676 2185 739 2218 mit
765 2189 816 2217 ot-

155 2240 229 2263 was
258 2229 320 2262 der
341 2231 406 2263 Art
428 2242 472 2262 zu
498 2230 710 2266 verkelzren.
736 2231 817 2263 dass

154 2275 205 2308 sie
227 2285 263 2307 es
291 2274 375 2308 eben
399 2275 495 2308 nicht
517 2276 710 2309 sonderlich
736 2277 818 2310 weit

153 2321 192 2354 in
213 2320 274 2354 der
293 2320 381 2354 Lust
403 2322 573 2366 gebracht
599 2322 722 2363 haben,
738 2323 817 2355 ,und

155 2377 192 2401 er
205 2378 316 2400 nenne
336 2367 385 2400 sie
406 2368 501 2401 recht
520 2369 707 2412 cigentlich
716 2369 816 2403 noth

153 2413 326 2457 wendige,
343 2414 421 2447 weil
439 2426 475 2447 er
492 2415 584 2447 diese
602 2415 737 2447 andern
746 2426 816 2459 gar

153 2459 250 2492 nicht
281 2459 452 2493 brauchen
481 2461 611 2501 wilt-de,
638 2472 736 2494 wenn
760 2462 816 2494 «lie

155 2504 250 2538 Noth
265 2505 358 2539 nicht
378 2505 497 2539 wiire?
525 2506 675 2551 Longius
694 2518 715 2540 a
733 2519 815 2541 vero

154 2551 333 2584 aberrasse
355 2551 491 2585 videtur
522 2554 697 2586 Graserus
721 2564 814 2597 spec.

153 2596 288 2630 advers.
314 2598 504 2640 p.19-25.
536 2598 643 2632 multa
677 2599 720 2631 de
751 2600 815 2632 hoc

152 2642 226 2676 loco
258 2642 455 2687 disputans,
495 2656 650 2700 quorum
685 2656 815 2678 summa

151 2688 237 2722 haec
275 2693 348 2729 est,
384 2692 422 2722 ut
467 2689 503 2723 τί
539 2688 709 2733 οἰώμεθα
752 2702 814 2735 pro

150 2731 350 2777 ποιώμεθα
386 2735 601 2770 scribendum
637 2739 672 2769 et
709 2737 815 2770 verba

137 2779 215 2814 *nal
242 2782 366 2814 καλεῖν
390 2793 452 2825 pro
475 2777 570 2816 ώστε
597 2780 661 2816 καὶ
689 2784 813 2815 καλεῖν

151 2826 350 2872 accipienda
373 2839 482 2873 eoque
506 2825 639 2871 nem-dag,
662 2828 752 2874 quod
769 2828 813 2862 ad

884 758 1042 802 proprias
1065 757 1258 803 philosophi
1280 757 1473 803 voluptates
1495 770 1551 792 re-

884 805 1027 846 feratur,
1055 808 1164 838 mente
1193 804 1381 838 addendum
1408 808 1550 846 statuat,

883 850 947 883 hoc
987 862 1110 883 sensu:
1156 851 1396 894 Philosophum
1432 856 1549 884 autem

883 897 966 940 quid
987 902 1146 940 putemus
1183 902 1317 930 ceteras
1356 897 1550 941 voluptates

884 943 1071 976 aestimare
1094 955 1182 986 prae
1211 944 1294 985 illa,
1319 955 1423 987 quum
1453 944 1549 977 novit

881 1000 1013 1029 verum,
1039 990 1141 1033 quale
1164 990 1221 1032 sit,
1248 995 1280 1023 et
1300 991 1338 1023 in
1361 1002 1398 1022 eo
1419 1000 1548 1033 genere

884 1046 1017 1078 semper
1037 1041 1196 1069 versatur
1213 1036 1466 1081 cognoscendo.-
1484 1048 1550 1081 quo

883 1081 919 1114 in
945 1082 1059 1114 studio
1079 1094 1102 1114 a
1132 1083 1312 1125 voluptate
1339 1087 1412 1115 tam
1444 1093 1550 1126 prope

885 1128 981 1161 abest
993 1128 1034 1170 (i.
1048 1139 1075 1160 e.
1086 1140 1161 1171 zpsa
1181 1129 1550 1172 voluptaletamplone

881 1175 1108 1227 perfruitor),
1133 1179 1171 1207 ut
1190 1175 1270 1207 illas
1291 1175 1397 1208 etiam
1425 1186 1550 1207 revera
1581 1188 1584 1191 ⁴

883 1221 1097 1252 necessarias
1128 1222 1300 1264 appellet,
1335 1221 1460 1264 quippe
1491 1221 1551 1264 qui

883 1266 971 1299 nihil
993 1266 1103 1309 (iam)
1125 1267 1243 1301 ceteris
1263 1273 1380 1312 egeat,
1406 1267 1476 1301 uisi
1494 1279 1543 1300 co-

881 1317 949 1357 gat
970 1314 1167 1347 necessitas.

919 1388 1010 1427 “Ovs
1031 1390 1079 1437 δη
1099 1414 1143 1418 -
1165 1390 1295 1483 λέγειςΡ
1305 1394 1384 1427 582.
1398 1393 1438 1427 A.
1443 1393 1455 1435 Ἰ
1475 1392 1550 1426 lau-

881 1439 942 1472 dat
968 1438 1120 1472 Galenus
1145 1439 1188 1473 Τ.
1206 1440 1249 1474 V.
1300 1441 1410 1474 .517.
1433 1439 1547 1472 Kflhn.

880 1485 948 1519 Pro
974 1481 1036 1519 ότε
1062 1496 1138 1518 cum
1162 1485 1262 1521 Vind.
1273 1451 1325 1519 Ε.
1353 1480 1413 1519 ὅτι
1434 1485 1547 1518 habet.

929 1550 1273 1598 αμφισβητοῦνται]
1288 1550 1547 1598 ἀμφισβητοῦ-

881 1599 919 1634 σί
938 1611 978 1633 τε
1006 1601 1090 1634 Ven.
1113 1600 1155 1634 Β.

926 1669 995 1702 τοῦ
1021 1667 1160 1713 εἴδους]
1185 1668 1254 1702 τοῦ
1281 1668 1367 1713 βίου
1393 1670 1479 1705 ven.
1503 1669 1545 1704 B.

879 1715 948 1748 τοῦ
975 1726 1042 1748 om.
1069 1715 1149 1748 Gal.

925 1779 1008 1827 ὅτι]
1047 1795 1112 1818 om.
1148 1782 1248 1816 Vind.
1281 1782 1322 1816 F.
1369 1787 1457 1828 Ang.
1503 1785 1544 1818 B.

877 1829 974 1864 Flor.
1001 1830 1046 1863 R.

922 1895 1085 1942 κάλλιον]
1111 1896 1306 1931 κάλλιστον
1330 1899 1416 1933 Ven.
1440 1899 1480 1932 Β.

921 1962 1044 2011 ἥδιον]
1071 1966 1170 2001 ἴδιον
1194 1966 1293 2001 Vind.
1319 1968 1359 2001 B.

924 2044 1173 2090 ἀλυπότερον]
1188 2043 1430 2089 οἷλυπώτερον
1443 2047 1542 2081 Vind.

874 2094 918 2128 F.
953 2091 1194 2128 α’λυπότατον
1229 2093 1329 2127 Vind.
1353 2094 1431 2129 ΒΕ.
1464 2095 1543 2129 Vat.

874 2140 925 2174 M.
950 2141 1043 2174 Flor.
1067 2139 1208 2174 ACTV.

921 2219 1103 2264 εἰδεῖμεν]
1147 2215 1297 2263 ᾐδεῖμεν
1329 2219 1404 2254 Ald
1437 2215 1539 2265 ᾔδει·
1564 2223 1632 2258 582

873 2277 940 2310 μεν
964 2266 1045 2300 Bas.
1070 2277 1102 2299 a.
1135 2265 1286 2309 ἤδειμεν
1316 2266 1396 2299 Bas.
1422 2255 1456 2299 b.
1491 2265 1541 2300 εἰ-

875 2312 1004 2354 δοῖμεν
1035 2313 1127 2345 Mon.
1153 2312 1193 2344 B.
1217 2311 1310 2344 Flor
1335 2312 1380 2345 U
1398 2312 1522 2367 εἰδείη
1525 2332 1542 2337 -

872 2370 955 2437 μεν1
964 2358 1049 2392 Lob.
1074 2359 1153 2393 Vat.
1165 2357 1245 2391 ΒΜ.
1269 2353 1343 2402 ἤδη
1359 2355 1427 2401 μέν
1450 2359 1539 2403 (τις)

875 2406 931 2438 Ga

919 2480 1071 2528 αὐτῶν]
1129 2480 1251 2517 emh-cm
1297 2483 1384 2518 Lob.
1436 2481 1538 2518 αὐτῶ

873 2530 953 2564 Vat.
982 2530 1029 2563 M.

872 2596 1034 2678 Giie'ya]
1078 2596 1177 2643 λέγοι
1219 2599 1303 2634 Lob.
1344 2599 1422 2633 Vat.
1457 2599 1538 2633 ΒΜ.

910 2656 929 2677 a
945 2670 953 2678 .

919 2712 1050 2758 εἰπεῖν]
1078 2717 1228 2749 σκοπεῖν
1252 2715 1335 2748 Vat.
1359 2714 1408 2748 M.

915 2779 1006 2816 Ἀλλ’
1032 2777 1127 2828 ὦδε]
1165 2779 1249 2817 ἄλλ’
1277 2777 1349 2817 ὦδε
1374 2783 1467 2818 Mon.
1493 2784 1534 2818 B.

873 2826 970 2863 ἄλλω
996 2826 1036 2864 δὲ
1068 2830 1169 2864 Vind.
1194 2830 1234 2863 F.
