1764 3176
241 113 323 150 114

686 106 1154 149 PLATONIS

177 223 209 262 E
240 217 497 273 γιγνόμενα,
540 217 650 271 ἅπερ
683 220 754 261 καὶ
784 220 880 273 περὶ
909 219 985 263 τὸν
1015 217 1179 272 πατέρα
1210 215 1364 260 αὐτοῦ·
1397 215 1613 271 ἀγόμενόν

235 302 277 329 τε
316 287 377 337 εἰς
414 289 561 328 πᾶσαν
599 289 902 342 παρανομίαν,
945 283 1273 341 ὀνομαζομένην
1315 284 1362 328 δ’
1398 283 1486 327 ὑπὸ
1526 287 1615 327 τῶν

235 353 434 408 ἀγόντων
474 353 672 407 ἐλευθέρί
659 370 730 396 ἀν
782 353 978 406 ἅπασαν,
1027 351 1282 410 βοηθοῦντα
1329 368 1373 394 τε
1427 355 1520 401 ταῖς
1568 350 1615 394 ἐν

234 421 349 479 μέσῳ
393 419 573 471 ταύταις
614 421 866 476 ἐπιθυμίαις
902 421 1067 475 πατέρα
1114 437 1158 464 τε
1195 421 1268 464 καὶ
1313 419 1416 469 τοὺς
1457 419 1616 469 among

235 490 442 538 οἰκείους
474 487 579 538 τοὺς
609 487 654 531 6'
685 491 741 531 αὐ
774 493 1197 572 παραβοηθοῦντας·
1230 487 1336 532 ὅταν
1366 485 1410 529 δ’
1438 487 1615 529 ἐλπίσω-

236 570 306 610 σιν
351 558 394 599 οῑ
435 556 571 599 ὃεινοι
612 555 746 612 μάγοι
779 573 821 600 τε
851 558 924 599 καὶ
955 557 1274 609 τυραννοποιοὶ
1304 551 1425 599 οὗτοι
1457 553 1515 610 μὴ
1546 554 1615 597 ἄλ-

234 629 317 675 λως
348 624 425 667 τόν
455 622 556 667 νέον
588 625 798 677 καθέξειν,
832 623 968 680 ἔρωτά
1000 642 1096 669 τινα
1128 625 1245 683 αὐτῷ
1275 624 1615 681 μηχανωμένους

138 2770 205 2804 573

281 794 321 829 6’
341 793 435 839 ὑπὸ]
461 793 499 830 δὲ
524 793 600 830 ὑπὸ
629 796 713 831 Lob.
739 796 890 831 Vind.B.

279 842 643 886 παραβοηθοῦντας]
689 839 763 886 ἄρα
806 842 893 887 βοη-

231 888 401 926 θοῦντας
425 888 523 921 Vind.
551 888 591 921 F.

280 931 373 967 ὅταν
399 931 462 977 6⁷]
498 930 537 967 δ’
571 945 636 966 om.
671 934 757 966 Lob.
791 934 891 968 Vind.

230 980 304 1013 BE.
338 980 420 1012 Ven.
446 980 484 1014 B.
519 980 604 1023 Ang.
630 980 671 1013 B.
705 980 781 1013 Vat.
808 980 890 1014 HM.

230 1026 322 1059 Flor.
354 1026 459 1058 ACT.
487 1031 522 1059 et
547 1038 566 1059 a
590 1037 634 1059 m.
659 1037 687 1059 s.
712 1025 753 1058 R.
782 1037 891 1081 neque

231 1071 368 1116 Fipinus
401 1071 525 1115 legisse
556 1072 710 1113 videtur,
734 1069 825 1110 τοὺς
850 1069 890 1105 6⁷

230 1117 277 1150 αὐ
297 1121 362 1150 etc.
388 1117 439 1150 sic
463 1117 731 1162 interpretatus:
755 1120 814 1162 qui
831 1129 887 1151 ve-

228 1176 266 1196 ro
293 1165 359 1207 ipsi
390 1174 486 1206 opem
512 1169 728 1208 suggerunt,
754 1164 890 1207 quando

228 1211 357 1243 scilicet
382 1210 452 1243 iam
475 1211 691 1253 speraverint
710 1210 891 1243 vehemen-

228 1261 280 1289 tes
303 1256 356 1288 illi
376 1260 441 1288 etc.
479 1255 590 1288 Etiam
610 1255 726 1289 Astius
748 1256 783 1288 in
808 1261 888 1288 tert.

228 1298 268 1334 6
305 1300 526 1334 omittendum
558 1301 701 1341 statuit,
726 1305 760 1334 et
784 1301 888 1334 Stall-

228 1347 379 1380 baumius
408 1347 443 1379 in
466 1352 615 1391 utraque
639 1347 754 1380 omisit
775 1352 810 1380 et
830 1358 889 1380 an-

230 1399 266 1426 te
292 1389 385 1426 ὅταν
415 1404 546 1426 conuna
578 1393 680 1433 fecit3
705 1405 771 1437 quo
796 1395 889 1426 facto

229 1435 391 1482 ἄγοντας
422 1438 497 1472 illos
529 1451 614 1479 non
647 1443 686 1471 ut
718 1450 780 1483 par
804 1442 891 1480 erat,

228 1485 369 1529 primum
422 1484 710 1537 παραβοηθειν)
769 1484 891 1518 deinde

226 1531 485 1573 μηχανασθαι,
519 1532 578 1564 sed
602 1531 698 1575 quasi
731 1526 776 1573 ἄ)
780 1542 832 1564 ειν
856 1534 890 1564 et

227 1577 490 1622 παραβοηθεῖν
513 1588 697 1620 s311011>ma
718 1577 798 1617 sint,
819 1588 891 1609 πα-

228 1623 521 1668 ραβοηθοῦντας
547 1622 803 1666 μηχανᾶσθαι
814 1622 889 1664 dici,

226 1680 408 1712 pronomen
434 1668 542 1702 οῦτοι
566 1673 677 1702 autem
703 1668 745 1702 ad
769 1680 889 1712 παρα-

224 1714 467 1758 βοηθοῦντας
507 1715 721 1748 referendum
755 1721 790 1748 et
834 1722 889 1748 ta—

224 1772 300 1793 men
323 1761 356 1793 in
382 1761 510 1801 eadem,
528 1772 595 1805 qua
618 1760 713 1800 illud,
735 1761 887 1794 enuntia—

226 1807 318 1839 tione
342 1805 489 1851 positum
522 1805 610 1839 haud
637 1818 754 1849 parum
779 1806 887 1839 offen-

224 1852 327 1886 sionis
353 1853 478 1885 habere
511 1862 647 1885 necesse
671 1857 735 1885 est.
780 1852 887 1885 Scho-

226 1898 291 1931 lion
317 1901 440 1938 autem,
466 1898 556 1942 quod
580 1897 822 1931 Stallbaumius
844 1898 887 1931 ad

225 1941 317 1997 τοὺς
340 1943 682 1996 παραβοηθοῦντας
707 1945 826 1985 relert,
849 1947 888 1976 ut

225 1990 297 2023 eius
332 1995 452 2023 auctm
488 1994 524 2022 et
556 1988 630 2033 ipse
661 1986 701 2022 δ’
730 1994 790 2022 aut
820 2001 887 2022 non

226 2036 348 2080 legisse
380 2041 441 2069 aut
473 2035 684 2079 improbasse
716 2035 886 2076 videatur,

225 2087 320 2115 recte
356 2093 375 2115 a
408 2082 566 2115 Bekkero
600 2081 642 2114 ad
660 2078 888 2136 μηχανωμέ-

225 2139 315 2182 νρυς
351 2127 497 2161 relatum
532 2131 601 2160 est:
645 2124 721 2160 από
757 2126 888 2160 κοινοῦ

224 2172 275 2228 τὸ,
310 2173 429 2207 τίθει·
470 2173 570 2207 τίθει
604 2171 891 2228 μηχανωμένους

226 2217 329 2265 αὐτῷ
357 2217 495 2262 έρωτα,
521 2215 614 2253 ὅταν
645 2217 815 2252 ἐλπίσωσι
837 2216 886 2261 μὴ

224 2254 342 2303 ἄλλως
365 2263 432 2299 τὸν
449 2264 548 2307 νέον,
563 2262 778 2307 ὑπόπτερον
797 2260 889 2298 ὄντα

223 2311 374 2354 κηφῆνα
398 2311 461 2345 καὶ
484 2309 612 2354 μέγαν,
631 2310 814 2352 καθέξειν.
848 2311 888 2343 111

224 2357 419 2390 Ruhnkenii
443 2358 574 2401 sylloge
597 2357 639 2390 ad
660 2358 766 2390 verba
792 2353 886 2390 ὅταν

225 2399 265 2437 δ’
292 2399 484 2436 ἐλπίσωσιν
518 2403 726 2457 adscriptum
749 2403 885 2446 legitur.

270 2448 563 2491 τυραννοποιοὶ]
597 2448 775 2492 τύραννοι
810 2450 887 2482 Vat.

225 2494 264 2527 Β.
296 2492 475 2538 τύραννοι
499 2492 627 2529 ὁποῖοι
652 2495 728 2529 Vat.
753 2495 802 2528 M.
847 2494 887 2527 In

227 2539 310 2574 Lob.
358 2552 462 2585 super
506 2541 614 2574 altero
652 2553 674 2575 ν
723 2540 887 2586 scripturn

226 2591 279 2619 est
303 2597 349 2620 οι.

271 2630 318 2664 τὰ
351 2629 480 2675 ἕτοιμα
512 2630 808 2675 διανεμομένων]
842 2631 888 2664 ad

227 2679 402 2711 libidinem
450 2679 502 2712 illi
554 2678 889 2713 subministrantium

227 2724 299 2757 Fic.

271 2767 400 2813 μέγαν]
429 2767 522 2812 μέγα
550 2768 648 2804 vind.
672 2769 712 2804 F.
739 2770 818 2805 vat.
843 2769 886 2803 H.

951 797 1043 830 Ilem
1077 798 1112 830 in
1135 797 1227 830 F.lor
1253 796 1360 830 RTV.
1395 799 1531 829 exstare
1555 806 1612 828 su-

950 843 1064 897 spicm
1076 869 1084 885 ‚
1119 854 1203 887 quos
1229 842 1469 875 Stallbaumius
1500 841 1533 874 in
1558 852 1610 885 pr.

949 886 1063 932 μέγαν
1096 901 1158 933 pro
1193 885 1286 931 μέγα
1310 888 1472 920 exhibere
1496 887 1612 919 dicens

950 935 1115 967 lemmatis
1153 934 1225 966 loco
1262 934 1392 967 valiam
1434 933 1612 966 lectionem

948 981 1103 1024 posuisse
1128 980 1271 1012 videtur.

992 1023 1160 1082 κηφῆνά]
1185 1025 1326 1068 κιφῆνα
1351 1025 1452 1059 Vind.
1478 1025 1520 1058 F.

995 1067 1018 1115 ἢ
1045 1072 1099 1115 τί]
1125 1067 1148 1115 ἢ
1175 1084 1210 1104 τι
1235 1072 1331 1105 vind.
1354 1072 1396 1104 E.
1425 1067 1447 1115 ἥ
1473 1083 1509 1104 τι
1533 1071 1609 1105 Ald.

948 1118 1026 1151 Bas.
1053 1119 1105 1151 ab.
1129 1118 1283 1172 nunquid
1306 1117 1382 1150 Fic.
1402 1117 1456 1150 Cf.
1469 1117 1544 1152 Vol.
1562 1117 1607 1150 II.

949 1176 980 1206 p.
1005 1165 1082 1204 116,
1101 1164 1134 1196 b
1208 1163 1246 1196 έι
1264 1175 1299 1197 τι
1324 1175 1398 1197 cum
1420 1163 1489 1197 οἴει
1508 1174 1611 1207 super

949 1209 987 1242 εἴ
1008 1209 1084 1244 vat.
1094 1210 1134 1243 B.
1159 1209 1222 1242 καὶ
1248 1209 1286 1242 εἴ
1303 1222 1338 1242 τι
1357 1209 1441 1242 Lob.
1462 1210 1491 1242 1
1495 1212 1541 1242 at.
1562 1209 1609 1242 M.

995 1255 1077 1299 οἴει]
1106 1267 1170 1288 οηι.
1196 1255 1281 1288 Lol).
1311 1256 1388 1288 vat.
1413 1255 1493 1289 ΒΜ.

992 1299 1073 1344 τὸν]
1102 1314 1167 1334 om.
1192 1301 1289 1334 vind.
1315 1302 1358 1334 Ε.

992 1347 1068 1380 τῶν
1093 1345 1288 1390 τοιούτων]
1313 1346 1489 1380 τοιοῦτον
1514 1346 1609 1380 Μοῃ.

949 1393 988 1426 Β.
1017 1394 1093 1426 Par.
1120 1393 1163 1426 K.
1188 1394 1284 1427 Flor.
1306 1393 1351 1426 U.
1377 1398 1412 1426 et
1435 1392 1609 1426 Stallbau-

948 1439 1032 1471 mius
1064 1438 1097 1471 in
1124 1451 1190 1472 sec.
1218 1440 1274 1483 qui
1298 1439 1361 1472 hac
1386 1438 1530 1471 lectione
1554 1449 1610 1471 re-

948 1490 1049 1529 cepta
1073 1485 1217 1528 gratiam
1242 1496 1279 1518 se
1298 1493 1416 1529 sperat
1440 1484 1527 1528 apud
1550 1495 1609 1517 eos

945 1530 1080 1571 iniisse,
1110 1530 1167 1575 qni
1200 1542 1264 1563 non
1296 1531 1420 1572 verba,
1445 1530 1507 1562 sed
1531 1541 1607 1563 sen-

947 1578 1070 1610 tentias
1108 1577 1297 1621 philosophi
1328 1556 1454 1621 ubiqile
1485 1576 1607 1609 rimen—

947 1626 1014 1656 tur.
1053 1622 1190 1656 Etenim
1215 1622 1358 1666 intelligi
1381 1633 1521 1666 prorsus
1541 1633 1608 1655 non

947 1679 1046 1712 posse
1070 1668 1147 1712 suls:³
1139 1673 1241 1701 ratum
1268 1668 1359 1701 istud
1383 1667 1460 1701 τῶν
1483 1665 1607 1701 τοιού-

945 1726 1029 1747 των.
1079 1715 1168 1747 Nam
1203 1715 1349 1759 qualium
1372 1714 1530 1756 tandem,
1555 1713 1608 1747 in-

946 1760 1031 1803 quit,
1049 1771 1160 1793 rerum
1184 1772 1330 1793 amorem
1354 1759 1609 1803 intelligendum

945 1807 1093 1849 putabis,
1118 1818 1219 1850 quum
1243 1806 1278 1839 in
1302 1806 1535 1851 superioribus
1556 1805 1606 1838 ni-

944 1851 990 1884 hil
1014 1852 1116 1895 plane
1140 1851 1324 1885 indicatum
1348 1852 1410 1892 sit,
1444 1852 1487 1885 ad
1516 1851 1607 1897 quod

944 1908 1039 1930 amor
1060 1898 1125 1930 iste
1157 1898 1356 1930 referatur?
1395 1898 1516 1942 Itaque
1539 1909 1606 1930 non

943 1942 1091 1976 meminit
1114 1943 1167 1975 vir
1191 1943 1407 1976 doctissimus
1430 1944 1505 1976 τῶν
1530 1955 1605 1977 τοι-

944 1986 1066 2022 ούτων
1107 1988 1209 2022 etiam
1251 1989 1426 2022 masculini
1470 1988 1606 2032 generis

943 2046 1031 2077 esse,
1057 2046 1168 2078 neque
1194 2034 1326 2067 Astium
1351 2040 1410 2067 aut
1433 2035 1604 2068 Schleier-

942 2081 1135 2113 macherum
1155 2080 1394 2113 consulendum
1417 2080 1481 2114 sibi
1506 2084 1606 2124 puta-

945 2126 1006 2167 vit,
1029 2125 1225 2170 priusquam
1248 2126 1425 2160 lectionem
1445 2128 1606 2171 optimam

945 2171 1163 2216 depravaret.

992 2214 1084 2252 ὅταν
1104 2215 1165 2261 δὴ]
1194 2215 1239 2260 δὴ
1266 2229 1330 2250 om.
1356 2217 1434 2252 Par.
1446 2217 1486 2250 A.
1505 2217 1605 2251 Vind.

944 2264 985 2296 B.
1010 2264 1088 2296 Vat.
1108 2264 1151 2296 H.
1200 2266 1249 2296 Ae
1271 2263 1428 2297 videntur
1446 2274 1527 2298 sane
1546 2265 1606 2297 mi-

945 2321 1007 2342 nus
1033 2309 1204 2342 commode
1229 2321 1270 2342 ea
1293 2310 1413 2350 omnia,
1439 2322 1528 2355 quae
1546 2309 1606 2343 de-

942 2355 1060 2399 inceps
1100 2359 1264 2388 eventura
1303 2355 1606 2399 ingeneratamque

943 2413 1088 2434 amorem
1112 2404 1336 2435 consecutum
1360 2402 1527 2443 dicuntur,
1543 2402 1605 2434 hoc

942 2448 1017 2491 ipso
1054 2446 1185 2492 potius,
1222 2458 1323 2491 quam
1353 2447 1421 2481 alio
1453 2447 1605 2493 quolibet

943 2492 1043 2526 simili
1074 2493 1171 2525 modo
1208 2497 1405 2537 comparata
1449 2494 1525 2538 poni
1569 2498 1606 2526 et.

944 2539 1120 2572 universus
1144 2539 1202 2571 ille
1226 2545 1482 2582 unguentorum,
1507 2550 1606 2572 coro-

943 2596 1061 2618 narum
1092 2585 1366 2630 reliquarumque
1397 2596 1511 2618 rerum
1541 2596 1603 2629 ap-

945 2634 1084 2675 paratus
1116 2635 1286 2674 tamqnam
1320 2631 1530 2664 necessarius
1566 2634 1602 2663 et

943 2676 1095 2709 interiori
1118 2688 1314 2709 caussarum
1343 2689 1429 2710 nexu
1464 2677 1601 2710 coniun-

945 2727 1019 2755 ctus
1032 2722 1215 2755 enuntiari:
1241 2735 1342 2766 quum
1354 2724 1476 2767 igitur,
1488 2734 1601 2766 quem·

945 2769 1130 2803 admodum
1148 2775 1412 2804 consentaneum
1430 2774 1492 2810 est,
1509 2770 1601 2801 circa
