1764 3176
46 2522 82 2564 B

479 199 802 242 CIVITAS
848 201 973 244 LIB.
1008 202 1067 242 X.
1097 208 1162 242 601

1422 205 1508 244 215

127 310 210 357 οὐκ
238 311 459 364 ἐπαΐοντα,
492 308 592 355 ἀλλ’
620 309 651 366 ἢ
673 315 920 368 μιμεῖσθαι,
950 311 1062 355 ὥστε
1091 310 1255 366 ἑτέροις
1282 310 1506 362 τοιούτοις

123 379 172 424 ἐκ
199 382 288 423 τῶν
318 378 464 435 λόγων
493 383 718 434 θεωροῦσι
749 381 920 430 δοκεῖν,
962 379 1038 424 ἐάν
1078 396 1123 423 τε
1160 379 1260 433 περὶ
1299 390 1506 422 σκυτοτο-

125 448 225 504 μίας
251 462 316 498 τις
349 447 452 503 λέγῃ
491 446 540 490 ἐν
568 447 709 505 μέτρῳ
740 448 814 490 καὶ
844 447 1005 506 ῥυθμῷ
1037 447 1110 490 καὶ
1143 445 1357 502 ἁρμονία,
1387 443 1506 488 πάνυ

122 583 258 627 ἄλλον
285 581 480 627 ὁτουοῦν
498 599 506 608 ·

93 572 102 578 0
122 510 174 560 εὖ
201 516 350 559 δοκεῖν
376 516 602 570 λέγεσθαι,
629 514 708 558 ἐάν
735 531 780 559 τε
805 516 907 571 περὶ
936 516 1194 571 στρατηγίας
1223 514 1301 557 ἐάν
1329 530 1374 558 τε
1403 514 1502 568 περὶ
1531 523 1567 563 Β

549 581 664 626 οὕτω
703 583 838 639 φύσει
874 582 987 628 αὐτοὶ
1013 587 1152 627 ταῦτα
1181 582 1370 638 μεγάλην
1408 582 1505 625 τινα

119 649 305 709 κήλησιν
344 650 466 706 ἔχειν.
508 650 599 695 ἐπεὶ
636 651 926 707 γυμνωθέντα
965 667 1013 708 γε
1051 655 1139 694 τῶν
1179 654 1257 706 τῆς
1296 655 1508 708 μουσικῆς

118 718 361 776 χρωμάτων
387 717 441 762 τοὶ
477 722 568 762 τῶν
595 724 816 776 ποιητῶν,
853 718 965 764 αὐτὰ
994 716 1072 775 ἐφ’
1102 717 1251 762 αὐτῶν
1281 716 1506 773 λεγόμενα,

119 783 244 843 οἶμαί
294 797 341 830 σε
386 784 547 830 εἰδέναι
586 784 678 831 οἷα
732 789 947 844 φαίνεται.

117 889 152 924 111
174 901 228 935 pr.
253 889 354 924 alteri
377 889 480 931 fecit,
503 889 539 924 in
563 901 634 923 sec.
654 894 785 924 utrum-

118 947 186 990 que
207 936 390 980 genuinum
413 946 489 969 esse
513 936 636 969 statuit.
658 941 695 970 et
718 936 783 969 ite-

119 982 262 1016 rationis
281 992 435 1016 caussam
451 982 486 1016 in
501 982 675 1016 immutato
688 982 785 1026 paui-

116 1027 221 1061 lulum
253 1028 416 1061 sermonis
457 1032 576 1061 tenore
614 1031 718 1072 atque
750 1028 784 1061 in

118 1086 181 1114 eo,
205 1074 295 1118 quod
330 1074 428 1107 verbi
452 1074 538 1107 1111115
573 1073 669 1107 notio
695 1085 784 1107 nunc

117 1131 192 1153 eam
214 1120 343 1153 habeat
365 1120 456 1162 vim,
481 1124 520 1153 ut
543 1120 632 1154 haud
656 1120 784 1152 incom-

115 1165 214 1200 mode
245 1164 367 1200 iterari
404 1178 445 1199 ac
477 1166 586 1200 denuo
615 1165 783 1199 inculcari

115 1210 289 1257 potuerit,
321 1211 479 1256 positam·
508 1216 635 1245 censet.
694 1210 783 1245 Mihi

115 1269 252 1311 quoque
283 1260 464 1303 utrumulne
486 1268 627 1300 verum,
653 1257 783 1301 repeti

114 1303 164 1337 tio
200 1305 328 1337 autem
356 1304 486 1348 partim
521 1302 783 1348 perspicuitatis

115 1349 242 1391 studio,
264 1349 392 1393 partim
415 1349 580 1382 sermonis
604 1348 783 1382 familiaris

113 1394 344 1439 negligentiae
368 1394 502 1428 cuidam
526 1394 711 1428 tribuenda
729 1394 784 1427 vi-

114 1441 225 1476 detur.
265 1440 630 1498 cf.Leg.L.V1111.
654 1452 689 1485 p
702 1441 781 1476 859.

113 1487 166 1522 1)·
190 1481 284 1520 ὥστε
307 1483 379 1522 ουδ
407 1486 446 1521 εἰ
467 1499 524 1526 τις
549 1486 782 1541 διισχυρίζοι-

113 1534 158 1567 το
199 1529 333 1567 εἶναι
374 1530 466 1572 τοὺς
504 1532 674 1571 δικαίους
715 1529 781 1566 οἷν-

83 1575 315 1634 θρώπους,
358 1591 406 1612 αν
449 1577 514 1612 καὶ
537 1575 782 1633 τυγχάνωσιν

115 1620 222 1663 ὄντες
250 1624 397 1668 αἰσχροὶ
420 1622 467 1658 τὰ
493 1621 667 1678 σώματα,
693 1620 780 1657 κατ’

115 1668 213 1705 αὐτό
249 1681 288 1714 γε
327 1669 371 1705 τὸ
408 1667 648 1704 δικαιότατον
682 1664 783 1714 ἦθος

115 1714 233 1772 ταύτῃ
265 1714 479 1773 παγκάλους
513 1713 667 1770 εἶναι,
703 1726 781 1759 σχε-

116 1760 186 1797 δὸν
197 1752 362 1802 ουδεὶς
345 1760 394 1797 dv
410 1760 523 1817 λέγων
543 1757 643 1796 ου’τω
663 1763 781 1805 πλημ-

115 1808 233 1852 μελῶς
254 1805 372 1850 δόξειε
395 1805 522 1861 λέγειν.
544 1828 587 1834 -—
611 1808 696 1841 Post
716 1808 780 1842 δο-

114 1857 194 1889 κεῖν
222 1866 403 1908 perperam
434 1855 470 1888 in
501 1853 578 1887 Ald.
611 1854 691 1887 Bas.
725 1854 780 1887 ab.

116 1904 297 1946 punctum,
333 1900 370 1934 in
401 1900 523 1945 Steph.
556 1901 654 1934 colon
684 1899 780 1945 posi-

114 1951 186 1980 tum
210 1949 274 1980 est.

161 1991 246 2036 περὶ
272 1989 540 2049 σκυτοτομίας]
563 2001 779 2048 περισκυτο-

1010 786 1217 831 τεθέασαι
1265 784 1351 842 γάρ
1403 801 1506 829 που.

841 892 944 944 λησιν
968 887 1038 934 ἔχει
1060 889 1206 934 legitur,
1233 889 1287 923 cui
1311 888 1447 922 lectioni
1472 891 1507 921 et

842 933 954 970 Ficini
977 936 1218 981 interpretatio
1238 937 1431 969 demulcent
1448 946 1507 968 ac-

842 983 1055 1017 commodata
1086 986 1138 1016 est
1165 994 1227 1015 nec
1251 985 1388 1026 praeter
1413 980 1507 1014 eodi-

842 1040 898 1063 c‹s
919 1029 1096 1073 quicquam
1114 1028 1249 1062 videtur
1267 1028 1415 1061 obstare.
1438 1026 1507 1059 Im·-

840 1086 894 1108 mo
910 1075 1019 1118 magis
1038 1074 1118 1106 mihi
1136 1074 1249 1118 placet
1268 1085 1329 1106 νει
1332 1074 1407 1106 bum
1428 1071 1507 1105 fini-

840 1124 931 1162 tum,
981 1132 1083 1164 quum
1125 1120 1304 1164 sequentia
1348 1117 1507 1162 respicio,

841 1178 929 1211 quae
971 1166 1081 1211 ipsius
1125 1165 1312 1199 Glauconis
1352 1163 1506 1197 monendi

840 1223 961 1245 caussa
985 1212 1077 1244 dicta
1101 1211 1187 1244 hanc
1211 1212 1254 1244 de
1277 1211 1310 1245 vi
1335 1213 1370 1244 et
1390 1210 1507 1244 illece-

840 1258 911 1291 bris
941 1257 1122 1290 carminum
1143 1256 1342 1301 opinionem
1357 1256 1505 1301 pecuiia-

840 1315 912 1336 rem
952 1303 1067 1348 potius
1098 1303 1257 1345 Socrati,
1297 1314 1398 1348 quam
1431 1313 1506 1335 cum

841 1349 1019 1383 Glaucone
1044 1360 1250 1382 communem
1282 1352 1318 1382 et
1341 1359 1407 1382 una
1432 1359 1506 1381 cum

839 1395 1121 1429 antecedentibus
1161 1395 1204 1428 ed
1239 1392 1428 1439 φήσομεν,
1471 1394 1506 1427 111

840 1454 906 1486 quo
921 1441 1107 1475 Glauconis
1129 1452 1276 1485 persona
1292 1441 1420 1474 inclusa
1441 1444 1507 1481 est,

837 1487 1051 1521 referendam
1083 1498 1160 1520 esse
1192 1491 1350 1531 arguunt.
1398 1486 1506 1519 Acce-

839 1533 890 1567 dit
914 1533 1004 1578 quod
1037 1533 1122 1566 haec
1147 1533 1263 1566 eadem
1289 1531 1403 1577 opinio
1428 1543 1506 1565 sen-

839 1580 967 1613 tentiae
1002 1579 1036 1612 in
1069 1579 1353 1612 antecedentibus
1387 1578 1429 1611 de
1453 1578 1504 1611 in-

839 1625 981 1659 scientia
1012 1628 1192 1669 poetarum
1232 1627 1324 1659 latae
1358 1636 1422 1657 non
1456 1624 1505 1658 ita

840 1671 1033 1705 necessario
1060 1671 1239 1704 coniuncta
1264 1674 1329 1710 est,
1354 1675 1393 1703 ut
1418 1674 1504 1703 tam-

839 1729 940 1762 quam
958 1728 1039 1772 pars
1054 1716 1124 1750 eius
1145 1717 1313 1750 enuntiari
1334 1715 1504 1750 debuerit.

838 1764 962 1807 Itaque
985 1761 1074 1806 ἔχει,
1100 1762 1131 1796 51
1155 1762 1191 1796 111
1214 1763 1293 1796 Pas.
1310 1763 1350 1796 A.
1369 1767 1505 1796 exstare

838 1812 1046 1862 compertum
1065 1808 1181 1850 fuerit,
1194 1808 1400 1842 reddendum
1415 1807 1503 1842 scri—

837 1855 928 1901 ptori
953 1866 1085 1888 censeo.

884 1898 964 1935 ἐπεὶ
993 1898 1259 1944 γυμνωθέντα]
1290 1896 1349 1934 ἐπὶ
1371 1912 1402 1944 γ.
1426 1900 1501 1933 Α1(1.

837 1949 919 1982 Bas.
952 1947 1008 1982 ab.
1041 1943 1277 1990 ἕπιγυμνωθέ
1279 1958 1347 1980 ντα
1375 1947 1500 1979 14].11501)

883 1994 944 2038 γε]
969 2005 1009 2027 τε
1037 1993 1135 2028 Vind
1162 1994 1201 2027 F.
1229 1993 1501 2037 Ang.B.F10r.

115 2038 248 2081 τομίας
277 2035 341 2072 καὶ
373 2040 455 2077 τοῖς
485 2035 536 2081 μὴ
581 2034 779 2072 ἐπαϊουσιν
836 2040 881 2074 R

115 2084 218 2121 vind.
235 2083 278 2118 Ε.

159 2142 236 2186 τις]
268 2141 306 2175 τί
328 2139 527 2175 Ε115ε1).τὶ
555 2141 677 2186 Steph.
704 2143 778 2175 Ast.

114 2199 166 2233 pr.
201 2200 239 2221 τι
271 2188 345 2221 Ast.
387 2198 456 2221 sec.
498 2187 621 2222 Stallb.
685 2187 779 2221 Idem

115 2233 232 2267 Astius
262 2233 297 2267 in
325 2237 404 2266 tert.
436 2233 598 2275 requirit,
622 2232 696 2266 sine
719 2245 778 2266 ra—

113 2279 221 2314 tione.
285 2278 407 2312 Facile
453 2279 529 2313 τῶν
572 2279 778 2323 ποιητικῶν

113 2324 326 2360 subauditur.

160 2379 265 2427 λέγῃ]
291 2379 384 2425 λέγει
407 2380 508 2416 vind.
533 2381 577 2415 F.

159 2428 243 2473 περὶ
263 2427 496 2472 στρατηγίας]
524 2427 778 2471 περιστ.17111ᾶ.

114 2474 157 2508 Ε.
183 2485 224 2508 π.
248 2473 489 2518 στρατηγείας
509 2474 603 2507 Mon.
625 2475 668 2508 C.

151 2521 351 2587 ὁτουοῦν]
383 2527 474 2565 ὅτου
509 2542 578 2565 ουν
607 2531 708 2566 Vind.
733 2531 777 2567 F.

115 2573 304 2613 οὖτουοῦν
326 2578 409 2610 Vat.
431 2578 472 2610 B.

157 2632 312 2679 κήλησιν
336 2632 443 2679 ἔχειν]
471 2635 527 2669 Ita
544 2646 660 2669 omnes
683 2635 779 2668 codi-

113 2692 171 2715 ces
205 2684 350 2725 excepto
382 2682 530 2715 fortasse
559 2682 638 2715 Par.
663 2682 702 2714 A.
737 2681 780 2714 de

113 2738 181 2771 quo
205 2727 385 2761 Bekkerus
408 2733 511 2762 tacet.
549 2724 649 2772 Apu'd
668 2727 780 2760 Euse-

115 2773 207 2806 bium
242 2783 324 2806 vero
364 2778 399 2806 et
427 2773 473 2807 in·
495 2773 570 2807 Ald.
605 2774 688 2807 Bas.
722 2774 778 2806 ab.

116 2818 238 2864 steph.
282 2819 492 2862 (tacentibus
536 2820 579 2852 de
621 2819 701 2853 Par.
735 2819 778 2873 K.

117 2864 214 2909 Bip.)
234 2865 306 2899 Ast.
331 2876 384 2910 pr.
407 2876 476 2899 sec.
497 2865 618 2900 Stallb.
645 2876 696 2910 pr.
715 2862 778 2908 κη’-

837 2082 1088 2166 δεχὶῗμᾷτων
1111 2083 1181 2128 τὰ]
1208 2081 1426 2128 χρωμάτων.
1455 2095 1501 2117 τα

960 2143 974 2164 S

882 2175 947 2233 ἐφ’
969 2173 1111 2219 αὐτων]
1138 2174 1314 2220 ἕφαυτῶν
1337 2175 1436 2208 Vind.
1456 2176 1501 2210 F.

836 2220 900 2266 ἐφ’
922 2220 1067 2256 εαυτῶν
1091 2223 1185 2257 Mon.
1209 2223 1282 2256 BC.
1308 2222 1400 2257 Flor.
1420 2222 1500 2255 TU.

834 2270 964 2304 Euseb.

881 2313 1079 2359 λεγόμενα]
1112 2314 1153 2348 Ι11
1185 2315 1264 2348 Par.
1286 2315 1327 2347 A.
1353 2326 1373 2358 γ
1397 2325 1500 2358 super

836 2362 855 2394 λ
887 2367 923 2394 et
954 2374 976 2395 ν
1009 2373 1114 2406 super
1141 2373 1162 2405 γ
1185 2360 1335 2415 positum
1360 2372 1421 2405 pro
1447 2361 1501 2394 λε-

835 2405 975 2451 γόμενα
995 2407 1118 2441 alicubi
1137 2404 1318 2451 γενόμενα
1336 2406 1500 2450 scriptum

836 2454 942 2487 fuisse
973 2453 1165 2496 significat,
1204 2464 1293 2497 quae
1330 2452 1501 2497 scriptura

836 2511 902 2533 non
930 2500 1061 2532 omnino
1081 2498 1312 2543 improbabilis
1336 2503 1401 2532 est.

882 2545 1075 2589 φαίνεται]
1103 2544 1304 2589 φαίνονται
1336 2544 1431 2579 Mon.
1457 2545 1499 2578 C.

834 2594 913 2624 ante
939 2603 1027 2624 corr.

881 2633 1074 2681 τεθέασαι]
1098 2634 1282 2680 τεθέαμαι
1306 2636 1392 2670 Lob.
1419 2617 1498 2670 Par.

836 2682 880 2715 K.
898 2695 965 2716 see.
981 2683 1055 2728 Bip.
1071 2683 1148 2716 Vat.
1161 2683 1210 2718 M.
1244 2682 1390 2716 Similem
1402 2683 1498 2716 verbi

834 2728 1005 2762 θεᾶσθαι
1028 2741 1124 2763 11511111
1152 2742 1183 2763 v.
1210 2729 1251 2764 L.
1273 2728 1337 2763 ΙΙΙ.
1362 2741 1395 2773 p.
1417 2727 1497 2763 400.

837 2776 874 2808 A.
900 2774 942 2807 01.
968 2776 1008 2810 L.
1030 2776 1108 2810 VII.
1132 2787 1166 2820 p.
1191 2777 1268 2810 523.
1294 2776 1335 2809 A.

881 2822 992 2865 που.]
1028 2818 1051 2865 ἢ
1078 2817 1146 2862 οὕς
1180 2822 1307 2855 Euseb.
1332 2824 1368 2854 et
1391 2833 1432 2855 ex
1458 2833 1497 2854 eo

836 2878 951 2910 margo
976 2868 1096 2913 Steph.
1120 2879 1217 2907 cmv,-
1244 2868 1322 2901 Bas.
1346 2868 1400 2901 ab.
1423 2878 1497 2901 που
