1764 3176
252 100 333 141 132
707 92 1170 137 PLATONIS

251 203 367 251 οὕτω
396 205 502 250 καθ’
535 206 718 250 ἕκαστον
748 206 796 250 ἓν
826 205 944 263 μέρει
974 205 1156 258 ἀθρῶν,
1188 204 1242 249 τὰ
1271 202 1509 261 παθήματα
1536 203 1631 247 ἕκα-

249 276 381 329 τέρου
419 274 525 330 λέγε.
589 274 653 317 To}
686 279 813 326 ποῖα,·
855 275 950 331 {'.qu
1012 278 1204 327 Πρῶτον
1233 274 1334 329 μὲν,
1371 267 1427 328 ἦν
1458 270 1502 315 δ’
1533 271 1631 326 ἐγώ,

253 361 313 395 ως
341 342 473 386 πόλιν
514 344 672 394 εἰπεῖν,
718 342 977 397 ἐλευθέραν,
1016 341 1044 398 ἢ
1084 341 1251 395 δούλην
1281 339 1360 395 τήν
1389 356 1634 394 τυραννου-

249 412 386 467 μένην
418 411 551 464 ἐρεῖς,·
596 408 671 462 Ὡς
711 409 808 454 οἶόν
838 411 880 453 τ’
893 444 904 463 ,
942 411 1050 472 ἔφη,
1092 408 1276 466 μάλιστα
1308 407 1485 464 δούλην.
1545 408 1634 451 Καὶ

249 479 340 536 μήν
372 479 479 535 ὁρᾶ-ς
516 494 563 534 γε
605 478 652 521 ἐν
683 477 795 534 αὐτῇ
827 477 1038 529 δεσπότας
1077 478 1149 521 καὶ
1180 475 1450 530 ἐλευθέρους.
1506 476 1635 532 Ορω,

250 548 354 604 ἔφη,
386 546 570 603 σμιρκόν
599 547 646 601 γέ
676 564 717 589 τι
750 551 905 590 τοῦτο·
941 547 988 589 τὸ
1022 546 1067 590 δὲ
1100 545 1228 596 ὅλον,
1261 544 1317 595 ὡς
1348 544 1451 595 ἔπος
1485 546 1635 596 εἰπεῖν,

188 606 226 646 D
259 616 305 659 ἐν
343 615 454 670 αὕτη
500 615 571 657 καὶ
614 615 662 658 τὸ
705 615 1022 658 ἐπιεικέστατον
1065 614 1224 669 ἀτίμως
1273 630 1316 656 τε
1361 613 1434 656 καὶ
1471 612 1635 664 ἀθλίως

250 686 423 727 δοῦλον.
484 684 539 725 Εἰ
570 678 673 735 οὖν,
707 680 853 734 εἶπον,
887 682 1039 736 ὅμοιος
1070 681 1180 763 ἀνήρ
1220 699 1271 737 τη
1303 679 1529 732 πόλει,ού
1561 680 1635 724 καὶ

250 753 297 796 ἓν
328 751 477 807 ἐκείνῳ
511 749 680 806 ἀνάγκη
712 750 792 806 τὴν
823 749 962 805 αὐτην
1001 750 1121 801 τάξιν
1153 751 1332 799 ἐνεῖναι,
1370 749 1442 791 καὶ
1472 753 1636 806 πολλῆς

249 821 327 876 μὲν
361 820 561 867 δουλείας
611 833 655 859 τε
704 818 776 859 καὶ
821 817 1126 898 ἀπελευθερίας
1173 818 1319 871 γέμειν
1367 815 1445 871 τὴν
1490 818 1636 872 ψυχήν

252 884 414 936 αὐτοῦ,
454 884 528 928 καὶ
565 889 703 927 ταῦτα
743 882 879 940 αὐτῆς
915 885 968 928 τὰ
999 886 1106 940 μέρη
1138 882 1391 935 δουλεύειν,
1432 883 1542 939 ἅπερ
1580 887 1637 940 ἠν

251 952 566 1001 ἐπιεικέστατα,
607 952 793 1008 σμικρὸν
824 953 869 996 δὲ
898 970 973 996 και
1008 953 1056 996 τό
1087 954 1418 1007 μοχθηρότατον
1456 955 1530 996 καὶ
1559 971 1637 1009 μα-

251 1019 496 1064 νικώτατον
537 1018 782 1073 δεσπόζειν;
819 1019 1023 1076 Ἀνάγκη,
1066 1021 1161 1076 ἔφη.
1240 1023 1290 1063 Τί
1322 1015 1422 1070 οὗνς
1453 1021 1634 1078 δούλην,

250 1088 278 1144 ἢ
315 1089 551 1142 ἐλευθέραν
580 1087 660 1144 τὴν
690 1089 899 1144 τοιαύτην
931 1087 1082 1144 φήσεις
1114 1087 1223 1132 εἶναι
1259 1088 1426 1144 ψυχήνς
1457 1091 1635 1146 Δούλην

252 1156 306 1214 δή
337 1173 427 1200 που
458 1156 602 1213 ἔγωγε.
669 1155 849 1200 Οὐκοῦν
888 1157 916 1213 ἥ
952 1174 999 1213 γε
1031 1152 1086 1200 αὖ
1122 1157 1256 1214 δούλη
1290 1158 1364 1200 καὶ
1393 1175 1635 1212 τυραννου-

297 1303 393 1340 καθ’
431 1304 607 1351 ἕκαστον]
649 1305 778 1342 καθέκ.
812 1307 914 1342 Vind.
973 1307 1119 1351 pressit:
1148 1307 1319 1351 Principio
1343 1309 1487 1342 Hbc-ram
1512 1309 1636 1342 civita-

251 1353 327 1388 ΒΕ.
352 1353 586 1386 καθεκασῑον
610 1353 710 1386 Vind.
736 1354 775 1387 F.

299 1408 388 1453 λέγε.
421 1406 514 1452 Τὰ].·
536 1406 615 1452 λέγε
637 1408 685 1443 τὰ
712 1410 794 1443 Lob.
814 1410 914 1443 Vind.

251 1455 327 1489 EF.
361 1456 439 1490 Par.
464 1455 540 1488 DK.
578 1467 646 1489 sec.
683 1456 792 1489 Bekk.
826 1456 915 1489 Flor.

251 1501 425 1535 ACTUV.
460 1505 496 1534 et
529 1513 548 1534 a
580 1513 621 1534 m.
657 1513 708 1556 ρι’.
745 1502 838 1535 Μοιι.
872 1503 914 1535 Β.

252 1548 292 1581 In
316 1547 417 1581 Vind.
442 1548 483 1581 B.
515 1547 598 1581 item
631 1549 708 1591 λεγε
734 1544 781 1581 τὰ
814 1559 916 1592 prae-

252 1593 384 1638 scripto
409 1605 430 1627 a
455 1605 497 1627 ιιι.
522 1604 549 1626 s.
573 1593 760 1627 Glauconis
785 1594 918 1627 nomine

253 1641 341 1683 (γλ.)
366 1638 502 1683 legitur.

299 1694 384 1740 μὲν]
420 1708 456 1739 μ.
492 1691 597 1729 εἷπον
622 1696 700 1730 Par.
726 1697 768 1730 D.
801 1708 837 1739 μ.
867 1696 917 1730 εἰ-

253 1745 338 1777 πεῖν
372 1743 450 1775 Par.
483 1741 526 1774 K.
564 1741 655 1775 Flor.
694 1743 737 1775 U.
775 1748 809 1776 et
842 1754 916 1776 cum

253 1788 387 1843 punctis
410 1788 472 1820 sub
500 1788 605 1820 verbo
630 1789 722 1823 Mon.
747 1789 786 1822 B.

301 1831 351 1873 (ὃς
375 1831 483 1867 πόλιν
508 1832 637 1878 εἰπεῖν]
667 1835 757 1868 Μοιι.
773 1835 811 1866 Β.
834 1845 853 1867 a
871 1840 914 1867 m.

254 1891 281 1914 s.
308 1891 410 1924 super
434 1877 542 1913 πόλιν
570 1880 716 1913 litteram
749 1880 771 1933 β
797 1885 832 1913 et
855 1892 914 1913 su-

280 1937 317 1959 et
353 1925 469 1958 εἰπεῖν
503 1937 526 1958 α
561 1925 674 1958 habet.
716 1924 825 1959 πόλιν
863 1938 914 1965 ως

256 1971 344 2010 ε’πος
371 1971 486 2005 εἰπεῖν
515 1970 600 2004 Lob.
638 1972 714 2005 Vat
744 1972 916 2005 M.F10r.

254 2019 299 2052 T.
332 2019 411 2050 Bas.
447 2018 479 2050 b.
528 2017 632 2057 „Alia
664 2017 833 2050 invenitur
865 2018 916 2050 le-

256 2064 338 2105 ctio,
360 2060 470 2097 πόλιν
489 2059 539 2102 ὠς
558 2060 645 2116 ἔπος
663 2063 779 2096 εἰπεῖν
795 2061 915 2097 ἐλευθ.

256 2115 322 2144 etc.
371 2110 440 2142 Sed
466 2110 549 2142 haec
584 2109 763 2153 ἰιιορείεεε
787 2122 829 2143 ex
861 2121 916 2142 se-

256 2155 439 2209 quentibus
461 2155 568 2187 videri
591 2160 753 2199 possunt.
780 2167 821 2188 ac
844 2167 917 2188 ma-

255 2202 312 2235 lim
346 2213 396 2239 ως
432 2201 533 2233 etiam
565 2206 600 2233 et
634 2200 749 2234 εἰπεῖν
783 2203 916 2242 abesse,

256 2259 357 2292 quam
379 2244 484 2279 illisi
471 2246 559 2285 ε’πος
578 2247 737 2279 intexiici.
771 2248 917 2280 Possunt

257 2299 370 2327 autem
407 2298 442 2325 et
471 2292 720 2336 interrogative
753 2294 837 2326 haec
868 2293 917 2326 le—

257 2340 337 2383 gi.“
361 2339 482 2383 Steph.
513 2339 546 2371 in
577 2350 618 2372 ιιι.
670 2340 818 2383 lueptam
843 2351 917 2372 esse

256 2386 349 2418 illam
401 2385 576 2417 lectionem
622 2390 715 2417 reete
752 2385 918 2418 iudicavit

259 2431 472 2482 Stephanus,
485 2436 521 2462 et
539 2430 649 2463 νὶᾶειί
673 2437 785 2485 pqtest
802 2442 843 2464 ex
862 2443 918 2464 se·-

260 2475 472 2530 quentibus
462 2476 656 2530 lrrepsisse,
678 2489 707 2509 n.
713 2478 739 2510 si
759 2478 848 2510 forte
867 2477 917 2510 di-

258 2522 402 2556 ctionem
424 2521 598 2565 vulgarem
623 2534 673 2560 ως
695 2521 781 2561 ε’πος
801 2523 917 2556 εἰπεῖν

259 2548 504 2602 similitudini?
519 2578 641 2601 caussa
676 2573 712 2601 et
743 2569 787 2602 ad
810 2570 918 2602 inter—

259 2612 458 2666 pretapdam
483 2612 644 2646 rariorem
668 2626 734 2647 non
751 2615 866 2659 inepte
883 2615 917 2648 in

261 2671 412 2703 maxgme
443 2658 589 2703 positam
620 2659 766 2704 imperiti
790 2661 918 2694 librasti

260 2707 294 2739 in
325 2709 454 2738 textum
484 2711 698 2758 recepe1unt.
758 2706 918 2740 Ceterum

261 2751 399 2786 Ficinus
432 2762 494 2784 nec
526 2762 577 2790 ως
606 2762 669 2784 nec
708 2751 826 2787 εἰπεῖν
856 2765 917 2786 ex-

972 1359 1040 1387 tem
1061 1355 1277 1396 tyrannicam
1303 1355 1394 1388 dices
1413 1367 1459 1387 απ
1475 1355 1636 1389 servam?

973 1399 1137 1432 Extrema
1161 1400 1325 1444 Stephani
1348 1401 1454 1433 verba
1480 1401 1636 1434 Aldinam

972 1446 1180 1489 respiciunt,
1215 1458 1303 1490 quae
1328 1452 1406 1490 post
1430 1444 1524 1489 ἐρεῖς
1549 1459 1636 1491 pun-

973 1496 1063 1524 ctum
1097 1492 1169 1524 sine
1209 1491 1480 1534 interrogatione
1520 1493 1637 1535 habet,

973 1537 1068 1570 cuius
1105 1543 1218 1570 tamen
1263 1542 1299 1570 et
1345 1538 1558 1572 ssasileenses
1600 1544 1638 1572 et

973 1582 1049 1626 ipse
1082 1584 1278 1627 Stephanus
1311 1583 1465 1627 sigmun‚
1501 1588 1539 1618 ut
1573 1596 1637 1630 par

975 1633 1068 1669 erat,
1095 1634 1290 1673 posuerunt.

983 1683 987 1686 ’
1019 1673 1102 1718 τὴν]
1129 1687 1194 1708 om.
1221 1677 1297 1711 vat.
1322 1676 1367 1710 H.

1020 1719 1104 1775 ε’φη]
1133 1719 1227 1775 ε’φην
1252 1722 1335 1755 Lob.

1020 1764 1127 1812 ὁρᾷς]
1156 1764 1231 1810 ὁρῶ
1257 1768 1349 1801 Mon.
1375 1768 1415 1800 B.

1019 1821 1130 1867 ε’,φη]
1164 1823 1256 1868 ε’φηε
1288 1825 1386 1859 Vind.
1421 1825 1463 1859 E.
1524 1825 1571 1858 Et
1601 1825 1636 1859 ἰιι

972 1869 1070 1903 Vind.
1114 1871 1151 1902 B.
1193 1871 1348 1904 Socratis
1395 1882 1513 1905 nomen
1555 1877 1635 1904 ante

974 1913 1145 1958 σμικρόν,
1188 1917 1372 1950 Glaucoms
1405 1922 1484 1950 ante
1516 1915 1558 1951 τὸ
1594 1915 1635 1950 δὲ

972 1958 1061 1995 ὅλον
1088 1973 1109 1994 a
1134 1974 1176 1995 m.
1201 1974 1227 1995 s.
1252 1963 1382 1995 illatum
1406 1967 1466 1995 est.

1019 2005 1196 2052 σμικρόν]
1229 2006 1360 2050 μικρόν
1390 2008 1469 2042 Par.
1494 2008 1538 2042 K.
1563 2020 1633 2042 sec.

972 2052 1047 2097 Bip.

1017 2097 1156 2142 καὶτὸ]
1181 2097 1223 2133 τὸ
1255 2112 1319 2133 om.
1346 2100 1436 2133 Flor.
1464 2101 1508 2134 T.

1019 2142 1063 2178 ου’
1094 2144 1179 2188 καὶ]
1208 2142 1275 2179 οιῖκ
1308 2146 1405 2180 vind.
1436 2146 1507 2179 ΒΕ.
1540 2146 1632 2180 Flor.

971 2191 1076 2224 ACV.
1102 2191 1190 2233 „noaz
1216 2204 1278 2225 om.
1292 2192 1390 2226 Vind.
1405 2193 1445 2225 B.
1472 2193 1633 2227 Vat.H.“

972 2249 1105 2270 necesse
1127 2243 1174 2270 cst
1196 2239 1231 2271 ιἰι
1250 2240 1309 2271 illo
1328 2259 1372 2262 —
1385 2266 1392 2273 .
1418 2239 1492 2272 Fic.

1020 2293 1190 2333 δουλείας
1207 2306 1245 2328 τε
1268 2294 1330 2329 καὶ
1354 2292 1632 2341 ἀνελευθερίας]

972 2341 1208 2374 illiberalitate
1229 2348 1260 2375 et
1274 2343 1437 2375 servitute
1451 2342 1525 2376 Fic.
1548 2342 1633 2376 δου-

972 2386 1052 2425 λίας
1079 2406 1125 2411 -
1156 2388 1245 2420 Μοιι.
1270 2389 1310 2421 B.
1337 2400 1356 2421 a
1382 2400 1423 2421 m.
1448 2400 1499 2432 pr.
1524 2408 1570 2413 —-
1594 2400 1634 2422 τε

972 2445 1036 2465 om.
1067 2433 1144 2466 Par.
1175 2433 1218 2466 K.
1252 2454 1297 2458 -—
1327 2433 1389 2468 καὶ
1420 2431 1634 2478 ἐλευθερίας

972 2478 1057 2511 Lob.
1084 2479 1183 2512 vind.
1207 2479 1250 2512 Ε.
1276 2481 1353 2513 Vat.
1379 2480 1458 2514 ΒΜ.
1485 2482 1569 2516 Ven.
1591 2480 1632 2513 C.

1020 2521 1139 2557 αὐτοῦ
1145 2524 1179 2568 ,]
1213 2522 1356 2567 αὕτοῦ,·
1389 2527 1508 2571 Steph.
1557 2527 1631 2560 Ast.

973 2582 1023 2615 pr.
1050 2582 1119 2604 sec.

1020 2613 1158 2660 αὐτῆς]
1195 2613 1318 2660 αὐτὴν
1358 2618 1454 2652 Vind.
1487 2618 1528 2652 Ε.
1572 2630 1635 2663 per

974 2663 1204 2706 compendium
1236 2663 1345 2704 idem,
1388 2665 1478 2709 quod
1522 2664 1634 2698 Bastii

973 2709 1043 2741 tab.
1071 2708 1137 2752 pal.
1161 2709 1542 2765 11.1.1epraesentat.

1019 2751 1184 2800 σμικρὸν]
1211 2752 1342 2800 μικρὸν
1361 2756 1458 2790 vind.
1482 2757 1522 2790 B.
