1764 3176
572 147 1046 224 EDI'sORIS.
1361 197 1522 224 xxxxv

133 304 223 335 trum
245 299 348 333 estin
376 300 490 342 aliqua
512 299 688 343 multiplici
717 299 871 341 ratione,
902 304 938 332 ut
957 303 1009 332 est
1032 299 1216 342 Diapason.
1275 299 1376 334 Quae
1391 302 1524 334 tantum

133 357 311 390 harmonia
340 362 442 390 aucta
472 357 648 390 constituit
678 355 880 389 harmonias.
939 355 1023 388 Ideo
1051 357 1082 389 ei
1102 357 1165 389 soli
1184 354 1387 389 Aristoteles
1406 357 1526 390 tribuit

133 413 330 457 antiphona,
352 418 390 446 ut
407 418 460 447 est
478 414 592 447 videre
611 413 645 446 in
666 414 799 446 decima
821 423 911 446 nona
930 413 1083 445 sectione
1095 413 1364 445 Problematum.
1394 414 1529 447 Deinde

133 481 298 513 quasnam
333 469 527 504 harmonias
554 469 706 503 efficeret
733 470 923 512 composita
942 469 1180 511 sesquitertia,
1215 480 1291 502 cum
1315 471 1349 503 in
1379 474 1452 503 tota
1472 481 1529 504 re—

133 538 208 560 rum
229 531 376 568 natura,
406 532 475 561 tres
507 531 640 560 tantum
674 526 848 570 perfectae
881 525 1081 559 harmoniae
1103 526 1261 558 inventae
1288 527 1376 567 sint,
1406 537 1529 570 nempe

133 585 330 627 Diapason,
370 584 562 627 Diapente,
592 588 627 616 et
654 584 891 617 Diatessaron.
921 583 1043 625 quibus
1078 587 1272 625 congruunt
1304 584 1530 627 compositae,

133 641 383 682 Disdiapason‚
423 645 457 674 et
495 641 670 683 Diapason
712 651 788 673 cum
827 640 1007 682 Diapente.
1077 641 1177 675 Quae
1206 638 1405 673 harmoniae
1438 642 1529 674 nullo

132 697 235 730 modo
254 698 340 730 fiunt
363 707 405 730 ex
421 697 667 739 compositione
683 701 742 730 aut
760 697 999 739 Diatessaron,
1032 700 1090 729 aut
1109 696 1292 738 Diapente.
1351 696 1441 730 Num
1464 698 1530 739 igi-

132 759 187 787 tur
204 754 420 796 ignorantiae
434 780 444 795 ,
473 758 532 787 aut
552 754 762 795 illibertatis,
794 753 883 795 quod
915 764 978 786 sua
998 754 1144 786 noluerit
1166 753 1329 795 intelligi,
1361 764 1528 787 accusan-

132 811 196 844 dus
217 815 270 843 est
292 811 412 851 Plato,
442 810 730 854 Philosophorum
750 810 1093 853 praestantissimus?
1132 809 1299 843 Neutrum
1323 809 1442 843 horum
1460 812 1529 844 ullo

132 867 234 900 modo
255 867 512 900 concedendum
534 872 606 900 est:
638 868 753 900 veriim
778 867 1053 910 respondendnm
1081 871 1153 908 est,
1184 878 1259 900 eum
1290 867 1431 900 abusum
1453 878 1528 901 esse

131 925 268 957 nomine
284 923 481 957 harmoniae
498 935 559 967 pro
581 924 813 965 dissonantia,
845 934 932 966 quae
961 928 1126 966 generata
1158 928 1209 956 est
1237 934 1280 957 ex
1307 925 1474 957 concinna
1494 928 1528 957 et

132 981 225 1014 suavi
250 979 428 1014 harmonia
452 982 689 1014 Diatessaron.
748 982 847 1013 Sicut
866 981 966 1022 vulgo
999 982 1252 1024 receptaculum
1274 981 1450 1014 cadaveris
1472 981 1525 1014 di-

132 1038 239 1070 cimus
268 1037 483 1081 sepulchrum
515 1037 678 1080 hominis,
714 1038 777 1081 ipsi
799 1038 956 1071 cadaveri
979 1039 1166 1071 tribuentes
1188 1039 1336 1080 priorem
1359 1037 1524 1073 habitum.

132 1095 185 1127 Ita
205 1104 344 1136 prorsus
360 1095 615 1137 intelligendum
649 1100 702 1128 est
730 1095 932 1128 vocabulum
962 1092 1027 1136 τῆς
1063 1089 1265 1137 ἁρμονίας,
1294 1095 1322 1127 si
1344 1095 1523 1128 retinenda

133 1154 186 1183 est
201 1150 287 1183 haec
304 1152 426 1192 lectio,
457 1162 544 1193 quae
571 1152 674 1184 etiam
706 1152 740 1184 in
759 1150 945 1184 Aristotele
968 1154 1073 1187 extat,
1135 1151 1172 1184 Si
1192 1152 1270 1184 vero
1293 1153 1376 1184 satis
1398 1152 1524 1194 graece

132 1211 249 1250 posset
276 1207 344 1241 dici
371 1206 622 1249 δυσαρμονία,
658 1219 720 1251 pro
749 1204 817 1240 δύο
851 1201 1033 1248 ἁρμονίας
1074 1208 1224 1250 legerem
1262 1206 1524 1250 δυσαρμονίας,

131 1264 229 1306 quasi
244 1264 348 1305 dicat,
377 1264 604 1307 Sesquitertia
626 1266 714 1298 ratio
731 1265 964 1309 Diatessaron,
986 1275 1074 1307 quae
1096 1269 1147 1298 est
1166 1266 1278 1307 imago
1298 1265 1524 1308 Reipublicae

130 1324 233 1354 aucta
263 1320 451 1354 secundum
484 1322 623 1354 ternarii
648 1322 912 1364 perfectionem,
942 1332 1007 1354 non
1037 1322 1196 1364 producit
1223 1322 1407 1355 retinentia
1441 1332 1525 1355 suae

129 1377 271 1420 originis
289 1378 413 1411 iustam
443 1377 654 1411 harmoniam
689 1383 724 1412 et
745 1378 965 1419 suavitatem,
996 1379 1055 1411 sed
1085 1390 1187 1422 puras
1217 1383 1316 1421 putas
1343 1379 1525 1412 dissonan-

129 1435 210 1469 tias.
266 1434 320 1467 Ita
339 1439 374 1467 et
396 1435 526 1478 optima
545 1435 697 1478 Respub.
731 1446 806 1468 cum
833 1435 987 1478 pervenit
1020 1436 1062 1468 ad
1089 1436 1278 1478 perfectam
1307 1437 1358 1468 sui
1388 1436 1526 1469 auctio-

130 1501 232 1532 nem,
258 1501 326 1524 non
348 1492 474 1524 retinet
493 1502 589 1525 suum
608 1493 799 1526 naturalem
826 1496 974 1533 statum,
1006 1493 1048 1524 ab
1072 1493 1167 1525 initio
1190 1493 1432 1534 constitutum,
1461 1491 1525 1526 'sed

129 1557 269 1591 prorsus
295 1548 467 1582 contraria
487 1549 646 1591 producit
665 1549 875 1582 destruentia
905 1548 1114 1582 harmoniam
1136 1550 1254 1592 ipsius⁷
1284 1560 1406 1592 nempe
1431 1550 1525 1592 leges

130 1608 167 1638 et
189 1608 298 1637 totam
320 1605 453 1648 imperii
471 1605 627 1640 formam.
685 1606 755 1639 Per
775 1607 999 1639 Harmoniam
1020 1607 1108 1638 enim
1137 1607 1319 1649 praecipue
1342 1606 1526 1641 [Platonem

130 1661 317 1704 depingere
334 1663 427 1702 leges
444 1661 655 1705 Rerumpub.
686 1663 787 1695 facile
816 1666 951 1695 constat
984 1673 1027 1695 ex
1053 1663 1246 1696 Aristotelis
1278 1663 1432 1695 sectione
1463 1662 1525 1696 de-

131 1718 219 1750 cima
235 1728 338 1760 nona,
367 1718 555 1752 Problst‘ssss.
580 1716 794 1765 (Aristotelis
818 1720 920 1751 verba
941 1720 985 1752 nil
1013 1719 1082 1752 tale
1099 1719 1246 1752 docent:
1278 1714 1340 1751 διὰ
1359 1717 1396 1751 τί
1414 1714 1525 1760 νόμοι

131 1771 334 1806 καλοῦνται
364 1768 431 1811 οὓς
451 1769 629 1820 ᾇδουσινς
661 1768 684 1817 ἢ
713 1770 770 1807 ὅτι
801 1772 889 1817 πρὶν
923 1770 1147 1807 ἐπίστασθαι
1183 1770 1402 1817 γράμματα,
1430 1768 1525 1819 ᾖδον

129 1825 221 1867 τούς
237 1825 390 1872 νόμους,
420 1823 522 1867 ὅπως
543 1825 593 1874 μή
618 1826 872 1863 ἐπιλάθωνται
887 1829 926 1877 ,·)
967 1832 1149 1865 Caeterum
1170 1843 1246 1866 cum
1272 1833 1386 1865 onmia
1406 1843 1523 1866 exem-

129 1887 239 1931 plaria
257 1888 375 1930 legant
396 1883 467 1919 δύο
491 1881 693 1929 ἁρμονίας,
724 1899 789 1921 nec
809 1889 934 1921 usitata
948 1914 958 1929 ,
989 1889 1056 1921 imo
1076 1889 1257 1922 durissima
1279 1890 1323 1922 sit
1337 1890 1522 1932 appellatio

130 1941 382 1985 δυσαρμονία,
412 1944 619 1977 retineamus
653 1945 813 1978 usitatam
844 1946 1035 1979 lectionem.
1096 1945 1142 1978 Et
1175 1946 1278 1979 credo
1299 1945 1387 1979 hanc
1410 1947 1521 1980 verio-

129 2011 202 2034 rem
224 2011 318 2041 esse,
349 2001 391 2034 eo
416 2001 506 2043 quod
532 2001 634 2034 Plato
668 2003 833 2035 maximas
850 2002 1192 2044 Rerumpublicarum
1221 2003 1459 2045 dissipationes
1487 2006 1522 2036 et

129 2056 347 2091 confusiones
374 2058 518 2090 voluerit
560 2059 702 2101 pingere
733 2059 864 2091 duabus
891 2060 1037 2092 maxime
1070 2060 1256 2101 insignibus
1289 2060 1521 2104 dissonamus,

130 2124 219 2157 quae
237 2115 271 2147 in
293 2113 359 2146 hac
381 2114 610 2157 triplicatione
634 2116 776 2148 laterum
800 2116 976 2149 dulcisono
999 2116 1214 2149 diatessaron
1234 2117 1415 2158 accedunt,
1444 2127 1521 2150 ma-

129 2174 256 2213 netque
271 2171 345 2213 ipsa
364 2171 548 2204 similitudo
566 2172 738 2205 illustrior.
778 2173 974 2206 Pertineret
994 2177 1174 2214 praeterea
1195 2173 1238 2205 ad
1258 2174 1520 2215 explicationem

129 2227 285 2260 vocabuli
307 2226 521 2270 harmonias,
551 2228 703 2261 definitio
721 2230 794 2262 eius
816 2228 1047 2271 Pythagorica
1064 2253 1073 2269 ‚
1106 2240 1181 2262 cum
1202 2229 1348 2272 quadam
1368 2231 1520 2273 explica-

129 2284 235 2318 tione.
275 2284 363 2317 Item
385 2284 516 2317 erudita
531 2284 717 2327 disputatio
743 2286 785 2319 de
804 2286 1024 2319 fundamento
1043 2286 1380 2328 concordantiarum,
1400 2288 1521 2328 quibus

128 2344 271 2373 utuntur
287 2339 388 2373 hodie
408 2345 565 2374 cantores
591 2342 626 2374 in
647 2342 927 2386 Contrapuncto,
964 2347 1001 2375 ut
1015 2348 1154 2376 vocant:
1187 2343 1426 2386 quomodoque
1443 2344 1522 2377 illae

129 2397 225 2439 ipsae
249 2397 465 2430 consentiant
490 2408 565 2430 cum
594 2397 777 2432 harmoniis
804 2399 1056 2442 Pythagoricis,
1114 2400 1201 2432 ltem
1232 2411 1274 2432 an
1305 2411 1347 2433 ex
1376 2411 1521 2434 concor-

129 2453 254 2486 dantiis
275 2458 452 2487 cantorum
475 2455 611 2497 quidam
630 2456 726 2489 recte
749 2456 954 2489 concludant
968 2481 977 2497 ‚
1007 2456 1228 2489 Diatessaron
1258 2467 1326 2490 non
1347 2467 1422 2490 esse
1441 2456 1522 2490 har-

130 2509 290 2544 moniam.
347 2510 418 2543 Sed
449 2510 519 2544 hocv
543 2512 619 2544 loco
651 2511 807 2546 habenda
841 2517 893 2546 est
920 2514 1009 2546 ratio
1031 2514 1217 2547 brevitatis.
1276 2513 1359 2546 Ideo
1380 2513 1448 2547 hoc
1469 2515 1522 2547 la-

129 2567 213 2599 bore
234 2567 483 2608 supersedebo,
514 2561 715 2610 praesertim
742 2580 818 2602 cum
834 2569 921 2602 haec
940 2570 1087 2602 maxima
1106 2580 1149 2602 ex
1175 2573 1274 2612 parte
1301 2571 1433 2613 possint
1453 2571 1523 2613 peti

131 2633 173 2656 ex
194 2623 329 2655 Musica
349 2624 471 2664 Boetii,
501 2628 560 2657 aut
583 2625 806 2667 Stapulensis.
865 2626 1049 2660 Postremo
1068 2626 1172 2667 igitur
1192 2627 1224 2659 in
1240 2625 1305 2659 hoc
1326 2627 1418 2660 dicto
1440 2627 1523 2660 Pla-

130 2679 220 2712 tonis
237 2679 437 2721 Triplicatio
466 2681 676 2724 intelligatur
710 2694 773 2724 ea,
806 2694 907 2725 quam
936 2683 1036 2724 vulgo
1071 2683 1319 2716 cubicationem
1351 2694 1521 2718 vocamus·

130 2735 229 2768 Sicut
248 2735 335 2768 infra
359 2736 392 2769 in
415 2737 635 2771 Geometrica
656 2741 895 2782 progressione
915 2739 1070 2772 Platonis
1085 2765 1093 2779 ,
1125 2740 1339 2772 surdesolida
1359 2741 1522 2783 multipli-

131 2793 220 2826 catio
256 2793 430 2835 utriusque
460 2795 590 2828 numeri
616 2790 648 2831 4.
681 2800 715 2830 et
743 2796 777 2832 3.
808 2796 875 2830 dici
901 2800 1015 2840 potest
1040 2793 1280 2840 qmntuplatio.
1347 2797 1398 2830 Eo
1428 2797 1517 2831 enim
