1764 3176
273 93 331 133 86

275 197 485 253 δρότερον
547 196 763 254 ἑπόμενον
773 213 785 227 ·
851 199 930 253 οὓς

732 88 1202 133 PLATONIS

987 201 1041 258 δὴ
1095 199 1416 257 ἅφωμοιοῦμεν
1474 199 1655 255 κηφῆσι,

274 266 380 318 τούς
408 267 489 321 μὲν
513 265 675 321 κέντρα
703 266 876 324 ἔχουσι,
912 270 1017 322 τούς
1050 268 1097 314 δὲ
1122 267 1362 322 οἷκέντροις.
1389 265 1480 310 Καὶ
1506 264 1656 321 ὀρθῶς

277 333 335 391 γ’,
365 335 464 392 ἔφη.
529 334 682 378 Τούτω
711 338 886 389 τοίνυν,
915 332 973 395 ἦν
1001 336 1043 382 δ’
1073 336 1182 393 ἐγώ,
1207 333 1468 391 ταράττετον
1495 333 1544 377 ἐν
1572 332 1655 378 πά-

277 414 333 459 σῃ
362 404 561 460 πολιτείᾳ
603 402 915 460 ἐγγιγνομένω,
962 403 1061 449 οἷον
1099 405 1200 460 περὶ
1238 406 1364 459 σῶμα
1401 402 1572 459 φλέγμα
1606 417 1654 446 τε

217 481 249 522 C
279 471 352 514 καὶ
381 469 501 527 χολή.
543 468 581 514 οἳ
609 470 662 526 δὴ
691 472 765 514 καὶ
794 474 862 516 δεῖ
886 471 967 516 τὸν
994 471 1168 529 ἀγαθὸν
1205 469 1359 527 ἰατρόν
1394 485 1440 513 τε
1468 469 1543 513 καὶ
1569 485 1653 514 νο·-

277 538 473 596 μοθέτην
500 538 666 589 πόλεως
695 538 753 595 μὴ
781 534 932 595 ἧττον,
974 539 1003 598 ἢ
1033 540 1178 597 σοφὸν
1207 538 1519 596 μελιττουργὸν
1545 537 1653 594 ad&-

278 607 426 661 ῥωθεν
454 604 760 662 εὐλαβεῖσθαι,
804 607 991 664 μάλιστα
1029 609 1126 666 μὲν,
1167 607 1286 660 ὅπως
1325 607 1385 663 μὴ
1423 605 1653 664 ἐγγενήσε-

277 771 313 800 et
350 766 604 800 Stallbaumius.
652 764 935 811 ἀνανδρότατον

276 812 411 857 reliqui,
435 812 539 846 etiam
562 812 752 848 Bekkerus.
797 814 843 846 At
870 825 936 848 non

278 860 385 892 solum
415 857 440 892 ii
471 862 675 902 sequuntur,
707 857 764 903 qui
794 858 938 892 omnium

276 904 413 937 minime
445 904 551 937 fortes
575 910 674 945 sunt,
711 904 772 939 sed
795 905 938 949 quicun-

276 961 345 1006 que
368 961 434 983 non
457 950 630 984 fortissimi
655 953 752 994 sunt,
787 951 820 984 h.
845 963 875 984 e.
901 950 937 985 οὶ

280 993 560 1051 α’νανδρότεροι.
611 996 653 1032 V.
684 996 776 1029 infra
809 995 934 1032 Ι).τό

276 1054 342 1085 μεν
377 1039 623 1098 δριμύτατον,
664 1042 718 1076 cni
755 1043 940 1087 respondet

278 1086 322 1122 τὸ
351 1085 391 1122 δ’
415 1085 515 1121 α’λλο.
562 1089 655 1121 Idem
687 1089 794 1123 sensit
830 1088 939 1123 Bern-

278 1134 386 1189 hardy
411 1139 499 1178 synt.
523 1130 556 1178 p.
581 1136 660 1170 436.

326 1176 617 1224 αφωμοιοῦμεν]
678 1178 938 1225 ἀφομοιοῦμεν

279 1226 359 1260 Par.
392 1228 433 1259 A.
472 1226 557 1259 Lob.
589 1226 687 1261 Vind.
720 1228 829 1262 BEF.
853 1234 889 1261 et
917 1240 938 1261 a

279 1283 322 1305 m.
347 1282 398 1316 pr.
424 1272 518 1305 Mon.
535 1273 576 1305 B.
604 1269 748 1316 (αφωμ
774 1285 796 1308 a
820 1285 863 1306 m.
889 1275 937 1318 s.)

280 1318 357 1352 Vat.
383 1318 498 1351 BHM.
524 1320 609 1353 Ven.
628 1319 668 1352 C.
694 1320 774 1353 Par.
785 1319 827 1353 D.
852 1320 938 1364 Ang.

277 1365 318 1397 B.
337 1363 412 1399 Ald.
436 1365 516 1397 Bas.
542 1365 596 1397 ab.
625 1365 697 1398 Iam
720 1365 940 1399 Florentinos

277 1421 394 1443 omnes
414 1409 647 1454 imperfectum
679 1411 840 1445 exhibere
863 1411 940 1455 quis

278 1456 491 1489 Stallbaumii
520 1456 654 1490 silentio
687 1458 834 1492 credet?
876 1457 940 1491 Ni-

279 1501 346 1535 hilo
379 1502 488 1535 minus
522 1514 622 1546 quum
656 1504 819 1537 Socrates
851 1503 940 1536 illam

277 1549 563 1592 comparationem
608 1561 673 1583 non
720 1561 808 1584 nunc
838 1548 938 1583 insti-

277 1597 373 1635 tuat,
405 1594 466 1628 sed
499 1597 599 1628 antea
630 1595 821 1629 institutam
854 1595 939 1628 Adi-

278 1643 411 1681 manto,
443 1652 510 1686 quo
539 1640 673 1674 facilius
707 1641 736 1675 is
771 1641 863 1675 dicta
886 1641 937 1674 in—

277 1686 432 1730 telligat,
477 1687 513 1720 in
555 1687 748 1721 memoriam
787 1691 938 1728 revocet,

279 1743 346 1776 quo
371 1731 471 1765 etiam
502 1731 571 1776 δὴ,
604 1738 643 1767 ut
669 1735 752 1775 scis,
774 1733 937 1778 pertinet,

277 1777 511 1822 imperfectum
534 1780 760 1812 necessarium
793 1783 828 1813 et
850 1780 936 1813 Ven.

278 1823 318 1857 B.
351 1824 432 1858 Par.
454 1824 500 1857 K.
534 1829 570 1857 et
600 1825 712 1858 Ficini
736 1826 937 1869 (compara-

279 1871 409 1913 vimus)
442 1870 647 1903 auctoritate
680 1872 714 1904 in
747 1875 815 1904 tam
842 1871 939 1905 tenui

278 1916 469 1949 litterarum
507 1915 705 1951 differentia
737 1920 847 1950 tutum
877 1917 939 1951 ha-

278 1963 421 1995 bendum
438 1961 587 1996 videtur.

324 2007 505 2064 κηφῆσι]
506 2008 650 2062 κιφῆσι
673 2007 773 2041 Vind.
799 2008 840 2041 F.

326 2052 470 2097 ἔχουσι]
494 2051 644 2110 ε’χοντας
667 2054 758 2087 Μοιι.
781 2054 821 2087 Β.
846 2053 940 2087 Flor-

281 2100 326 2133 U.
357 2101 438 2135 Par.
460 2100 504 2133 K.
538 2098 681 2144 ἔχουσι,
715 2112 791 2145 sup.
818 2111 941 2142 οντας,

280 2147 358 2179 Par.
383 2147 424 2179 D.

327 2189 541 2236 οἷκέντροις]
570 2189 772 2233 ἀκέντρους
793 2191 886 2225 Mon.
899 2192 940 2225 Β.

280 2238 359 2271 Par.
385 2239 461 2272 DK.
489 2239 568 2273 vat.
592 2239 636 2271 H.
668 2238 763 2271 Flor.
788 2238 896 2272 AUV.

324 2281 387 2328 γ’]
415 2295 454 2327 γε
478 2284 571 2318 Μοιι.
595 2285 636 2317 Β.

329 2338 484 2385 Τούτω]
522 2339 661 2375 τούτωι
697 2341 782 2375 Lol).

281 2387 356 2421 Ald.
382 2387 497 2421 τοῦτο
534 2388 635 2421 Vind.
659 2389 699 2422 B.

325 2431 572 2478 ταράττετον]
609 2431 833 2478 ταράττεται
855 2433 941 2467 Lob.

282 2481 361 2514 Vat.
394 2480 444 2513 M.

328 2523 590 2569 ἐγγιγνομένω]
628 2523 735 2569 ἐγγιν.
769 2525 869 2558 Vind.
902 2526 942 2559 Β.

282 2572 372 2605 Μοιι.
398 2573 438 2605 Β.
464 2572 555 2606 Flor.
582 2572 661 2606 UV.
687 2572 760 2606 Ald.
786 2572 864 2605 Bas.
887 2572 941 2605 ab.

280 2618 401 2662 Steph.
436 2622 472 2651 et
506 2618 729 2658 Bekkerus‚'‘
751 2618 809 2662 qni
842 2630 942 2663 quum

281 2666 418 2705 taceat,
442 2675 507 2696 non
534 2663 670 2696 videtur
693 2664 756 2696 hoc
780 2675 845 2697 nno
870 2664 942 2697 loco

282 2710 362 2742 illud
394 2722 415 2753 γ
447 2710 483 2743 in
507 2710 585 2742 Par.
610 2710 650 2741 A.
685 2721 749 2742 non
774 2710 943 2743 invenisse

281 2759 342 2790 aut
358 2755 583 2791 omittendum
606 2755 794 2798 iudicasse3
824 2768 942 2802 quam-

811 2339 941 2387 Τούτῳ

990 780 1091 814 quam
1116 778 1179 813 per
1202 778 1240 800 se
1263 777 1330 800 non
1356 765 1577 811 improbabile
1601 771 1655 800 est

991 814 1082 860 quod
1122 815 1181 848 Fr.
1216 813 1255 845 V.
1286 813 1461 847 Fritzsche
1485 814 1530 847 de
1559 813 1654 847 Atti-

991 862 1095 895 cismo
1132 865 1167 894 et
1207 858 1462 904 orthographia
1509 857 1656 892 Luciam·

993 918 1110 940 comm.
1144 905 1171 940 Ι.
1204 917 1239 949 p.
1264 905 1297 938 6.
1323 905 1496 946 ostendit,
1520 904 1655 939 Atticos

991 957 1031 986 ut
1070 949 1300 994 ἐμπίπλαμαι
1341 953 1376 984 et
1413 947 1656 994 ἐμπίπραμαι,

991 998 1040 1031 sic
1064 995 1269 1050 ἐγγίνομαι
1276 995 1392 1030 dicere
1422 996 1581 1030 maluisse
1603 995 1656 1029 vi

991 1043 1085 1086 deri3
1125 1043 1181 1076 cui
1215 1042 1366 1086 opinioni
1400 1041 1656 1086 συγγινώσκεις

992 1090 1068 1125 Vol.
1090 1088 1138 1124 ΙΙ.
1195 1090 1285 1123 .99.
1315 1100 1336 1121 a
1359 1089 1457 1122 nobis
1480 1092 1654 1134 receptum

992 1140 1028 1169 et
1058 1136 1239 1180 probatum
1271 1133 1400 1179 aliquid
1431 1134 1563 1168 roboris
1593 1134 1655 1168 ads

992 1181 1055 1214 dit.
1111 1180 1182 1214 Sed
1224 1184 1339 1213 tamen
1378 1180 1655 1225 quemadmodum

992 1225 1247 1270 ἐμπίμπλαμαι
1270 1225 1348 1260 Vol.
1371 1226 1399 1260 I.
1422 1238 1456 1271 p.
1466 1228 1546 1261 283.
1570 1238 1656 1260 non-

994 1284 1163 1318 nunquam
1186 1272 1220 1304 in
1242 1271 1378 1327 optimis
1402 1273 1573 1306 codicibus
1593 1284 1655 1306 ex-

994 1325 1088 1353 stare
1111 1318 1267 1360 vidimus,
1284 1317 1333 1351 ita
1353 1314 1591 1373 ἐγγίγνωνται
1613 1318 1655 1354 L.

994 1410 1048 1444 ius
1065 1377 1148 1444 libri
1178 1422 1210 1455 p.
1232 1410 1312 1444 557.
1334 1409 1376 1442 C.
1408 1415 1444 1443 et
1476 1410 1544 1444 alia
1567 1410 1655 1444 eius-

995 1457 1072 1490 dem
1095 1456 1184 1489 modi
1212 1455 1294 1490 alibi
1327 1455 1517 1489 certissima
1550 1457 1657 1489 habe·

995 1514 1080 1536 mus.
1129 1502 1251 1547 Neque
1292 1502 1354 1535 hoc
1389 1502 1424 1535 in
1463 1502 1538 1535 loco
1569 1502 1656 1537 Lob.

995 1548 1095 1582 Vind.
1120 1548 1194 1582 EF.
1218 1546 1465 1582 Flor.ACRT.
1490 1547 1546 1589 iis,
1571 1560 1658 1593 quos

992 1606 1013 1638 γ
1052 1594 1209 1627 omittere
1243 1598 1396 1635 constet,
1432 1594 1658 1639 postponendi

992 1644 1081 1675 sunt.
1130 1639 1293 1672 Ceterum
1314 1639 1454 1673 ultimae
1477 1651 1506 1672 ω
1530 1640 1616 1674 Lob.
1643 1652 1657 1674 ι

992 1685 1219 1730 adscriptum,
1243 1685 1318 1719 Ald.
1332 1685 1412 1720 Bas.
1430 1686 1485 1721 ab.
1506 1685 1657 1721 subscri-

968 1751 970 1753 ·
991 1738 1085 1777 ptum
1108 1732 1245 1765 habent.

1040 1784 1421 1844 &offlmdzvind
1464 1788 1505 1822 F.
1547 1781 1659 1833 mor)

994 1835 1095 1868 Vind.
1105 1835 1180 1869 BE.
1205 1847 1252 1868 me.
1274 1832 1321 1879 δὴ
1348 1834 1433 1868 Lob.
1456 1846 1484 1880 ῳ
1510 1833 1557 1879 δὴ
1579 1801 1659 1870 Αῑᾱη

994 1881 1076 1915 Bas.
1102 1882 1158 1915 ab.

1041 1925 1126 1982 και]
1161 1929 1239 1970 post
1262 1926 1320 1959 δεῖ
1341 1925 1427 1960 Lob.
1455 1925 1532 1959 vat.
1550 1926 1631 1961 BM.

1043 1970 1214 2017 ἀγαθὸν]
1242 1969 1392 2015 ἀγαθόν
1416 1982 1454 2005 τε
1480 1971 1559 2006 Vat.
1578 1972 1619 2006 B.

1041 2017 1324 2062 μελιττουργὸν]
1365 2018 1419 2051 Ita
1460 2017 1595 2050 codices
1633 2029 1656 2053 a

997 2078 1050 2100 me
1075 2065 1188 2098 collati
1212 2076 1327 2098 omnes
1348 2075 1426 2097 cum
1456 2063 1658 2098 editionibus

998 2111 1150 2146 omnibus
1173 2114 1252 2144 ante
1275 2109 1507 2153 Bipontinam‚
1530 2109 1565 2143 in
1588 2122 1658 2155 qua

995 2155 1235 2201 μελιτονργὸν
1257 2156 1393 2197 invitis,
1423 2158 1517 2189 certe
1539 2160 1660 2190 tacen-

997 2205 1087 2238 tibus
1127 2202 1315 2236 editoribus
1364 2201 1500 2245 legitur.
1569 2203 1658 2237 Eam

998 2249 1114 2284 Astius
1138 2249 1173 2282 in
1197 2261 1248 2294 pr.
1282 2252 1317 2282 et
1347 2260 1415 2281 sec.
1447 2260 1512 2281 non
1542 2248 1659 2295 inspe-

999 2301 1057 2330 cta
1080 2295 1314 2339 Stephaniana
1338 2295 1433 2337 (nam
1451 2296 1656 2339 μελιττουρ-

997 2340 1066 2386 γὸν
1092 2345 1222 2375 tantum
1247 2352 1289 2374 ex
1315 2340 1391 2375 Ald.
1415 2340 1494 2374 Bas.
1519 2342 1573 2376 ab.
1601 2353 1657 2375 re—

997 2388 1093 2430 tulit)
1118 2393 1254 2421 secutus
1278 2391 1352 2428 est,
1385 2387 1562 2421 Bekkerus
1596 2399 1658 2422 au-

999 2439 1068 2467 tem
1091 2431 1330 2477 μελιτουργὸν
1355 2445 1375 2466 a
1398 2444 1440 2465 ιιι.
1450 2445 1505 2477 pr.
1521 2433 1557 2466 in
1577 2434 1655 2468 Par.

998 2481 1037 2514 A.
1077 2483 1250 2513 exaratum
1276 2479 1403 2518 edidit
1440 2480 1482 2512 de
1516 2480 1658 2525 reliquis

999 2525 1172 2560 codicibus
1208 2526 1288 2558 nihil
1321 2505 1546 2568 significavit
1579 2529 1657 2560 tan-

999 2575 1069 2605 tum
1080 2572 1289 2616 Stephanum
1312 2569 1573 2614 μελιττουργὸν
1596 2573 1656 2606 ha-

998 2619 1080 2652 bere
1124 2618 1281 2651 ostendit.
1342 2617 1584 2651 Stallbaumius
1619 2619 1657 2653 in

999 2675 1051 2709 pr.
1075 2663 1223 2697 Bekkeri
1256 2669 1291 2697 et
1315 2663 1404 2696 Astii
1436 2666 1493 2705 et,
1531 2669 1570 2698 ut
1591 2676 1655 2709 pu—

999 2711 1116 2749 tabat,
1168 2709 1333 2753 Stephani
1368 2710 1545 2743 lectionem
1583 2710 1656 2744 sine

996 2756 1137 2790 alterius
1160 2756 1349 2797 mentione,
1370 2755 1404 2790 in
1428 2767 1496 2790 sec.
1515 2757 1657 2792 eandem

1132 1364 1210 1399 540.
1221 1365 1263 1398 C.
1288 1367 1324 1396 et
1347 1361 1568 1408 ἐγγίγνοιντο
1593 1365 1657 1397 hu-
1697 1366 1703 1370 ”
