1764 3176
253 135 385 162 xxxn
694 120 1224 166 PRAEFATIO

253 247 342 280 quae
361 237 405 272 de
432 237 596 272 cuborum
617 238 761 275 duorum
786 240 1069 284 multiplicatione
1094 252 1138 276 ex
1167 250 1277 284 eaque
1302 241 1498 276 necessario
1514 241 1643 286 produ-

251 294 362 328 cendo
384 305 472 328 novo
493 296 582 329 cubo
603 297 723 339 affert,
754 308 842 340 quae
861 298 974 331 omnia
990 298 1086 332 utilia
1113 298 1197 332 dicit
1225 297 1269 331 ad
1292 307 1468 332 numerum
1486 298 1644 333 Platonis

247 350 510 392 inveniendum,
552 362 595 386 ea
624 353 674 386 ita
699 357 779 387 sunt
811 358 1034 398 comparata,
1073 359 1112 388 ut
1147 354 1191 388 ad
1218 355 1379 388 amussim
1409 355 1644 399 respondeant

246 407 522 450 interpretationi
548 414 698 443 nostrae.
770 410 860 446 Quid
901 411 993 454 quod
1020 411 1113 454 ipsos
1141 411 1246 444 cubos
1270 415 1430 452 nostros,
1461 410 1482 444 8
1516 417 1551 446 et
1583 411 1642 454 27,

246 464 408 507 ipsosque
436 464 569 498 medios
606 477 724 500 eorum
757 467 944 508 terminos,
976 466 1019 500 12
1041 472 1075 500 et
1095 469 1159 509 18,
1190 467 1372 501 nominat?
1409 467 1530 510 Neque
1559 467 1642 502 illud

245 521 555 564 praetereundum,
585 523 675 565 quod
703 523 807 556 verbo
830 522 958 567 λαβεῖν
995 523 1101 556 utitur
1128 534 1190 567 pro
1216 519 1518 557 πολυπλασιάσαι
1537 528 1643 567 atque

245 575 312 610 hoc
334 577 444 620 ipsum
468 579 703 621 explicationis
732 590 837 612 causa
857 580 964 613 addit.
1022 579 1232 623 Respexisse
1254 580 1342 614 enim
1364 580 1499 614 videtur
1519 580 1564 614 ad
1583 581 1643 614 illa

244 632 400 666 Platonis
423 629 601 678 τέτταρας
623 632 664 669 δὲ
687 629 799 677 ὅρους
822 635 1026 682 λαβοῦσαι,
1059 647 1264 680 quamquam
1285 636 1350 670 hoc
1369 637 1445 670 loco
1463 648 1531 671 non
1551 648 1592 671 ea
1609 637 1643 671 vi

245 689 438 733 praeditum
470 701 548 724 esse
581 693 633 725 vel
666 692 805 726 additae
849 685 1075 731 ἀποστάσεις
1113 693 1310 729 ostendunt.
1375 693 1447 727 Sed
1475 693 1643 738 suspicari

246 747 327 780 licet
347 746 593 782 Nicomachum
625 749 693 782 duo
713 759 873 783 numeros
894 760 914 782 a
932 749 1080 783 Platone
1099 750 1310 792 significatos
1331 751 1504 784 statuisse.
1563 751 1643 794 Quo

245 803 355 846 magis
372 803 555 838 dolendum
588 809 641 838 est
667 806 777 849 ipsam
807 806 879 839 eius
908 806 1226 849 interpretationem
1259 807 1325 841 loci
1345 806 1518 842 Platonici
1540 805 1642 842 hodie

245 870 412 903 nusquam
430 861 572 894 inveniri
593 863 644 895 vel
665 863 779 906 potius
801 862 930 896 editam
951 863 995 896 ab
1011 873 1053 897 eo
1074 873 1247 906 nunquam
1267 863 1383 898 fuisse.

361 929 504 964 Tertius
517 931 722 966 Plutarchus
734 937 798 974 est,
819 933 914 966 cuius
926 934 1037 967 locum
1057 945 1077 967 a
1092 934 1291 968 Camerario
1302 934 1486 968 indicatum
1496 933 1643 969 Schnei-

248 987 362 1029 clerus,
388 988 438 1021 vir
462 988 690 1031 doctissimus,
709 991 742 1024 in
765 990 1020 1024 Commentario
1044 991 1088 1024 ad
1116 992 1228 1024 locum
1250 990 1486 1024 Aristotelium
1507 1002 1538 1034 p.
1558 990 1640 1026 360.

247 1044 418 1087 apposuit,
438 1055 480 1077 ex
502 1045 587 1080 libro
604 1047 647 1080 de
668 1047 760 1081 Iside
770 1052 802 1081 et
825 1047 962 1082 osiride
972 1047 1013 1080 T.
1032 1048 1076 1080 II.
1089 1058 1122 1090 p.
1142 1046 1222 1081 373.
1243 1048 1284 1081 Ε.
1302 1048 1468 1091 Francos.
1488 1045 1542 1092 (p.
1561 1047 1640 1083 181.

249 1098 412 1146 Hutten.)
431 1099 652 1143 Αἰγυπτίους
671 1101 709 1136 δὲ
724 1099 771 1136 ἄν
783 1113 840 1141 τις
855 1099 1012 1136 εἰκάσειε
1030 1102 1105 1135 τῶν
1120 1096 1342 1146 τριγώνωνὸ
1361 1103 1503 1148 (steph.
1520 1105 1642 1139 vitiose
1664 1096 1672 1113 ³

246 1152 308 1199 τὸ)
345 1152 559 1201 κάλλιστον,
590 1154 710 1206 τούτῳ
738 1154 806 1203 τήν
840 1159 906 1193 τοῦ
937 1154 1081 1199 παντός
1107 1155 1223 1201 φύσιν
1255 1154 1497 1202 ὁμοιοῦντας·
1525 1153 1553 1207 ᾧ
1579 1157 1642 1194 καὶ

248 1208 410 1247 Πλάτων
443 1210 482 1247 ἐν
511 1214 557 1259 τῇ
582 1215 760 1262 Πολιτείᾳ
788 1215 889 1249 δοκεῖ
924 1215 1246 1260 προσκεχρῆσθαι,
1286 1211 1328 1250 τὸ
1353 1213 1536 1259 γαμήλιον
1560 1212 1641 1250 διά-

245 1280 395 1313 γραμμα
425 1267 651 1308 συντάττων.
702 1270 773 1315 ἔχει
800 1265 840 1305 δ’
867 1269 984 1306 ἐκεῖνο
1016 1269 1060 1306 τὸ
1093 1272 1274 1316 τρίγωνον
1309 1271 1423 1314 τριῶν
1449 1269 1518 1316 τήν
1546 1268 1643 1316 πρὸς

245 1321 367 1370 ὀρθὰς
387 1325 448 1360 καὶ
473 1325 661 1371 τεττάρων
692 1326 760 1372 τὴν
781 1324 890 1374 βάσιν
915 1327 977 1362 καὶ
1006 1326 1114 1362 πέντε
1138 1326 1205 1372 τὴν
1231 1323 1526 1373 ὑποτείνουσαν,
1558 1328 1642 1364 ἴσον

243 1384 326 1423 ταῖς
343 1381 600 1427 περιεχούσαις
624 1382 847 1429 δυναμένην.
900 1383 1108 1419 Εἰκαστέον
1140 1379 1208 1420 οὗν
1225 1381 1293 1429 τὴν
1316 1381 1381 1428 μὲν
1399 1383 1496 1428 πρὸς
1516 1379 1641 1429 ὁρθὰς

243 1436 387 1484 ἄῤῥενι,
418 1437 489 1483 τὴν
511 1438 550 1474 δὲ
575 1437 684 1486 βάσιν
701 1443 847 1489 θηλείᾳ,
876 1439 943 1486 τὴν
965 1440 1004 1476 δὲ
1035 1438 1304 1476 ὑποτείνουσαν
1324 1436 1471 1484 άμφοῖν
1490 1439 1639 1490 ἐκγόνῳ.

241 1498 282 1531 In
302 1496 353 1530 his
375 1498 438 1530 etsi
460 1500 604 1541 erroris,
637 1501 695 1543 qui
726 1501 850 1534 deinde
867 1501 1059 1534 universam
1079 1499 1329 1534 arithmeticam
1356 1500 1512 1533 Platonis
1531 1501 1640 1534 inter-

243 1554 473 1598 pretationem
490 1558 673 1602 pervertit,
706 1558 849 1600 vestigia
870 1568 1041 1600 agnosco,
1072 1557 1154 1590 illud
1189 1562 1304 1590 tamen
1324 1557 1474 1590 nondum
1491 1558 1639 1599 invenio,

243 1611 334 1653 quod
357 1611 575 1645 Camerarius
597 1614 664 1654 ait,
695 1613 882 1647 Plutarcho
915 1614 1020 1647 videri
1038 1624 1213 1647 numerum
1243 1613 1489 1646 duodenarium
1510 1625 1639 1658 propo-

242 1668 344 1701 situm
369 1678 444 1701 esse
466 1679 486 1701 a
504 1669 673 1712 Platone,
704 1671 764 1704 sed
795 1671 968 1703 conciliari
994 1671 1066 1703 eius
1091 1671 1195 1703 verba
1221 1680 1298 1703 cum
1319 1680 1399 1703 vera
1428 1671 1560 1703 numeri
1578 1681 1641 1704 ex-

241 1724 411 1767 positione
439 1736 539 1767 posse
568 1727 736 1762 existimo.
792 1725 888 1760 Alter
919 1732 1033 1760 autem
1055 1725 1232 1760 Plutarchi
1253 1728 1369 1767 locus,
1401 1727 1444 1760 de
1471 1727 1639 1761 Procrea-

241 1781 336 1815 tione
366 1782 502 1815 animae
537 1783 741 1824 Platonica,
771 1794 804 1826 p.
838 1784 939 1817 1017.
972 1783 1010 1816 C.
1031 1779 1083 1826 (p.
1105 1783 1184 1818 298.
1220 1781 1383 1827 Hutten.)
1415 1794 1435 1816 a
1462 1782 1640 1817 Boeckhio

243 1848 378 1880 quoque
397 1838 541 1879 citatus,
573 1850 670 1881 quem
700 1839 930 1873 Schneiderus
962 1840 1157 1872 uberiorem
1178 1839 1310 1872 numeri
1330 1839 1500 1872 Platonici
1522 1840 1640 1874 decla-

244 1895 413 1928 rationem
433 1894 591 1928 habuisse
606 1897 737 1937 statuit,
767 1906 867 1938 quam
891 1896 1012 1938 ingens
1035 1897 1159 1929 lacuna
1178 1896 1368 1937 abstulerit,
1396 1895 1476 1929 mihi
1501 1896 1638 1938 quidem

245 1951 422 1984 consilium
461 1951 638 1986 Plutarchi
668 1953 861 1997 reputanti,
890 1957 1053 1995 quantum
1083 1952 1126 1985 ad
1158 1956 1313 1985 nostrum
1347 1953 1458 1985 locum
1490 1957 1637 1995 spectet,

243 2007 379 2049 integer
409 2009 546 2041 omnino
567 2010 710 2043 videtur.
768 2009 889 2052 Neque
915 2020 979 2051 ego
1010 2020 1069 2050 ea,
1101 2019 1188 2050 quae
1209 2007 1415 2041 Plutarchus
1444 2009 1570 2042 ibidem
1595 2009 1639 2043 de

245 2062 421 2097 harmonia
444 2065 478 2098 in
499 2076 640 2099 numero
658 2066 702 2099 35
722 2077 764 2100 ex
780 2065 1076 2109 Pythagoreorum
1093 2064 1250 2098 doctrina
1268 2066 1420 2108 protulit,
1440 2065 1484 2099 ad
1501 2070 1639 2099 nostras

244 2119 440 2154 harmonias
460 2123 680 2165 explicandas
709 2122 863 2156 adhiberi
894 2123 1014 2164 velim,
1045 2122 1170 2166 quippe
1199 2132 1288 2164 quae
1308 2122 1422 2155 omnia
1453 2122 1497 2156 ad
1517 2133 1638 2156 nume-

243 2187 301 2211 ros
323 2178 458 2211 animae
476 2179 510 2212 in
527 2180 672 2213 Timaeo
692 2179 873 2213 referenda
897 2180 976 2213 sint.

357 2248 484 2283 Similis
504 2249 712 2284 Plutarcheo
741 2251 836 2284 locus
857 2251 973 2284 Procli
1004 2254 1056 2284 est
1074 2251 1108 2283 in
1131 2249 1380 2283 Commentario
1401 2262 1506 2295 super
1523 2251 1638 2296 primo

241 2306 415 2350 Euclidis,
447 2307 502 2339 lib.
522 2308 581 2341 IV.
604 2319 636 2351 p.
661 2307 738 2341 111.
762 2308 816 2341 ed.
840 2308 949 2344 Basil.
976 2318 1076 2350 quem
1098 2308 1255 2350 quoniam
1288 2306 1368 2340 nihil
1387 2318 1407 2339 a
1429 2318 1511 2340 vera
1529 2308 1637 2342 inter-

242 2364 436 2406 pretatione
458 2363 614 2397 Platonis
635 2363 820 2397 abhorrens
845 2363 960 2405 habet,
977 2375 1045 2398 non
1062 2363 1284 2397 omittendum
1300 2363 1502 2406 putavimus,
1533 2375 1636 2407 quum
1680 2368 1684 2372 '

242 2420 442 2464 praesertim
465 2420 509 2453 ad
534 2421 822 2464 comprobandum
846 2421 892 2462 id,
925 2420 1015 2464 quod
1037 2431 1139 2463 supra
1160 2419 1202 2453 de
1227 2420 1400 2453 diametris
1423 2420 1552 2454 dictum
1572 2425 1638 2462 est,

240 2476 393 2510 nonnihil
425 2476 542 2511 saciat.
593 2478 708 2512 Verba
733 2477 818 2510 haec
837 2483 935 2511 sunt:
966 2475 1112 2509 Διττῶν
1144 2471 1184 2508 δὲ
1210 2470 1328 2508 ὄντων
1358 2474 1433 2509 τῶν
1469 2471 1638 2520 ὀρθογω-

240 2530 331 2565 νίων
352 2528 562 2575 τριγώνων,
594 2532 668 2567 τῶν
696 2529 762 2576 μὲν
784 2532 993 2576 ἰσοσκελῶν,
1024 2532 1099 2566 τῶν
1118 2527 1157 2565 δὲ
1177 2531 1380 2574 σκαληνῶν,
1413 2528 1452 2566 ἐν
1469 2529 1538 2575 μὲν
1558 2533 1637 2572 τοῖς

241 2585 461 2622 ἰσοσκέλεσιν
496 2601 565 2623 ονκ
598 2586 644 2624 ἄν
670 2601 760 2624 ποτε
782 2601 957 2634 ευροιμεν
984 2583 1173 2632 άριθμοῦς
1192 2584 1404 2631 ἐφαρμόσαι
1421 2590 1505 2628 ταῖς
1525 2590 1634 2623 πλευ·

240 2646 336 2689 ραῖς.
379 2657 423 2679 ου
446 2641 515 2689 γάρ
539 2642 638 2680 ἐστιν
658 2642 890 2691 τετράγωνος
915 2641 1081 2691 ἀριθμὸς
1097 2642 1330 2688 τετραγώνου
1354 2641 1571 2690 διπλάσιος,
1602 2644 1640 2680 εἰ

242 2713 293 2760 μὴ
319 2712 417 2761 λέγοι
446 2727 502 2755 τις
522 2715 588 2752 τὸν
608 2715 795 2762 σύνεγγυς.
833 2713 853 2752 ὁ
870 2715 941 2762 γὰρ
961 2712 1036 2752 άπὸ
1055 2716 1123 2752 τοῦ
1143 2718 1162 2758 ζ
1182 2715 1252 2750 τοῦ
1275 2710 1351 2751 άπό
1374 2715 1445 2751 τοῦ
1451 2728 1475 2751 ε
1504 2712 1636 2750 διπλά-

244 2783 324 2828 σιός
357 2784 454 2823 ἐστιν
487 2801 512 2823 α
539 2786 702 2829 δέοντος.
733 2785 773 2824 ἐν
804 2785 844 2824 δε
874 2790 953 2830 τοῖς
983 2789 1179 2834 σκαληνοῒς
1197 2784 1360 2823 δυνατὸν
1376 2787 1503 2835 λαβεῖν
1528 2783 1634 2833 ἐναρ-
