1764 3176
40 685 340 744 κγενόμενον
384 686 581 744 χρησμὸν
629 684 921 742 πολυψήφιδα
976 682 1084 737 παρ’

100 753 206 800 οὐδὲ
232 756 351 812 μένει
380 754 478 800 οὐδ’
510 757 693 799 αἰδεῖται
726 754 863 805 κακός
892 751 1019 797 εἶναι.

31 1093 67 1135 Β

425 162 748 208 CIVITAS
795 161 918 207 LIB.
958 163 1075 207 vm.

1115 167 1184 202 566
1432 165 1490 204 95

105 281 247 336 δῆμον
275 275 480 333 φύλακάς
507 293 633 330 τινας
659 280 740 321 τοῦ
770 274 995 331 σώματος,
1037 276 1112 319 ἵνα
1149 277 1237 325 σῶς
1280 270 1430 323 αὐτοῖς
1459 268 1489 327 ᾗ

105 347 131 393 6
159 350 240 391 τοῦ
268 345 413 403 δήμου
437 344 619 403 βοηθός.

678 345 765 390 Καὶ
795 343 914 401 μάλ’,
945 343 1041 401 ἔφη.
1100 342 1288 386 Διδόασι
1318 340 1395 397 δὴ,
1428 338 1488 383 οἷ-

102 432 201 472 μαι,
231 415 452 467 δείσαντες
479 415 560 471 μὲν
587 413 698 469 ὑπὲρ
729 413 924 466 ἐκείνου,
965 411 1271 467 θαρρήσαντες
1299 409 1345 452 δὲ
1375 407 1486 462 ὑπὲρ

102 483 285 528 ἑαυτῶν.
350 482 441 526 Καὶ
488 481 616 537 μάλα

686 478 867 524 Οὐκοῦν
915 484 1048 523 τοῦτο
1099 478 1206 522 ὅταν
1255 479 1328 534 ἰ’δῃ
1371 476 1486 532 ἀνὴρ
1520 477 1551 518 C

101 551 300 608 χρήματα
336 550 448 608 ἔχων
493 551 569 595 καὶ
605 549 711 607 μετα
747 553 838 592 τῶν
865 548 1102 604 χρημάτων
1136 548 1279 589 αἰτίαν
1309 545 1489 601 μισόδη-

36 651 38 654 >
101 635 183 675 μος
216 616 350 671 εἶναι,
389 619 486 663 τότε
515 618 569 675 δὴ
601 620 754 671 οὗτος,
798 619 832 660 ὠ
863 616 1028 672 ἑταῖρε,
1056 615 1166 659 κατα
1197 613 1277 658 τόν
1308 615 1489 670 Κροίσῳ

1117 682 1290 737 -Ἐρμον
1337 682 1491 738 φεύγει

1077 751 1142 795 Ου’
1173 750 1258 807 γὰρ
1290 751 1360 802 ἂν,
1381 751 1488 806 ε’,φη

101 823 310 880 δεύτερον
328 817 461 875 αὖθις
479 824 712 880 αἰδεσθείη
738 822 788 867 Ὁ
810 822 856 867 δέ
885 838 947 878 γε,
979 818 1115 877 οἶμαι,
1145 815 1200 876 ἦν
1231 817 1276 863 δ’
1298 818 1394 875 ἐγω,
1415 835 1487 861 κα-

145 980 186 1019 δὲ
211 981 418 1030 ἀδύνατοι]
453 982 499 1029 δὴ
527 981 679 1021 &Vind.
717 984 761 1018 Ε.

100 1031 179 1066 vat.
198 1031 245 1064 H.
277 1031 373 1065 Flor.
407 1032 517 1066 ACT.

143 1095 471 1144 ἐπιβουλεύουσιν]
498 1096 760 1145 ἐπιβουλεύου-

97 1154 134 1179 σι
158 1145 258 1181 vind.
281 1146 323 1180 F.
356 1145 449 1180 Flor.
474 1146 519 1179 T.

144 1210 447 1270 ἀποκτιννύναι]
502 1216 582 1259 post
634 1211 760 1256 λάθρα

96 1257 627 1295 Ε101.Τ.ἆπο;.τιννῦναι
657 1260 760 1294 Lob.

97 1303 385 1340 αποκτειννῦναι
407 1306 502 1340 Vind.
531 1307 574 1339 F.

140 1372 289 1420 λάθρα]
307 1372 431 1420 λα’θρα
442 1374 631 1416 Bekkerus,
642 1374 759 1408 Astius

94 1419 128 1454 in
151 1423 234 1456 tert.
257 1424 294 1455 et
316 1420 573 1455 Stallbaumius.

137 1488 444 1534 πολυθρύλητον]
500 1490 556 1524 Ita
595 1489 675 1523 Par.
716 1490 756 1523 A.

93 1536 178 1570 Ven.
205 1536 247 1570 C.
270 1537 367 1571 Flor.
392 1538 433 1571 V.
460 1537 639 1569 Bekkerus
662 1541 698 1569 et
720 1536 757 1569 111

91 1579 756 1625 εεο.8ῐ311113111111115.πολυθρύλλη-

91 1639 158 1661 τον
184 1628 315 1682 reliqui.
341 1629 397 1662 Cf.
412 1628 484 1661 Vol.
508 1629 536 1663 Ι.
561 1629 687 1672 Ρ..103
703 1639 756 1672 sq.

138 1671 332 1718 φύλακας]
367 1672 538 1718 φυλακας
563 1674 661 1710 Vind.
687 1673 729 1707 Ε.

136 1721 263 1764 τινας]
287 1731 373 1753 τινα
396 1721 473 1757 Ald.
489 1720 568 1754 Bas.
583 1731 614 1754 a.

136 1765 230 1810 σῶς]
254 1766 328 1812 σῷς
355 1766 431 1800 Aid.
454 1767 535 1799 Bas.
559 1766 615 1800 ab.

134 1811 188 1866 ᾑ]
211 1808 366 1869 {ficum
396 1811 445 1856 η’,
470 1811 569 1845 Vind.
592 1811 636 1846 F.

133 1855 209 1913 μάλ
234 1859 248 1902 ]
274 1855 374 1901 μάλα
397 1837 492 1891 Fl’or.
519 1858 563 1891 Τ.

135 1900 219 1947 ἔφη.
243 1902 425 1948 Διδόασι]
454 1901 525 1958 ἔφη
551 1903 624 1937 διδ.
651 1902 728 1938 Ald.

87 1995 128 2030 Β
134 1948 343 1994 δείσαντες]
369 1931 629 1994 θαρρήσαντες
654 1949 753 1983 Vind.

127 2038 353 2086 μισόδημος]
399 2038 610 2086 μεσόδημος
650 2041 752 2078 Vind.

86 2087 131 2122 ΒΪ
152 2089 234 2123 Vat.
257 2088 301 2123 H.
333 2088 430 2123 Flor.
455 2088 528 2124 AC.

132 2149 166 2190 (ὅ
196 2152 340 2201 ἑταῖρε]
375 2169 438 2191 om.
473 2156 548 2191 Fic.
582 2149 616 2190 ὦ
649 2154 749 2199 ἓτερε

85 2213 163 2235 cum
187 2205 230 2236 αῖ
243 2213 347 2247 super
370 2202 555 2247 penultima
577 2203 678 2237 Vind.
702 2203 747 2237 Ε.

131 2271 302 2317 Κροίσῳ]
357 2271 514 2315 κροίσσω
565 2271 666 2306 Vind.
707 2271 747 2305 F.

85 2316 177 2351 Flor.
195 2317 238 2352 R.
262 2316 372 2363 κρίσῳ
397 2318 491 2353 Mon.
514 2319 556 2352 B.

131 2372 402 2418 πολυψήφιδα]
432 2374 487 2408 Ita
508 2374 586 2409 Par.
603 2375 643 2408 A.
669 2375 749 2409 Vat.

84 2420 160 2454 BH.
185 2420 286 2455 Vind.
314 2421 355 2453 B.
389 2420 637 2464 πολυψηφίδα
661 2421 748 2456 Lob.

84 2466 185 2500 Vind.
210 2466 285 2500 EF.
305 2467 398 2500 Mon.
417 2467 455 2499 Β
482 2468 568 2501 Ven.
592 2468 634 2502 B.
666 2467 747 2501 Par.

83 2513 128 2546 K.
153 2524 222 2546 sec.
251 2513 360 2546 Bekk.
386 2513 633 2557 πολυψηφῖδα
665 2513 748 2546 reii-

82 2559 143 2603 qui
188 2570 263 2591 cum
294 2558 394 2593 editis
425 2564 506 2593 ante
540 2559 745 2593 Bekkerum.

83 2605 265 2649 (προλυψ.
297 2605 393 2648 Ald.)
429 2605 559 2640 Eadem
590 2605 745 2639 lectionis

82 2651 233 2685 varietas
274 2650 309 2684 in
363 2651 529 2685 Herodoti
570 2650 744 2685 codicibus

83 2697 236 2737 obtinet,
280 2696 345 2752 qui
373 2697 414 2730 L.
449 2697 477 2730 Ι.
511 2710 539 2731 c.
566 2699 623 2732 55.
655 2698 744 2730 inte

83 2754 180 2786 grum
188 2739 414 2798 χρησμὸν
415 2744 596 2777 memoriae
628 2743 742 2798 prodi·
768 2764 782 2766 V

83 2789 150 2822 dit.
173 2785 239 2822 οέλλ
275 2800 367 2823 οταν
390 2785 545 2832 ἡμίονος
570 2786 742 2844 βασιλευς

83 2832 250 2879 Μήδοισι
271 2833 432 2880 γένηται,
455 2834 518 2870 καὶ
545 2833 643 2878 τότε,
669 2837 742 2869 Λυ-

819 979 859 1016 δὲ
895 978 1099 1037 ποδαβρὲ,
1158 977 1484 1035 πολυψήφιδα

817 1025 911 1083 παρ’
921 1024 1061 1070 Ἐρμον
1083 1025 1242 1080 qnzjysw
1250 1023 1340 1081 μηδ1ἱ
1360 1024 1484 1068 μένειν

817 1071 911 1118 μηδ’
938 1074 1129 1108 αἰδεῖσθαι
1153 1070 1269 1111 κακὸς
1289 1075 1394 1106 εἰναι
1422 1073 1482 1105 Sic

817 1121 917 1154 Scin
916 1121 1164 1164 Weighaeuseius
1195 1119 1375 1152 secundum
1409 1119 1482 1152 cod.

817 1166 1023 1201 Schellersh.
1057 1170 1093 1199 et
1119 1165 1201 1198 duos
1226 1164 1335 1198 Palis.
1361 1164 1482 1209 quibus

819 1212 1038 1245 Gaisfordius
1060 1211 1334 1244 Sancroftianum
1361 1211 1482 1254 (Wes-

817 1257 951 1301 selingii
984 1258 1103 1300 Arch.)
1138 1257 1279 1291 addidit.
1332 1257 1481 1290 Eosdem

815 1315 936 1337 versus
958 1304 1156 1338 scholiastes
1177 1302 1330 1337 Platonis
1355 1303 1397 1337 ad
1422 1315 1481 1335 uo-

816 1353 925 1382 strum
948 1349 1058 1383 locum
1082 1350 1262 1394 adscripsit
1296 1352 1331 1381 et
1363 1349 1479 1382 ποδα-

816 1393 881 1440 βρὲ
906 1393 1482 1441 pioparoxytonon‚no).v1p77'‹pt-

817 1441 866 1475 δα
899 1446 1011 1475 autem
1044 1443 1365 1487 properispomenon
1400 1442 1481 1475 iecit

816 1487 960 1533 eiusque
997 1488 1070 1521 loco
1105 1490 1149 1521 ab
1181 1488 1256 1521 aliis
1289 1489 1479 1531 μελαμψη-

816 1534 911 1578 φῖδα
931 1534 997 1578 legi
1019 1534 1231 1578 significavit.
1258 1536 1375 1577 μελαμ
1394 1535 1480 1567 enim

814 1591 918 1625 super
952 1582 1045 1614 πολυ
1080 1581 1113 1614 111
1148 1579 1275 1614 scholio
1316 1580 1480 1625 scriptum

812 1627 847 1659 in
872 1626 952 1660 Par.
970 1628 1012 1659 A.
1030 1630 1179 1660 testatur
1194 1626 1386 1659 Bekkerus.
1408 1626 1478 1660 Sed

811 1670 1030 1716 πολυψήφις
1059 1672 1271 1705 scribendum
1308 1683 1384 1705 esse
1409 1673 1478 1705 tri-

810 1719 874 1751 bus
899 1718 981 1751 locis
1005 1719 1120 1751 docuit
1143 1718 1368 1758 Eustathius‚
1393 1729 1478 1762 quos

809 1763 974 1797 indicavit
985 1764 1159 1808 Spohnius
1183 1764 1226 1797 (le
1250 1769 1338 1798 extr.
1351 1764 1477 1808 Odyss.

808 1815 909 1855 parte
937 1822 971 1854 p.
999 1812 1075 1845 192.

808 1924 836 1958 B
853 1874 1251 1981 πέἕρξῗὶἔῖνῶιοῖαῗὲ
1256 1876 1476 1968 εἶῖἒέεἷῖὶᾏῗ

808 1971 911 2004 Vind.
945 1971 1021 2004 EF.
1062 1967 1158 2013 παρ’
1194 1967 1312 2014 όρμον
1345 1971 1476 2004 Eusta-

809 2017 900 2050 thius
924 2029 959 2050 111
983 2017 1025 2052 Il.
1056 2018 1101 2051 T.
1127 2018 1155 2051 Ι.
1181 2029 1215 2062 Ρ.
1240 2019 1297 2058 24,
1322 2019 1354 2052 9.
1380 2022 1415 2050 et
1439 2029 1474 2050 m

809 2063 876 2097 Od.
901 2063 945 2096 T.
971 2064 999 2096 Ι.
1025 2075 1059 2108 p.
1085 2064 1141 2104 87,
1167 2066 1222 2100 30.
1248 2063 1344 2108 Lips.
1369 2061 1473 2107 παρὰ

807 2113 861 2143 est
883 2111 1079 2144 secundnm.
1115 2110 1171 2145 cf.
1194 2110 1361 2145 Herodot.
1385 2109 1426 2143 L.
1444 2109 1471 2142 1.

806 2167 836 2190 c.
862 2157 917 2191 80.

848 2198 968 2254 οὐδὲ]
1009 2202 1203 2247 Stephanus
1245 2197 1346 2236 Οὐδὲ
1387 2201 1471 2234 scri-

804 2248 894 2292 psit,
936 2248 1035 2293 quasi
1081 2249 1144 2282 hoc
1184 2259 1305 2281 versus
1344 2246 1472 2281 initium

808 2299 920 2335 esset,
966 2300 1002 2327 et
1039 2299 1118 2328 ante
1152 2293 1402 2349 πολυψηφῖδα
1435 2297 1473 2327 ut

806 2352 840 2385 p.
867 2341 946 2375 550.
973 2340 1015 2375 C.
1046 2345 1124 2375 ante
1149 2336 1285 2381 α’λλον,
1307 2340 1470 2383 virgulam

805 2386 932 2431 posuit,
950 2398 1050 2431 quam
1075 2392 1195 2420 tenens
1219 2387 1252 2419 in
1277 2397 1329 2431 pr.
1348 2391 1384 2420 et
1401 2398 1471 2421 sec.

804 2433 945 2466 Astius'
937 2444 1076 2477 insuper
1094 2433 1128 2466 111
1147 2433 1231 2465 (11105
1249 2443 1367 2466 versus
1388 2433 1472 2466 haec

803 2478 972 2512 distraxit.
997 2479 1091 2512 Idem
1115 2479 1295 2512 Bekkerus
1314 2483 1349 2511 et
1365 2479 1466 2512 Stan-

803 2525 957 2558 baumius
982 2525 1105 2558 omissa
1129 2525 1262 2569 virgula
1279 2526 1445 2559 fecerunt.

847 2579 973 2625 μένει]
999 2580 1105 2625 μένοι
1128 2582 1220 2616 Mon.
1245 2582 1286 2616 B.
1305 2594 1324 2615 a
1344 2594 1387 2616 111.
1413 2594 1463 2628 pr.

847 2640 1032 2683 αἰδεῖται]
1077 2639 1244 2674 αἰτιᾶται
1286 2640 1385 2675 Vind.
1423 2641 1466 2676 E.

800 2686 895 2720 Flor.
926 2686 999 2719 AC.

845 2741 1134 2787 καταληφθεὶς]
1201 2742 1466 2787 καταλειφθεὶς

800 2789 884 2822 Ven.
911 2789 950 2823 B.
983 2789 1082 2825 Vind.
1106 2789 1148 2823 Β.
1182 2790 1259 2825 Vat.
1286 2790 1330 2824 H.
1366 2790 1463 2824 Flor.

798 2834 870 2870 Ac.
901 2835 975 2871 Ald.
1007 2835 1088 2870 Bas.
1104 2837 1158 2871 ab.
