1764 3176
246 62 334 101 104

243 167 409 222 ἑταῖροι
449 167 524 210 καὶ
564 167 744 223 ἑταῖραι.

695 59 1170 103 PLATONIS

804 170 1065 225 Μανθάνω,
1105 166 1161 228 ἦν
1190 169 1232 215 δ’
1264 169 1367 227 ἐγώ·
1398 169 1465 215 ὅτι
1493 169 1519 215 ό
1550 173 1624 226 δῆ-

245 252 350 292 μος,
384 233 408 278 ὁ
446 232 662 289 γεννήσας
699 235 778 279 τόν
819 237 1062 292 τύραννον,
1101 239 1258 293 θρέψει
1298 236 1435 282 αὐτόν
1472 254 1516 281 τε
1552 238 1625 281 καὶ

246 302 459 356 ἑταίρους.

521 301 670 357 Πολλὴ
701 302 843 360 αὐτῷ,
876 306 981 362 ἔφη,
1012 305 1194 363 ἀνάγκη.

1257 309 1361 356 Πῶς
1391 306 1436 349 δὲ
1466 306 1626 362 λέγεις;

246 375 392 414 εἰπον·
425 367 502 413 ἐάν
529 385 574 412 τε
604 369 825 429 ἀγανακτῇ
855 389 898 416 τε
929 374 1001 416 καὶ
1038 375 1140 431 λέγῃ
1173 373 1196 419 ὁ
1231 376 1388 430 δῆμος,
1428 372 1496 416 ὅτι
1526 372 1627 416 οὔτε

247 439 420 482 δίκαιον
448 436 688 491 τρέφεσθαι
725 439 814 483 ὑπὸ
843 441 1006 495 πατρὸς
1036 442 1138 486 υἱόν
1166 442 1361 499 ἡβῶντα,
1391 440 1499 484 οἷλλὰ
1528 439 1629 484 τού-

246 507 427 549 ναντίον
467 502 555 547 ὑπὸ
595 506 714 557 υἱέος
752 507 938 562 πατέρα,
983 509 1084 553 οὕτε
1122 510 1286 553 τούτου
1329 507 1464 552 αὐτὸν
1501 509 1629 552 ἕνεκα

159 587 225 621 569
250 573 452 630 ἐγέννησέ
491 588 535 615 τε
578 573 651 616 καὶ
680 575 962 631 κατέστησεν,
1003 580 1076 621 ἵνα
1106 577 1250 633 ἐπειδή
1282 578 1414 634 μέγας
1443 576 1630 631 γένοιτο,

287 641 298 654 ,

248 658 346 686 τοτε
386 638 520 691 αὐτὸς
560 640 786 684 δουλεύων
826 649 919 695 τοῖς
961 644 1101 689 αὑτοῦ
1137 645 1316 696 δούλοις
1345 645 1500 700 τρέφοι
1530 644 1633 688 ἐκεῖ·

249 709 332 754 νόν
362 725 407 753 τε
438 708 511 752 καὶ
540 707 644 760 τούς
684 707 874 763 δούλους
902 714 1008 768 μετὰ
1037 712 1289 769 ξυγκλύδων
1327 710 1495 761 ἄλλων,
1534 710 1632 756 ἄλλ’

298 832 467 889 ἑταῖροι]
507 832 543 866 οι
577 830 624 867 Er.
659 833 738 869 Pav.
769 835 813 868 Κ.
843 848 912 869 sec.

250 882 359 916 Bekk.
386 879 422 913 οὶ
447 877 575 922 ἕτεροι,
599 891 671 923 sup.
701 879 760 922 αὶ,
786 893 913 917 ecorr.

253 940 304 968 αι,
328 937 431 970 super
455 936 504 965 τε,
532 905 630 959 Vind.
651 925 691 958 Ε.

298 970 454 1027 ἑταῖραι]
482 968 559 1004 αἱ
547 983 595 1004 ετ.
625 971 721 1005 Vind.
746 972 789 1006 E.

252 1018 390 1098 B'iqivle
393 1029 449 1097 eii.
454 1029 499 1097 ’g'
523 1018 610 1108 1133).-
615 1017 793 1098 Diglmseg
797 1019 917 1100 Βέιῖιξ.

255 1113 339 1153 Ang.
363 1110 403 1143 Β.
430 1107 524 1152 ἔφην
549 1109 597 1153 ἠν
626 1109 720 1143 Mon.
745 1112 785 1144 Β.

302 1153 390 1200 ἐγώ·
401 1156 413 1199 ]
441 1156 497 1188 Ita
521 1148 765 1190 Stallbaumius
791 1160 823 1190 in
848 1169 916 1192 sec.

253 1202 392 1247 Reliqui
425 1201 575 1234 editores
607 1213 734 1236 comma
759 1215 820 1247 pro
846 1204 919 1237 colo

254 1249 423 1282 fecerunt.
450 1247 602 1282 Cf.V.01
617 1246 644 1280 I.
672 1260 704 1293 p.
729 1250 781 1290 19,
799 1261 828 1283 a.
852 1250 922 1283 Ce-

255 1301 364 1328 terum
396 1293 534 1333 dubito,
566 1304 608 1326 an
641 1294 840 1328 Adimantus
873 1294 920 1329 τὰ

256 1339 416 1386 πατρῷα
462 1338 626 1373 communi
674 1340 922 1385 significatione

257 1386 391 1420 dixerit.

306 1430 497 1474 ἑταίρους]
540 1427 689 1474 ἑτέρους
720 1432 799 1466 Par.
847 1435 921 1469 AD.

261 1479 345 1513 Ven.
376 1479 418 1512 Β.
465 1477 556 1511 Flor.
600 1478 643 1512 V.
699 1476 789 1519 τοὺς
827 1476 924 1514 ἑταί-

260 1536 355 1579 ρους
372 1523 466 1557 Flor.
491 1523 534 1556 T.

263 1617 290 1651 B
295 1567 431 1653 .“1i’1³0⁰1³..'
449 1566 923 1661 ἐῗέιοῖῐῗιῗὲτέιιξῖ,

262 1663 348 1697 Lob.
373 1663 458 1697 Ven.
485 1661 526 1695 C.
560 1661 638 1696 Par.
665 1662 740 1696 DK.
772 1665 851 1697 Vat.
876 1664 925 1698 M.

261 1704 577 1789 ἕῖᾟῶῗέεῗηξῗῖ
599 1708 847 1788 ὲῗὲῗιὲἑῗιὲῗὲῗ
863 1721 923 1744 ‘³¹¹‘

312 1800 401 1838 Πῶς
416 1796 454 1832 δὲ
471 1796 617 1844 λέγεις,·]
647 1800 701 1834 Ita
725 1801 803 1834 Par.
816 1801 922 1835 ADK.

263 1858 334 1881 sec.
370 1845 478 1879 Bekk.
515 1845 598 1879 Lob.
632 1846 733 1880 Vind.
759 1847 796 1880 Β.
831 1847 923 1881 Μοιι.

263 1894 305 1927 Β.
332 1892 412 1926 vat.
436 1890 550 1925 BHM.
576 1892 661 1926 Ven.
676 1893 716 1926 C.
740 1893 835 1927 Flor.
848 1893 926 1927 Uv.

265 1950 345 1977 πως
365 1938 405 1972 δε
429 1933 565 1980 λέγειςς
591 1937 690 1971 Vind.
701 1939 742 1971 F.
771 1939 860 1978 Πῶς
873 1936 927 1972 λέ·

266 1995 363 2030 γςεις
397 1983 519 2027 reliqui
547 1989 583 2016 et
616 1984 781 2018 editiones
814 1996 929 2019 omnes

267 2034 407 2085 praeter
429 2029 689 2063 Βειιιιειίειιιειιιι.
729 2032 819 2074 Quid
841 2043 930 2072 vero,

270 2077 299 2111 si
317 2081 514 2110 succenseat
540 2081 605 2109 etc.
616 2076 634 2109 2
659 2076 731 2110 Fic.
773 2077 932 2110 Particu-

270 2123 337 2157 lam
362 2122 397 2156 in
430 2121 496 2155 ista
525 2121 673 2155 dictione
695 2122 802 2156 minus
826 2124 934 2157 usita-

271 2174 369 2220 tam,-
639 2167 648 2176 .
697 2168 705 2176 .
756 2169 764 2176 .
815 2169 822 2177 .

270 2215 337 2249 dae
360 2214 604 2247 inservientem
628 2199 789 2260 ideoque⁰
793 2215 869 2249 huic
885 2215 934 2249 lo-

271 2272 312 2295 co
338 2259 472 2293 minime
476 2259 644 2313 ineptam
668 2261 856 2295 auctoritas
877 2272 935 2294 co-

272 2306 383 2340 dicum
409 2311 445 2338 et
476 2305 552 2350 ipsa
587 2306 660 2339 eius
692 2306 870 2341 insolentia
894 2308 938 2340 ab

272 2350 551 2404 interpolationis
589 2351 783 2397 suspicione
829 2353 940 2386 xindi-

275 2402 364 2432 eant.
414 2396 578 2430 Similiter
609 2398 749 2432 Plautus
774 2399 939 2444 Amphitr.

277 2444 482 2483 II.1,73:
527 2445 595 2477 Sed
627 2445 709 2488 quid
743 2445 826 2479 ais?
858 2457 941 2478 num

276 2489 512 2523 obdormivisti
535 2491 696 2524 dudum?

326 2531 395 2569 ἐάν
427 2536 490 2579 τε]
526 2532 590 2569 ε’ἁν
615 2549 650 2570 τι
683 2537 774 2570 Μοιι.
801 2538 839 2571 Β.
876 2534 942 2570 ε’ἁν

279 2577 320 2614 δὲ
348 2582 432 2623 Ang.
448 2581 484 2614 Β.
510 2590 546 2614 et
562 2583 804 2616 Stallbaumius
822 2582 856 2623 in
875 2594 942 2616 sec.

282 2629 346 2661 hac
372 2626 504 2660 ratione
537 2628 678 2664 ductus.
702 2629 791 2673 quod
815 2625 881 2662 εἀν
905 2640 943 2662 τε

284 2684 328 2711 ne
350 2683 413 2726 per
446 2673 692 2707 anacoluthiam
718 2675 851 2719 quidem
885 2685 945 2707 ex-

288 2717 401 2754 cusari
431 2719 573 2765 possit.
606 2720 681 2764 Ego
705 2721 785 2754 nihil
808 2721 946 2755 obstare

971 838 1090 877 video,
1103 837 1290 893 quominus
1325 838 1502 871 Socratem
1535 841 1634 881 pute-

973 896 1045 918 mus
1069 881 1135 918 ε’άν
1161 895 1199 917 τε
1222 881 1271 927 μὴ
1300 884 1492 916 additurum
1516 883 1634 923 fuisse,

973 931 1037 964 hoc
1070 942 1189 963 sensu·
1236 930 1346 971 Quid,
1371 941 1520 974 quaeso,
1553 928 1634 962 ais?

973 977 1195 1009 nutriendum
1232 977 1334 1009 istum
1366 977 1456 1019 plebi
1476 978 1557 1018 sore
1582 976 1638 1008 di-

975 1023 1043 1063 εἰς,
1075 1023 1146 1054 sive
1182 1034 1223 1054 ea
1248 1022 1515 1066 indignabunda
1538 1032 1637 1054 recu-

975 1074 1026 1102 set
1050 1068 1120 1101 sive
1145 1067 1286 1100 minus?
1330 1067 1450 1100 deinde
1485 1067 1638 1100 referen-

975 1115 1024 1147 ‹lis
1044 1113 1287 1158 indignantium
1307 1114 1446 1147 vocibus
1466 1113 1639 1146 detentum

974 1160 1063 1193 initii
1094 1161 1272 1193 verborum
1304 1171 1441 1193 suorum
1473 1159 1640 1192 rationem

975 1206 1100 1240 nullam
1125 1206 1296 1246 habuisse,
1321 1205 1421 1238 sicuti
1445 1204 1558 1258 paullo
1579 1215 1640 1238 an-

977 1256 1012 1285 te
1036 1252 1086 1286 D.
1122 1249 1188 1285 ἐάν
1223 1262 1262 1285 τε
1296 1249 1377 1294 ἱερα
1408 1249 1577 1294 χρήματα
1601 1249 1638 1294 ᾐ,

979 1302 1016 1331 et
1040 1297 1113 1330 aliis
1137 1297 1232 1338 locis,
1256 1308 1341 1350 quos
1367 1297 1441 1330 Vol.
1457 1297 1484 1330 1.
1512 1309 1544 1341 p.
1566 1298 1642 1336 167,

981 1356 1011 1377 a.
1045 1323 1243 1387 significavi.
1301 1342 1361 1376 Sic
1392 1340 1458 1376 εἀν
1487 1354 1526 1376 τε
1561 1343 1593 1376 ιι.
1618 1341 1639 1375 l.

981 1401 1043 1436 pro
1069 1390 1174 1423 etiam
1197 1390 1227 1422 si
1251 1388 1359 1433 accipi
1385 1392 1510 1433 potest.

1026 1447 1065 1468 τε
1089 1434 1166 1479 καὶ]
1191 1445 1231 1468 τε
1256 1447 1320 1469 om.
1349 1434 1447 1469 Vind.
1472 1434 1514 1468 Ε.

1027 1477 1204 1526 ἡβῶντα]
1241 1477 1348 1524 ἡμῶν
1380 1480 1473 1514 Μοιι.
1499 1481 1539 1514 Β.
1564 1480 1644 1514 Par.

982 1527 1027 1562 K.
1052 1527 1146 1560 Flor.
1171 1527 1217 1560 U.
1239 1539 1305 1561 οηι.
1329 1526 1411 1560 Lob.
1436 1528 1516 1560 Vat.
1541 1525 1590 1560 Μ.

1028 1570 1251 1606 τονναντίον
1283 1568 1359 1606 υπὸ
1391 1569 1516 1616 υἱέος]
1561 1583 1646 1606 του-

981 1619 1090 1653 ναντί
1111 1615 1189 1652 υπὸ
1215 1616 1326 1657 υὶὲως
1351 1618 1450 1651 Vind.
1476 1619 1518 1651 Ε.

1029 1660 1129 1708 οὔτε]
1159 1660 1243 1698 ὅστε
1268 1664 1352 1698 Lob.
1379 1665 1455 1697 Vat.
1481 1664 1530 1698 M.

1029 1708 1172 1754 αὐτὸν]
1207 1707 1325 1744 αὐτοῦ
1360 1709 1445 1743 Lob.
1477 1710 1570 1745 Mon.
1603 1710 1644 1744 B.

980 1758 1063 1837 ἔῧῒ..
1088 1756 1169 1790 ΒΜ.
1193 1758 1280 1792 Ven.
1296 1757 1337 1789 C.
1363 1755 1441 1791 Par.
1452 1756 1530 1791 ΒΚ.
1552 1756 1646 1792 Flor.

1027 1845 1262 1891 κατέστησεν]
1284 1845 1444 1901 ἔθρεψεν
1457 1847 1542 1881 Lob.
1559 1848 1636 1880 Vat.
1647 1846 1715 1883 569

982 1895 1061 1928 ΒΜ.
1109 1894 1191 1927 V.en
1229 1895 1269 1927 B.
1322 1891 1541 1936 κατέστησεν
1585 1891 1648 1926 καὶ.

987 1939 1147 1983 ἔθρεψεν
1175 1941 1251 1972 Bas.
1277 1940 1310 1972 b.
1362 1939 1528 1982 „Legitur
1547 1939 1649 1972 etiam

986 1984 1182 2029 κατέστησε
1197 1984 1259 2018 καὶ
1278 1983 1450 2027 ἔθρεψεν,
1473 1984 1534 2018 ἵνα
1554 1981 1648 2018 ἔπει-

988 2031 1032 2088 δὴ
1065 2038 1130 2065 etc.
1181 2032 1265 2064 Item
1289 2028 1431 2069 αὐτοὺς
1459 2028 1650 2064 δουλεύειν

989 2075 1226 2131 ἀναγκάζων,
1253 2089 1313 2122 pro
1335 2077 1400 2118 his,
1427 2072 1542 2116 αὐτὸς
1565 2077 1652 2110 δου-

991 2121 1129 2165 λεύων,
1165 2135 1253 2167 quae
1286 2128 1402 2157 tamen
1435 2122 1536 2156 lectio
1567 2122 1653 2156 reti-

991 2170 1101 2204 nenda
1133 2169 1292 2210 videtur,
1337 2174 1480 2222 pro-pter
1511 2169 1652 2202 verbum

991 2227 1137 2261 sequens
1167 2213 1319 2258 τρέφοι,
1353 2215 1408 2248 cui
1440 2227 1505 2248 non
1529 2226 1653 2249 conve-

992 2263 1080 2296 niret
1103 2262 1160 2294 ille
1185 2261 1272 2294 alter
1295 2261 1517 2295 nominativus
1541 2258 1652 2304 οἰναγ-

993 2306 1152 2349 κάζων.“
1178 2308 1297 2363 Steph.
1322 2307 1357 2339 in
1382 2319 1424 2340 m.

1042 2351 1172 2396 αὐτὸς]
1199 2351 1316 2387 αὐτὸν
1341 2355 1426 2396 Aug.
1447 2354 1488 2386 B.
1515 2348 1655 2391 αύτούς

995 2401 1082 2434 Lob
1110 2401 1188 2433 vat.
1198 2400 1277 2434 ΒΜ.
1301 2401 1386 2433 Ven.
1402 2399 1441 2433 C.
1467 2406 1502 2432 et
1526 2410 1600 2432 am.
1626 2410 1652 2431 s.

996 2449 1037 2480 B.
1063 2447 1141 2479 Par.
1167 2445 1242 2478 DK.
1267 2445 1347 2478 Bas.
1372 2447 1404 2478 b.

1045 2489 1255 2535 δουλεύων]
1282 2489 1469 2525 δουλεύειν
1495 2488 1656 2546 οἷναγκοὶ-

999 2540 1055 2581 ζοι
1080 2538 1163 2571 Lob.
1176 2538 1253 2572 Vat.
1267 2538 1315 2572 M.
1342 2535 1530 2571 δουλεύειν
1545 2548 1656 2580 αναγ·

1000 2583 1120 2626 κάζων
1154 2584 1237 2616 Ven.
1262 2584 1302 2617 B.
1337 2596 1423 2617 am.
1456 2596 1484 2617 s.
1517 2584 1595 2617 Bas.
1621 2583 1654 2616 b.
1680 2586 1688 2596 ⁹

1001 2643 1086 2673 quae
1111 2629 1259 2663 varietas
1294 2629 1447 2663 lectionis
1479 2630 1568 2663 haud
1594 2629 1657 2661 du-

1001 2677 1055 2710 bie
1080 2688 1120 2709 ex
1146 2676 1248 2720 priori
1281 2673 1461 2718 (αὐτοὺς)
1495 2675 1658 2719 originem

1002 2722 1106 2756 ducit.
1133 2722 1187 2754 Cf.
1211 2721 1285 2755 Vol.
1301 2722 1345 2755 11.
1370 2733 1403 2767 p.
1421 2725 1498 2763 273,
1524 2723 1557 2755 ιι.
1581 2732 1633 2766 sq.
