1764 3176
273 128 370 155 xxx
693 112 1222 158 PRAEFATIO

273 230 503 264 conditionem
521 234 557 263 et
578 230 770 273 rationem,
801 243 869 275 qua
893 233 1112 276 sesquitertia
1135 233 1235 268 radix
1268 233 1423 276 quinario
1441 232 1558 268 iuncta
1576 233 1662 268 duas

271 286 468 321 harmonias
490 288 664 329 praebeat,
695 299 795 330 quam
815 290 983 324 rationem
1001 291 1045 324 ab
1062 291 1137 333 ipso
1154 290 1305 324 Platone
1323 290 1434 324 verbis
1450 287 1530 333 τρὶς
1551 284 1663 334 αὔξη-

267 341 352 382 θεὶς
383 348 438 376 sat
468 345 649 387 perspicue
674 350 899 379 monstratam
919 347 1053 390 ineptus
1074 347 1194 380 fuisset
1219 348 1442 388 Aristoteles,
1471 347 1500 380 si
1524 348 1663 381 omnino

268 400 509 434 declarandam
530 406 590 434 aut
610 401 670 434 tali
688 402 791 435 modo
810 403 1101 446 interpretandam
1120 404 1284 438 duxisset.
1331 403 1489 445 Denique
1514 400 1557 436 τὸ
1580 399 1664 442 διά-

267 467 419 500 γραμμα
437 455 549 490 τοῦτο
568 463 621 491 est
638 459 712 501 ipsa
738 459 796 491 illa
816 461 927 502 figura
949 460 1182 502 geometrica,
1212 471 1314 503 quam
1345 460 1477 494 numeri
1499 460 1664 503 periodici

267 525 310 548 ex
330 514 437 547 tribus
465 515 560 548 cubis
594 516 774 558 compositi
802 517 938 549 radices
958 518 1189 558 constituunt,
1214 518 1270 550 ubi
1296 528 1357 560 pro
1375 517 1525 550 numeris
1547 521 1664 550 terna-

268 571 331 611 rio,
362 572 582 613 quaternario
607 576 641 605 et
661 572 815 614 quinario
838 573 949 606 lineae
968 578 1038 606 tres
1055 574 1206 607 eiusdem
1228 573 1471 616 magnitudinis
1492 573 1527 606 in
1554 574 1664 607 trian-

267 629 384 670 gulum
412 628 567 662 coierint.
625 629 790 661 Barocius
816 628 871 662 hic
898 631 1016 663 nescio
1042 630 1133 672 quod
1158 641 1317 673 magnum
1351 631 1565 672 diagramma
1579 630 1666 663 Pla-

267 685 358 718 tonis
378 686 545 727 somniat,
576 686 670 718 cuius
702 686 805 718 etiam
826 685 971 719 formam
991 686 1193 729 delineavit,
1223 687 1315 730 quod
1334 697 1493 720 numeros
1514 687 1664 720 omnium

266 751 454 784 generum,
485 752 573 784 quae
601 742 637 774 in
657 742 814 774 oratione
840 742 1019 776 Musarum
1047 744 1307 777 commemorari
1329 744 1573 787 interpretibus
1592 744 1664 777 visa

267 802 358 839 sunt,
398 797 583 840 perfectos,
617 803 832 842 superantes,
862 803 1058 843 superatos,
1087 800 1313 841 abundantes,
1343 800 1540 841 diminutos,
1568 800 1662 833 simi-

268 855 342 896 les,
370 854 547 888 dissimiles
578 866 654 888 cum
676 860 900 898 utrorumque
926 856 1193 898 longitudinibus
1210 862 1245 890 et
1260 857 1513 898 latitudinibus,
1543 857 1664 899 aequi-

269 912 410 952 lateros,
440 912 640 954 quadratos,
668 912 810 953 solidos,
839 912 1050 955 sphaerales,
1068 913 1298 955 diametrales,
1326 923 1440 947 mares
1469 918 1504 946 et
1520 912 1664 946 feminas

271 967 315 1001 ad
335 967 511 1001 denarium
532 979 639 1011 usque
674 968 830 1010 exhibet,
855 970 890 1003 in
923 970 1018 1003 cuius
1053 971 1121 1004 fine
1140 971 1272 1012 positus
1303 975 1356 1003 est
1378 980 1538 1003 numerus
1561 969 1663 1006 1728.

271 1024 371 1058 Tunc
394 1025 497 1067 igitur
516 1024 710 1058 harmonias
744 1025 827 1058 duas
856 1027 1023 1068 existere,
1055 1037 1158 1069 quum
1179 1028 1418 1060 Geometricus
1445 1037 1605 1060 numerus
1628 1026 1664 1060 in

271 1082 339 1115 fine
360 1083 476 1124 magni
508 1082 766 1124 diagrammatis
788 1081 944 1116 Platonis
966 1083 1156 1126 descriptus
1174 1083 1341 1117 efficiatur
1366 1083 1515 1124 solidus,
1544 1083 1579 1116 id
1599 1086 1665 1125 est,

272 1139 462 1181 completus
485 1138 718 1182 formatusque
739 1138 842 1172 fuerit
867 1140 995 1173 solidus
1025 1144 1060 1173 et
1084 1141 1211 1174 Cubus.
1269 1140 1310 1173 Id
1342 1151 1423 1174 vero
1452 1144 1506 1174 est
1528 1140 1664 1182 nugari.

276 1189 420 1228 Τούτου
440 1195 523 1228 dicit
542 1194 746 1229 Aristoteles
759 1221 770 1237 ,
800 1196 891 1238 quod
925 1192 1106 1238 ἐπίτριτος
1126 1191 1310 1239 πυθμὴν,
1341 1197 1437 1230 cuius
1454 1197 1665 1231 mentionem

270 1250 426 1293 fecerat,
464 1262 551 1285 unus
591 1253 634 1286 de
671 1253 777 1286 tribus
821 1253 970 1286 numeris
1008 1253 1266 1296 diagrammatis
1309 1254 1449 1296 eiusque
1477 1254 1570 1287 basis
1596 1257 1662 1288 est.

272 1307 375 1351 Quod
400 1308 429 1341 si
459 1309 568 1342 minus
596 1309 745 1342 breviter
763 1310 856 1352 loqui
890 1311 1010 1352 vellet,
1041 1310 1172 1344 diceret
1200 1308 1268 1344 τοῦ
1298 1305 1578 1352 διαγράμματος
1593 1307 1662 1343 τοῦ

266 1359 462 1406 πυθμένος
486 1360 636 1400 τούτου,
693 1365 806 1409 Atque
829 1370 929 1400 erunt
948 1366 1118 1409 fortasse,
1149 1368 1269 1410 quibus
1292 1368 1395 1400 etiam
1422 1367 1662 1410 interpositum

268 1415 434 1463 ἀριθμὸς
462 1422 642 1465 displiceat
670 1427 705 1456 et
738 1417 875 1455 τούτου
907 1423 951 1457 ad
985 1419 1161 1465 πυθμένα
1191 1424 1408 1457 referendum
1434 1424 1613 1464 videatur,
1641 1434 1663 1457 a

267 1479 388 1521 quibus
417 1479 573 1521 equidem
603 1480 814 1514 dissentiam.
873 1479 996 1523 Neque
1025 1491 1110 1523 opus
1128 1484 1199 1522 est,
1229 1491 1332 1523 quum
1351 1481 1522 1514 sententia
1541 1480 1664 1513 verbo-

266 1546 342 1568 rum
372 1535 458 1568 haec
492 1536 612 1569 eadem
642 1537 703 1570 sitz
733 1537 916 1570 Platonem
948 1547 1087 1570 causam
1108 1542 1211 1580 atque
1229 1538 1359 1570 initium
1383 1537 1581 1571 mutationis
1598 1547 1664 1570 nu-

267 1602 362 1625 mero
392 1593 567 1638 tribuere,
599 1594 694 1626 cuius
724 1594 943 1636 sesquitertia
969 1594 1067 1627 radix
1097 1594 1253 1636 quinario
1280 1595 1396 1627 iuncta
1419 1594 1504 1627 duas
1524 1593 1662 1627 harmo-

266 1649 341 1682 nias
363 1649 545 1692 praebeat,
579 1650 700 1692 quibus
725 1651 836 1683 verbis
857 1651 1042 1693 significari
1069 1661 1166 1692 eum,
1193 1651 1250 1693 qui
1271 1651 1417 1693 prodeat
1434 1655 1528 1691 tum,
1559 1661 1664 1692 quum

267 1707 420 1748 figurae,
453 1706 548 1738 cuius
580 1717 661 1749 pars
686 1707 729 1739 sit
748 1707 805 1739 illa
822 1707 944 1748 radix,
974 1707 1102 1740 solidus
1130 1717 1192 1740 seu
1213 1708 1319 1740 cubus
1336 1706 1448 1740 factus
1470 1708 1515 1740 sit
1542 1717 1663 1740 nume-

267 1773 336 1795 ruS.
397 1762 501 1796 Cuius
523 1764 716 1796 sententiae
733 1774 808 1796 cum
829 1764 1058 1805 explicatione
1079 1768 1195 1796 nostra
1214 1775 1401 1797 consensus
1421 1765 1572 1798 cernitur
1591 1764 1663 1807 pri-

268 1829 360 1852 mum
381 1829 434 1860 e0,
466 1819 557 1861 quod
579 1813 751 1862 αὐξήσεις
767 1820 843 1852 illas
870 1820 1008 1852 cubicas
1031 1830 1107 1852 esse
1137 1820 1303 1864 declarat,
1335 1821 1413 1853 dum
1435 1831 1489 1862 ea,
1519 1831 1664 1863 quorum

269 1875 314 1909 sit
337 1871 521 1917 ἐπίτριτος
557 1871 733 1918 πυθμὴν,
760 1886 848 1918 quae
874 1876 970 1919 ipsae
996 1871 1169 1918 αὐξήσεις
1194 1876 1351 1910 Platonis
1367 1882 1466 1918 sunt,
1496 1888 1557 1920 per
1586 1885 1663 1909 στε-

271 1927 404 1975 ρέωσιν
440 1933 514 1966 fieri
534 1932 638 1973 dicit;
669 1932 793 1966 deinde
814 1933 904 1975 quod
926 1932 1065 1966 easdem
1095 1925 1279 1975 αὐξήσεις,
1309 1932 1373 1966 hoc
1389 1937 1453 1975 est,
1484 1944 1661 1966 numerum

270 2000 333 2033 per
366 2000 424 2022 eas
458 1989 683 2033 productum,
719 1990 828 2023 tribus
864 1989 1051 2022 minoribus
1089 1994 1250 2023 constare
1280 1990 1456 2032 agnoscit3
1495 2000 1575 2023 nam
1607 1989 1661 2023 cui

270 2056 414 2080 numero
436 2041 621 2088 ἐπίτριτον
642 2043 819 2088 πυθμένα
834 2045 964 2079 tribuat
984 2046 1098 2087 Plato,
1129 2057 1205 2079 eum
1228 2047 1371 2089 produci
1388 2057 1448 2090 per
1466 2041 1662 2088 στερέωσιν

269 2103 401 2137 numeri
420 2104 552 2145 figurae
572 2103 768 2145 cuiusdam3
799 2113 900 2145 quam
915 2104 1070 2147 figuram,
1101 2103 1129 2135 si
1153 2103 1288 2146 quidem
1308 2105 1380 2136 eius
1399 2104 1544 2136 laterum
1556 2113 1662 2136 unum

270 2160 524 2202 sesquitertium
543 2160 597 2201 sit,
629 2161 778 2193 omniurn
797 2164 912 2192 autem
932 2155 1212 2201 στερεωθέντων
1228 2170 1361 2192 summa
1379 2159 1503 2193 cubum
1522 2160 1661 2201 efficiat,

269 2217 377 2249 tribus
413 2221 574 2250 constare
606 2218 769 2250 lateribus
798 2227 942 2250 necesse
965 2221 1028 2250 est.
1085 2216 1132 2249 Et
1161 2227 1322 2250 numerus
1352 2227 1413 2260 per
1436 2218 1514 2250 talis
1530 2218 1662 2259 figurae

270 2268 465 2314 στερέωσιυ
494 2274 681 2316 productus
710 2274 906 2307 necessario
931 2274 1021 2306 velut
1047 2273 1156 2306 tribus
1189 2274 1283 2306 cubis
1306 2274 1513 2316 compositus
1531 2274 1660 2307 tribus-

270 2340 337 2372 que
371 2331 467 2372 quasi
494 2331 667 2364 radicibus
700 2335 820 2364 enatus
846 2330 1029 2373 cogitatur.
1089 2329 1159 2363 Sed
1179 2329 1244 2363 hac
1269 2331 1437 2363 brevitate
1457 2331 1660 2363 Aristoteles

269 2386 368 2429 fecit,
399 2391 436 2419 ut
467 2386 551 2420 salsa
581 2388 696 2430 opinio
726 2388 770 2421 de
800 2397 942 2420 numero
974 2386 1129 2419 Platonis
1160 2388 1327 2427 oriretur,
1363 2397 1451 2429 quae
1477 2378 1677 2430 plerosque‘

269 2443 381 2477 tenuit
405 2448 440 2476 et
459 2455 479 2476 a
500 2455 580 2477 vera
598 2445 880 2487 interpretatione
896 2443 1043 2477 seduxit.
1100 2442 1188 2476 Nam
1213 2454 1314 2486 quum
1334 2444 1565 2486 intelligerent
1583 2444 1660 2477 dia-

267 2510 421 2542 gramma
451 2501 493 2533 ab
525 2501 711 2535 Aristotele
738 2501 964 2544 significatum
993 2500 1200 2541 triangulum
1230 2501 1466 2542 rectangulum
1496 2510 1572 2534 esse
1596 2500 1660 2533 tri—

266 2557 329 2589 bus
358 2557 521 2590 lateribus
549 2557 592 2598 3,
622 2556 663 2599 4,
692 2559 713 2591 5
752 2558 998 2600 compositum,
1035 2557 1174 2599 eiusque
1213 2557 1471 2600 diagrammatis
1503 2556 1659 2590 viderent

266 2624 443 2647 numerum
465 2614 531 2647 dici
551 2614 695 2648 solidum
715 2614 855 2656 factum,
887 2614 1113 2657 colligendam
1132 2615 1277 2648 laterum
1301 2624 1465 2647 summam
1478 2614 1545 2646 rati
1569 2613 1658 2646 duo-

267 2670 445 2704 denarium
475 2681 652 2704 numerum
673 2672 826 2713 figurae,
856 2671 1004 2713 indeque
1024 2680 1200 2704 numerum
1232 2670 1319 2704 1728
1343 2670 1482 2704 fatalem
1502 2670 1659 2703 Platonis

273 2727 315 2760 ab
339 2727 414 2770 ipso
444 2727 625 2761 Aristotele
657 2728 866 2761 declaratum
890 2731 1074 2770 putarunt,
1101 2738 1169 2760 non
1195 2727 1386 2769 cogitantes
1413 2727 1480 2770 illi,
1512 2727 1659 2765 collecta.

270 2784 415 2818 laterum
451 2794 584 2818 summa
603 2795 781 2827 numerum
799 2784 886 2818 effici
901 2794 968 2818 non
985 2784 1147 2827 trianguli
1167 2784 1275 2826 illius,
1304 2783 1366 2818 sed
1387 2787 1448 2817 aut
1466 2783 1576 2817 lineae
1597 2787 1658 2817 aut
