1764 3176
429 178 764 222 CIVITAS
808 176 1068 221 LIB.V1JJ.
1098 179 1167 218 549

99 307 241 342 κωνος
269 292 452 334 τουτουῒ
485 291 641 335 τείνειν
672 290 799 335 ἕνεκά
826 306 874 346 γε
903 290 1186 344 φιλονεικίας.

101 357 144 404 δ’
175 357 281 415 ἐγώ,
311 357 444 402 τοῦτό
471 372 543 413 γε·
575 357 684 403 ἀλλά
714 375 791 414 μοι
820 360 943 402 δοκεῖ
968 357 1070 401 τάδε
1101 356 1156 400 οὐ
1184 358 1295 400 κατὰ
1323 360 1483 400 τοῦτον
1516 362 1551 402 E

417 426 481 469 Τὰ
508 431 636 476 ποῖα;
678 422 1018 479 Αὕθαδέστερόν
1047 440 1092 467 τε
1122 427 1189 468 δεῖ
1217 423 1385 477 αὐτόν,
1432 420 1487 481 ἦν

97 425 353 482 πεφυκέναι.

1426 181 1483 221 25

1229 287 1360 339 Ἴσως
1374 321 1385 340 ,
1425 305 1483 345 ην

99 493 143 538 δ’
173 492 280 549 ἐγὼ,
311 491 424 537 εἶναι
453 495 526 538 καὶ
554 490 966 548 ὑποαμουσότερον,
1002 490 1279 547 φιλόμουσον
1318 492 1365 536 δὲ
1411 494 1486 536 καὶ

98 561 317 618 φιλήκοον
345 561 451 617 μὲν,
487 559 724 618 ῥητορικὸν
754 558 797 603 δ’
833 558 1050 614 οὐδαμῶς.
1094 560 1168 602 καὶ
1199 561 1375 612 δούλοις
1404 561 1484 618 μέν
1509 568 1576 603 549

99 647 164 681 τις
203 628 260 673 ἂν
290 628 444 685 ἄγριος
483 630 547 685 εἴη
579 627 602 672 ὁ
633 632 857 680 τοιοῦτος,
899 626 953 671 οὐ
984 633 1280 683 καταφρονῶν
1312 628 1486 673 δούλων

100 696 244 751 ὥσπερ
275 694 299 740 ὁ
331 698 494 748 ἱκανῶς
533 695 898 752 πεπαιδευμένος,
943 695 1191 750 ἐλευθέροις
1233 696 1279 740 δὲ
1315 696 1503 756 ἥμεροςζ

101 763 326 822 ἀρχόντων
364 766 411 809 δὲ
452 763 628 821 σφόδρα
665 763 885 821 ὑπήκοος,
927 767 1139 821 φίλαρχος
1178 764 1224 808 δὲ
1263 765 1336 808 καὶ
1366 764 1489 820 φιλό-

100 850 251 890 τιμος,
281 831 367 877 οὐκ
398 831 485 876 ἀπὸ
515 837 597 876 τοῦ
627 832 767 889 λέγειν
797 831 928 885 ἀξιῶν
958 832 1107 889 ἄρχειν
1137 830 1242 876 οὐδ’
1272 831 1358 876 ἀπὸ
1392 850 1488 877 τοι-

104 997 163 1029 ber
186 995 388 1034 dev-selbem
418 995 491 1028 und
516 995 599 1028 eben
623 1006 657 1027 so
678 994 767 1027 wird

104 1054 142 1076 er
171 1053 266 1075 zwar
295 1052 384 1086 geru
408 1041 537 1082 haren,
569 1040 768 1074 reduerisch

104 1089 187 1132 aber
211 1088 422 1132 keineswegs
452 1087 536 1120 sein.
584 1086 682 1120 Nihil
706 1086 768 1120 mi—

103 1145 178 1168 nuS.
220 1133 421 1167 Adimantus
457 1144 558 1176 quum
605 1143 769 1176 arrogan-

103 1180 227 1213 tiorem
257 1179 350 1212 illum
382 1185 418 1212 et
441 1178 552 1212 Musis
576 1178 767 1211 alieniorem

104 1234 182 1260 esse
213 1225 379 1267 dixisset,
411 1231 513 1269 quain
547 1224 768 1263 Glauconem‚

103 1284 146 1305 ne
181 1272 269 1305 hunc
303 1281 440 1316 quoque
475 1275 695 1314 arrogantem
735 1274 769 1303 et

103 1317 215 1353 Musis
257 1316 402 1350 alienum
441 1315 556 1349 dicere
599 1316 768 1357 videatur,

103 1364 195 1398 nullo
227 1363 325 1397 modo
357 1362 451 1396 illum
475 1358 704 1405 φιλόμουσον
733 1367 769 1395 et

103 1407 287 1454 φιλήκοον
306 1406 385 1452 μὲν,
406 1406 604 1452 ῥητορικὸν
629 1407 668 1442 δὲ
694 1419 770 1441 esse

105 1455 215 1497 dicit,
255 1455 365 1502 qualis
400 1454 531 1488 scilicet
554 1454 686 1488 Glauco
712 1454 769 1488 sit.

105 1499 288 1546 φιλήκοον
334 1506 476 1541 autem,
533 1512 620 1546 quae
660 1500 769 1533 virtus

104 1549 146 1583 L.
170 1547 251 1583 VH.
284 1558 320 1591 p.
345 1547 423 1581 535.
454 1547 498 1580 D.
546 1546 699 1579 discendi
735 1550 771 1578 et

105 1592 333 1637 investigandi
380 1592 492 1626 studio
544 1592 770 1635 coniungitur,

106 1638 290 1685 ῥητορικῷ
315 1650 381 1673 non
404 1642 442 1672 ut
466 1637 691 1679 contrarium,
711 1637 771 1670 sed

107 1692 147 1720 ut
188 1687 332 1719 alteram
379 1681 592 1728 φιλολογίας
638 1663 771 1729 paitem

107 1731 261 1778 opponit.

155 1785 197 1823 δ’
206 1789 219 1834 ]
245 1785 285 1823 δε
303 1787 401 1821 Vind.
412 1787 487 1821 ΒΕ.

155 1854 354 1901 οὐδαμῶς]
381 1852 427 1890 οὔ
455 1856 538 1889 Lob.
559 1856 638 1890 Vat.
663 1855 711 1889 M.

40 1931 111 1969 549
156 1924 230 1980 μέν
251 1937 306 1965 τις
334 1919 402 1981 ἂν]
427 1924 483 1958 Ita
505 1925 592 1969 Aug.
612 1926 653 1958 B.
677 1924 770 1957 Flor.

110 1974 155 2008 R.
178 1969 310 2016 μάντις
341 1967 390 2005 ἂν
418 1971 519 2006 Vind.
544 1972 588 2004 F.
616 1968 684 2014 μέν
718 1982 773 2010 τις

108 2019 209 2056 Vind.
242 2019 284 2052 Β.
318 2018 397 2051 Vat.
430 2017 475 2051 H.
510 2017 606 2052 Flor.
630 2017 704 2051 AC.
737 2022 773 2050 et

109 2067 283 2100 correctus
313 2063 348 2097 in
379 2063 489 2097 altero
523 2063 604 2097 Par.
640 2065 680 2097 A.
704 2060 771 2117 μέν

109 2123 147 2145 τι
169 2111 265 2145 Flor.
289 2110 334 2144 T.
359 2106 427 2153 μέν
445 2121 504 2143 τοι
525 2109 624 2144 Vind.
644 2109 688 2143 E.
704 2105 772 2152 μέν

110 2167 206 2191 τισιν
234 2156 356 2201 reliqui
388 2156 522 2189 codices
554 2167 629 2189 cum
663 2155 772 2189 editis.

113 2203 221 2247 Atqui
254 2202 306 2245 (et
331 2203 496 2236 adversus
522 2213 635 2235 servos
669 2213 774 2246 agre-

114 2251 176 2284 stis
202 2248 269 2282 erit
284 2248 479 2282 huiusmodi
496 2249 569 2292 vir)
587 2248 663 2281 Fic.
675 2259 775 2292 quem

113 2300 150 2330 et
172 2295 281 2339 ipsum
304 2293 399 2328 τισὶν
422 2305 488 2328 non
518 2293 645 2338 legisse
668 2304 775 2338 appa-

113 2344 181 2376 ret.
227 2340 304 2374 Nec
327 2340 395 2373 dici
418 2345 556 2385 potest,
589 2339 670 2384 quid
695 2340 729 2372 h.
753 2339 775 2373 l.

114 2387 168 2431 sig
169 2387 295 2421 nificet.
340 2386 431 2420 Nam
455 2387 561 2420 servis
596 2391 630 2420 et
659 2386 777 2419 huius-

115 2435 210 2468 modi
233 2433 446 2471 hominibus,
471 2432 531 2477 qui
553 2443 673 2467 sensus
697 2443 777 2465 ver-

115 2480 236 2514 borum
260 2476 410 2518 δούλοις
433 2478 528 2513 τισὶν
553 2490 628 2512 esse
651 2482 778 2533 potest,

114 2530 258 2571 propter
313 2524 503 2569 oppositum
567 2522 698 2558 ελευθέ
701 2536 779 2568 ροις

115 2573 289 2616 ineptum,
311 2582 421 2615 neque
444 2571 534 2616 quod
553 2571 779 2605 Schleierma-

119 2618 240 2652 cherus
265 2616 398 2662 posuit,
430 2618 501 2650 und
532 2618 628 2662 giebt
663 2629 698 2650 es
729 2618 778 2650 ir-

119 2664 216 2709 geml
247 2663 419 2704 Knechte,
442 2665 571 2708 *denen
604 2664 691 2697 wird
724 2663 778 2696 ein

119 2710 253 2744 solcher
279 2710 400 2752 schars
417 2711 511 2751 sein,
545 2710 631 2743 satis
663 2712 779 2754 aptum

120 2760 182 2789 aut
218 2754 425 2801 pronominis
454 2755 531 2789 usui
565 2755 778 2789 conveniens.

119 2803 193 2836 Iam
226 2801 360 2836 accedit
390 2801 478 2835 dura
509 2806 545 2835 et
579 2813 600 2834 a
629 2801 781 2836 Platonis

121 2847 364 2883 consuetudine
407 2847 593 2883 abhorrens
629 2847 781 2892 particu—

824 996 879 1027 lae
903 989 952 1028 ἂν
976 994 1228 1039 praetermissio
1254 1005 1372 1039 parum
1396 994 1488 1028 simi·

824 1042 865 1075 lis
891 1041 949 1074 illa
973 1041 1025 1082 ei,
1050 1052 1149 1085 quam
1172 1041 1374 1084 Bernhardy
1399 1044 1488 1084 synt.

825 1100 858 1133 p.
895 1088 974 1121 406.
1024 1086 1164 1120 similem
1201 1087 1320 1120 statuit
1360 1086 1399 1119 L.
1441 1086 1488 1120 Π.

825 1147 859 1180 Ρ.
894 1135 974 1169 362.
1007 1133 1049 1166 D.
1097 1133 1130 1166 in
1172 1133 1286 1166 verbis
1325 1129 1489 1175 α’δελφὸς

827 1178 937 1223 ἀνδρὶ
962 1178 1118 1222 παρείη,
1154 1178 1190 1212 in
1214 1179 1337 1223 quibus
1362 1178 1490 1222 optati-

825 1238 887 1259 vus
931 1238 998 1259 non
1031 1225 1172 1257 multum
1214 1226 1256 1258 ab
1289 1224 1490 1269 imperativo

826 1272 955 1306 differt.
1002 1271 1118 1314 Magis
1152 1271 1187 1304 in
1221 1282 1291 1303 rem
1333 1277 1407 1304 erat
1447 1270 1490 1303 ad

824 1320 934 1352 locum
959 1317 1000 1350 L.
1028 1317 1104 1349 vll.
1131 1329 1164 1362 p.
1188 1318 1268 1351 516.
1300 1317 1342 1350 Ε.
1367 1328 1489 1360 provo-

827 1377 925 1399 care:
953 1358 1010 1406 αρ’
1041 1360 1087 1396 ου’
1123 1360 1278 1402 σκότους
1297 1360 1490 1401 ἀνάπλεως

829 1410 930 1455 σχοίη
966 1421 1056 1448 τους
1091 1405 1337 1453 ὀφθαλμούς,
1372 1420 1491 1453 quam—

827 1469 928 1502 quam
959 1468 1001 1489 ne
1034 1455 1111 1488 huic
1143 1456 1277 1499 quidem
1311 1455 1406 1489 nimis
1430 1454 1494 1487 tri-

825 1503 995 1538 buendum
1018 1513 1094 1535 esse
1111 1502 1229 1546 liquet.
1276 1502 1415 1534 Illorum
1432 1513 1494 1534 xe-

826 1562 886 1591 ro,
911 1561 1001 1601 quos.
1021 1548 1097 1581 Vol.
1122 1548 1150 1582 Ι.
1183 1559 1216 1592 p.
1243 1550 1299 1582 91.
1334 1547 1494 1589 ῖιᾶεϊωί,

827 1596 914 1630 ratio
959 1594 1026 1628 alia
1068 1599 1103 1627 et
1156 1593 1383 1628 excusabilior
1430 1596 1493 1626 est.

829 1643 930 1682 Quae
972 1652 1075 1685 quum
1107 1640 1156 1673 ita
1188 1640 1257 1673 sint
1291 1646 1326 1673 et
1361 1639 1494 1672 codices

827 1688 941 1732 paullo
996 1685 1132 1720 liberius
1189 1686 1320 1719 versari
1368 1685 1497 1726 sinant,

828 1733 979 1767 Bekkeri
1009 1731 1211 1766 sententiam
1233 1732 1267 1764 in
1292 1743 1408 1786 eomm.
1435 1731 1494 1764 de-

830 1780 994 1813 claratam
1027 1782 1163 1811 secutus
1195 1790 1250 1817 τις
1288 1773 1335 1810 ὂὶν
1366 1777 1496 1821 recepi.

831 1825 996 1859 Similiter
1028 1824 1141 1868 paullo
1166 1829 1246 1880 post
1269 1826 1495 1877 φιλογυμνα-

832 1868 921 1915 στής
971 1868 1012 1904 τέ
1057 1882 1113 1909 τις
1160 1867 1215 1904 ὢν
1274 1869 1336 1904 καὶ
1390 1866 1497 1913 φιλό-

829 1919 962 1961 θηρος.
1010 1916 1051 1950 L.
1086 1916 1114 1949 Ι.
1150 1928 1184 1961 p.
1222 1917 1301 1951 330.
1344 1916 1383 1949 Β.
1431 1914 1497 1958 μέ-

831 1974 895 2003 σος
951 1975 1007 2002 τις
1055 1960 1189 2017 γέγονα
1236 1959 1495 2018 χρηματιστής,

829 2022 864 2067 Ρ.
898 2007 979 2045 334.
1023 2010 1064 2042 A.
1097 2007 1274 2065 κλέπτης
1321 2005 1397 2051 ἀρα
1439 2019 1497 2047 τις

832 2053 852 2091 ὁ
880 2056 1042 2100 δίκαιος,
1076 2067 1128 2095 ως
1167 2053 1304 2098 εὀικεν,
1353 2052 1495 2088 οἷναπέ-

830 2114 982 2147 φανται.

831 2167 1027 2252 Αὸἶὲγριος]
1056 2166 1200 2215 ἀγρίοις
1224 2170 1302 2205 vat.
1325 2169 1371 2203 H.
1401 2168 1496 2204 Flor.

879 2284 1054 2330 δούλων]
1113 2284 1253 2318 δοῦλον
1299 2283 1400 2318 Vind.
1453 2283 1496 2317 B.

832 2335 912 2413 ἓξὲξ.
941 2333 1006 2412 BH.
1056 2335 1091 2366 et
1124 2343 1199 2364 cum
1232 2342 1283 2364 ων
1318 2341 1421 2375 super
1456 2341 1498 2363 ον

880 2443 1197 2490 πεπαιδευμένος]
1252 2441 1499 2487 πεπαιδευμέ-

835 2506 908 2534 νως
933 2494 1031 2527 Vind.
1056 2492 1100 2526 E.

883 2570 1075 2617 ἀρχόντων
1097 2569 1161 2615 δὲ]
1185 2572 1261 2605 Hoc
1285 2568 1325 2605 δὲ
1350 2570 1404 2604 vel
1421 2581 1502 2616 pro-

835 2620 924 2654 xime
947 2629 1092 2663 sequens
1117 2624 1195 2663 post
1213 2617 1394 2661 φίλαρχος
1406 2618 1502 2660 (nam

835 2665 1073 2755 {gugelsskerus
1092 2664 1258 2698 incertum
1269 2663 1424 2709 reliquit)
1436 2674 1500 2697 om.

884 2779 977 2823 τοῦ]
1006 2776 1144 2813 τούτου
1168 2780 1249 2815 Vat.
1267 2779 1316 2813 M.

886 2844 1086 2892 τοιούτου]
1110 2846 1247 2883 τούτου
1273 2847 1360 2882 Lob.
