1764 3176
460 161 805 204 CIVITAS
859 162 984 205 LIB.
1016 162 1073 205 X.
1104 168 1174 203 595

1423 166 1504 207 191

125 274 206 329 μὲν
238 271 350 328 πρὸς
387 270 505 329 ὑμᾶς
543 275 744 331 εἰρῆσθαι
783 271 860 330 (ov
903 273 989 329 γάρ
1023 291 1112 330 μου
1152 277 1368 330 κατερεῖτε
1395 273 1508 330 πρὸς

125 340 231 394 τοὺς
267 346 342 398 τῆς
381 344 625 400 τραγῳδίας
655 341 836 398 ποιητὰς
873 342 947 386 καὶ
982 341 1088 393 τούς
1120 340 1280 394 ἄλλους
1311 342 1508 394 ἅπαντας

124 409 229 461 τοὺς
260 410 542 467 μιμητικούς)
581 409 700 467 λώβη
740 410 882 454 ἔοικεν
917 406 1029 454 εἶναι
1058 409 1203 454 πάντα
1242 411 1295 455 τοὶ
1323 415 1507 455 τοιαῦτα

124 482 200 534 τῆς
227 494 318 521 των
347 476 604 520 ἀκουόντων
633 479 845 529 διανοίας,
877 476 974 521 ὅσοι
1002 496 1060 534 μη
1093 478 1239 534 ἔχουσι
1271 476 1509 533 φάρμακον

64 587 68 589 .
123 545 174 588 τὸ
206 546 366 590 εἰδέναι
396 544 507 588 αὐτὰ
537 543 610 589 οἶα
649 546 854 602 τυγχάνει
885 545 1005 590 ὄντα.

124 611 368 668 νοούμενος
394 613 554 668 λέγεις;
598 611 774 670 Ῥητέον
787 648 796 666 ,

846 610 862 617 -
1067 550 1138 602 Πῆ
1171 547 1245 602 δή,
1277 546 1384 602 ἔφη,
1417 548 1510 589 δια-

835 618 890 672 ἠν
921 612 966 658 δ’
997 613 1104 670 ἐγώ,
1135 616 1279 657 καίτοι
1310 616 1434 669 φιλία
1460 614 1508 669 γέ

123 682 187 732 τίς
224 697 276 737 με
305 682 378 725 καὶ
410 681 542 732 αἰδώς
587 682 633 726 ἐκ
664 683 822 735 παιδός
853 684 1010 740 ἔχουσα
1048 682 1147 736 περὶ
1171 680 1366 737 Ὁμήρου
1397 682 1509 725 ἄπο-

122 747 282 792 κωλύει
308 748 458 804 λέγειν.

519 749 630 794 ἔοικε
660 751 740 806 μὲν
768 752 850 807 γὰρ
882 755 970 795 τῶν
999 755 1148 794 καλῶν
1174 749 1379 793 ἁπάντων
1402 749 1504 793 τού·
1535 757 1567 799 C

121 832 210 859 των
242 820 332 860 τῶν
372 822 593 872 τραγικῶν
629 823 805 873 πρῶτος
844 817 1106 870 διδάσκαλός
1143 834 1188 860 τε
1228 818 1302 861 καὶ
1331 816 1506 874 ἡγεμών

121 884 342 939 γενέσθαι.
384 884 482 929 ἀλλ’
525 884 580 930 οὐ
618 886 703 943 γάρ
734 885 822 942 πρό
859 903 907 943 γε
949 890 1026 942 τῆς
1068 884 1277 943 ἀληθείας
1306 884 1506 942 τιμητέος

167 1030 282 1078 ὑμᾶς]
304 1030 405 1078 ἡμᾶς
427 1035 578 1069 Proclus.

168 1081 363 1125 εἰρῆσθαι]
428 1079 589 1125 εἰρήσθω
652 1082 789 1116 Enseb.·

122 1125 228 1168 „Non
264 1127 462 1171 εἰρῆσθαι,
507 1129 566 1161 sed
603 1126 779 1171 εἰρήσθω,

121 1172 247 1216 legitui·
279 1175 369 1218 apud
401 1173 608 1215 Eusebium3
632 1175 780 1207 afferen-

121 1221 188 1251 tem
212 1220 299 1252 hunc
322 1219 448 1252 locum:
475 1220 535 1253 sed
561 1232 602 1252 ex
626 1220 667 1253 iis
692 1232 780 1265 quae

120 1269 224 1298 antea
256 1265 382 1309 protuli
406 1265 570 1310 exemplis
598 1266 694 1299 huius
718 1278 779 1309 ge—

120 1310 211 1344 neris
243 1310 420 1355 loquendi,
455 1312 671 1344 scribendum
704 1324 780 1345 esse

121 1355 295 1400 εἰρῆσθαι
327 1360 470 1391 constat.
516 1357 639 1402 Neque
667 1362 780 1392 tamen

119 1403 237 1436 mirum
260 1407 314 1435 est
343 1402 481 1437 interim
504 1403 534 1436 si
555 1404 779 1448 depravatum
804 1400 809 1407 ⁴

120 1460 186 1482 non
226 1447 296 1482 illic
327 1448 434 1482 solum
468 1449 528 1482 sed
565 1450 647 1483 alibi
679 1450 780 1484 etiam

118 1495 197 1537 fuit,
203 1497 333 1547 utpote
357 1495 468 1528 multis
493 1495 640 1530 insolens
665 1501 701 1529 et
719 1508 781 1541 pe-

118 1539 304 1585 regrinum.
317 1542 340 1559 “
365 1541 485 1585 Steph.
520 1545 633 1576 annot.
667 1554 699 1587 p.
725 1545 779 1577 27.

120 1586 308 1631 Exempla,
331 1598 420 1631 quae
447 1587 548 1628 dicit,
574 1599 616 1621 ex
639 1589 678 1621 P·
679 1593 780 1632 vtag.

147 1611 319 1711 ‚3869133
351 1638 386 1666 et
409 1633 513 1678 Hipp.
543 1634 621 1667 min.
646 1646 678 1679 p.
701 1636 781 1670 366.

266 1677 396 1711 mitium
421 1679 632 1723 Protagorae
666 1686 781 1714 annot.

120 1735 155 1768 p
166 1723 424 1823 ἐξήρὲἒωῐιὲτ.
449 1770 525 1805 DK.
549 1771 626 1805 Ald.
653 1772 732 1805 Bas.
751 1783 783 1806 a.

120 1816 376 1905 μοῖαιῖἰῗῖέε]
402 1864 610 1906 καρτερεῖτε
637 1864 716 1897 Vat.
742 1864 782 1898 B.

121 1908 208 1988 {121³
241 1908 294 1986 ἑ).
337 1908 418 1943 Par.
455 1909 501 1942 D.
546 1912 783 1953 κατηγορεῖτε

120 1978 281 2079 Buff-§bs
300 2011 365 2034 om.
411 2000 491 2036 vat.
535 2000 620 2035 HM.
666 2002 782 2036 Procl.

154 2057 362 2136 ὃἕὶἑνταντας]

62 2206 73 2210 -
121 2137 280 2226 Ρτὲἓιῦς]
316 2194 381 2219 om.
415 2185 501 2218 Ven.
536 2184 576 2217 B.
614 2185 713 2220 Vind.
738 2186 784 2222 Ε.

122 2230 202 2286 Vaj'z
224 2229 271 2262 H.
295 2229 389 2284 Flof.
408 2229 524 2285 ᾼΙΟΤ..
538 2231 619 2264 Bas.
637 2231 671 2267 b.

124 2286 287 2355 cf‘ssz‘ss?
295 2275 461 2354 ³}1.‘⁴'1‘{=1‹f;.
485 2276 584 2355 1¹35·
616 2276 656 2311 Β·
689 2278 784 2313 M⁰¹¹'

169 2364 308 2411 πάντα]
332 2371 411 2412 post
433 2364 481 2401 τοὶ
507 2368 667 2403 τοιαῦτα
696 2369 784 2404 Lob.

123 2413 335 2503 νδὲἦςΒ-τΜιὲν
355 2478 399 2483 -
419 2456 559 2493 εἰδέναι
579 2456 694 2506 αὐτὰ]
719 2474 785 2496 om.

124 2505 254 2539 Euseb.
308 2507 374 2538 Pro
398 2502 442 2539 τὸ
472 2503 611 2540 εἰδέναι
636 2506 671 2540 in
696 2507 782 2542 Lob.

124 2551 225 2585 Vind.
266 2551 339 2584 EF.
374 2551 466 2584 Mon.
501 2552 542 2584 Β.
587 2553 666 2586 vat.
700 2554 781 2587 ΒΜ.

124 2597 206 2631 Par.
242 2597 318 2631 DK.
363 2607 432 2630 sec.
470 2596 577 2631 Bekk.
616 2599 702 2643 Ang
739 2601 779 2634 B.

125 2643 219 2676 Flor.
243 2643 321 2677 RU.
353 2643 424 2676 τοῦ
450 2642 516 2676 εἰδ.
540 2644 675 2688 legitur.
723 2646 787 2680 Fi-

437 2089 582 2133 πᾶντας
653 2093 781 2130 Euseb.

127 2689 220 2723 cinus
245 2684 328 2723 ὅσοι
351 2707 399 2713 -
425 2684 518 2723 ὄντα
544 2690 593 2724 ita
616 2690 786 2736 interpre-

125 2739 219 2769 tatus
243 2741 313 2769 est:
347 2735 406 2779 qui
429 2755 473 2760 —
496 2738 663 2770 medelam
689 2739 786 2771 illam

126 2782 250 2815 mentis
275 2793 343 2815 non
369 2781 516 2823 habent,
550 2795 620 2826 qua
647 2785 787 2827 potissi-

127 2839 243 2870 mum,
274 2828 393 2872 quales
427 2828 494 2862 hae
523 2829 670 2871 fabulae
705 2831 786 2872 sint,

838 1036 1048 1069 discernant.
1073 1038 1189 1075 recte,
1224 1034 1314 1080 quod
1339 1034 1381 1068 ad
1407 1030 1505 1069 αὐτοὶ

838 1082 972 1123 attinet,
998 1082 1088 1127 quod
1107 1081 1439 1114 Schleiermacherus
1460 1080 1504 1113 ad

837 1140 893 1161 res
918 1129 1029 1173 ipsas,
1063 1139 1151 1172 quae
1175 1139 1256 1159 vere
1281 1132 1384 1168 sunt,
1409 1131 1506 1160 retu-

837 1174 918 1207 lisse
942 1174 1095 1207 videtur:
1123 1185 1158 1206 so
1180 1174 1268 1205 viele
1295 1174 1389 1207 ihrer
1410 1173 1506 1206 nicht

837 1221 901 1253 das
931 1220 1126 1253 Heivemittel
1158 1219 1311 1260 besizen,
1343 1221 1424 1252 dass
1456 1219 1506 1251 sie

836 1267 958 1299 wissen
987 1267 1051 1299 wie
1075 1265 1148 1298 sich
1171 1266 1228 1298 die
1249 1266 1362 1311 Dinge
1388 1266 1423 1299 in
1444 1265 1505 1298 der

841 1313 1082 1346 lVirkle‘chk-cc't
1103 1312 1296 1344 verlmlten.

883 1358 959 1413 Πῆ]
986 1358 1066 1397 πῶς
1090 1358 1168 1390 Pa1.
1194 1358 1238 1391 K.
1265 1369 1334 1391 sec.
1361 1356 1439 1402 Rip.

883 1401 943 1460 δη]
971 1401 1010 1437 δε
1039 1404 1164 1437 Euseb.

884 1448 991 1494 ἐγώ,]
1020 1447 1101 1506 5¹05.
1128 1450 1307 1483 Bekkerus
1342 1454 1378 1482 et
1402 1448 1508 1482 Stall-

836 1497 1002 1529 baumius.
1049 1492 1138 1539 ε’)ώ·
1181 1497 1255 1528 Ast.
1291 1500 1372 1528 tert.
1416 1495 1508 1540 quod

836 1542 925 1576 iusto
950 1542 1113 1576 maiorem
1149 1545 1184 1574 et
1212 1541 1383 1582 fiduciae,
1408 1552 1509 1585 quam

840 1594 992 1621 extrema
1026 1588 1182 1621 Socratis
1222 1588 1330 1620 verba
1367 1588 1507 1620 demon-

839 1638 964 1676 strant,
986 1637 1232 1679 repugnantem
1257 1633 1508 1667 cunctationem

839 1681 955 1713 habet.

885 1723 927 1769 ’γέ
945 1725 1001 1764 τίς
1020 1726 1078 1768 με]
1103 1721 1150 1767 με’
1173 1736 1230 1764 τις
1250 1735 1289 1768 γε
1314 1725 1396 1758 Vat.
1409 1724 1459 1758 M.

889 1770 1019 1827 αἰδὼς]
1046 1771 1163 1810 αἰδώς
1188 1771 1288 1803 Vind.
1315 1771 1356 1804 F.

890 1815 984 1851 ἔοικε
1007 1836 1053 1842 —
1073 1814 1168 1860 ἀνὴρ
1191 1816 1232 1849 C.
1243 1817 1257 1861 ]
1281 1816 1399 1851 laudat
1421 1817 1506 1851 Pro-

841 1863 945 1897 clus
936 1875 972 1896 ιιι
998 1863 1243 1908 Civ.p.4o7,
1272 1864 1325 1898 18.

883 1906 964 1953 μεν]
989 1921 1054 1964 οΓηι.
1080 1909 1209 1942 Euseb.
1237 1908 1347 1942 Procl.

884 1956 972 2011 τῶν]
1002 1951 1158 2009 ὅμηρος
1164 1955 1240 1988 τῶν
1265 1954 1378 1989 Procl.

885 1998 1078 2056 ἁπάντων]
1104 2013 1259 2034 παντων
1288 2001 1387 2035 idem.

884 2045 1043 2091 τούτων]
1069 2060 1134 2082 om.
1163 2047 1255 2080 Mon.
1281 2047 1320 2081 Β.
1347 2047 1441 2082 F.lor
1458 2047 1505 2082 U.

884 2094 1045 2138 πρῶτος]
1079 2105 1144 2127 om.
1170 2093 1283 2127 Procl.

887 2141 940 2195 τε]
969 2152 1032 2174 om.
1057 2140 1158 2173 idem.

887 2184 959 2241 γὰρ
982 2183 1056 2229 πρό
1084 2187 1137 2229 γε]
1162 2182 1236 2228 πρό
1259 2195 1299 2227 γε
1325 2182 1396 2228 γὰρ
1423 2186 1504 2220 Vae.

843 2233 883 2266 B.
918 2230 990 2276 γὰρ
1024 2230 1121 2274 πρός
1150 2242 1188 2274 γε
1221 2231 1299 2264 Ald.
1335 2232 1415 2265 Bas.
1447 2233 1504 2265 ab.

842 2279 1010 2312 Aristides
1057 2278 1102 2311 T.
1143 2277 1190 2310 II.
1231 2289 1266 2321 p.
1301 2278 1381 2312 430.
1417 2282 1507 2311 extr.

842 2324 944 2358 Dind.
969 2325 1011 2357 de
1036 2324 1178 2357 Platone
1203 2328 1238 2356 et
1262 2323 1324 2356 hoc
1345 2323 1507 2357 Civitatis

842 2370 916 2404 loco
941 2367 1026 2404 ἄλλ’
1048 2367 1091 2403 ἐν
1120 2367 1220 2424 216193
1239 2369 1372 2424 inquit,
1396 2366 1506 2403 τοῦτ’

844 2413 922 2450 εἶπε
944 2413 1077 2470 βραχὺ,
1102 2427 1153 2454 ως
1174 2412 1220 2448 ου’
1245 2412 1351 2458 (οὔτε
1374 2415 1509 2450 codices

842 2463 928 2517 tres)
953 2460 1033 2516 πρό
1051 2472 1090 2505 γε
1114 2461 1180 2504 τῆς
1205 2456 1387 2504 οἷληθείας
1404 2473 1508 2505 τιμη-

840 2506 925 2547 τέος
962 2505 1070 2551 ανήρ.
1147 2507 1278 2540 Eodem
1312 2509 1507 2552 respexisse

839 2554 947 2587 videri
991 2557 1105 2598 potest
1148 2552 1338 2609 Gregorius
1378 2553 1502 2588 Corin-

839 2601 928 2634 thius
951 2599 985 2632 in
1010 2600 1117 2643 praef.
1143 2611 1177 2643 p.
1201 2599 1244 2634 5·
1280 2594 1420 2633 ου’κουν
1442 2611 1505 2634 πε-

845 2644 1172 2701 ριαυτολογοῦντες
1224 2645 1298 2678 τῶν
1354 2643 1505 2700 ἄνδρων

843 2692 927 2735 περὶ
950 2691 1064 2725 τοῦτο
1096 2689 1140 2725 τὸ
1165 2688 1290 2746 μέρος
1300 2702 1506 2736 κατηγορη-

844 2748 978 2781 σαμεν,
1006 2734 1098 2770 ἀλλὰ
1123 2737 1240 2780 φίλων
1269 2733 1388 2771 ὄντων
1409 2748 1504 2781 προ-

843 2784 1019 2839 τιμῶντες
1046 2780 1173 2817 αυτῶν
1208 2781 1278 2826 τὴν
1307 2781 1501 2839 ἀλήθειαν,

844 2826 895 2871 ὥς
924 2841 999 2863 που
1027 2828 1092 2863 καὶ
1120 2826 1281 2864 Πλάτων
1310 2826 1329 2864 ὁ
1354 2830 1503 2873 φιλοσο-
