1764 3176
277 79 364 120 228

735 71 1212 116 PLATONIS

277 190 367 230 τῶν
397 183 584 242 ὁμοίων,
614 184 644 242 ἢ
675 185 783 230 ὅταν
809 185 858 229 ἐν
888 185 1041 242 ἐρημίᾳ
1068 183 1200 239 μόνος
1230 183 1362 235 αὐτὸς
1390 182 1498 227 καθ’
1527 181 1662 227 αὑτὸν

278 255 501 310 γίγνηταις
554 253 680 297 Πολύ
709 270 820 306 που,
850 252 958 309 ἔφη,
993 253 1170 303 διοίσει,
1200 251 1308 295 ὅταν
1338 251 1506 306 ὁρᾶται.

1566 255 1664 294 Mo·

278 323 439 373 νωθεὶς
474 321 520 365 δέ
550 337 623 377 γε,
664 319 807 376 οἶμαι,
845 319 984 364 πολλοὶ
1029 319 1109 375 μὲν
1140 319 1343 376 τολμήσει
1372 318 1664 375 φθέγξασθαι,

279 387 308 432 ἃ
337 390 378 432 εἴ
403 405 467 439 τις
498 387 638 432 αὐτοῦ
669 387 828 433 ἀκούοι
859 385 1103 443 αἰσχύνοιτ’
1137 386 1204 440 ἂν,
1235 385 1373 430 πολλοὶ
1403 387 1448 430 δὲ
1477 387 1663 442 ποιήσει,

281 454 310 499 ἃ
341 455 425 499 οὐκ
455 456 511 499 ἂν
541 454 708 509 δέξαιτό
738 473 836 500 τινα
865 458 974 500 ἰδεῖν
1005 457 1190 510 δρῶντα.

1257 453 1406 506 Οὕτως
1436 455 1529 510 ἔχει,
1566 455 1662 510 ἔφη.

286 521 467 567 Οὐκοῦν
507 521 556 568 τὸ
597 525 677 579 μὲν
718 523 974 568 ἀντιτείνειν
1018 522 1383 578 διακελευόμενον
1420 521 1550 578 λόγος
1590 523 1666 566 καὶ

278 655 451 714 Ἀληθῆ.

218 591 255 633 Β
285 589 423 646 νόμος
453 592 554 644 ἐστὶ,
585 592 635 635 τὸ
667 593 712 635 δὲ
745 592 872 635 ἕλκον
900 592 968 635 ἐπὶ
1000 590 1077 642 τὰς
1108 591 1247 641 λύπας
1278 589 1384 634 αὐτὸ
1415 590 1465 634 τὸ
1496 590 1664 642 πάθοςς

507 657 732 711 Ἐναντίας
764 660 810 704 δὲ
840 660 1010 717 ἀγωγῆς
1038 660 1296 716 γιγνομένης
1325 659 1372 703 ἐν
1400 663 1462 716 τῷ
1492 657 1666 714 ἅνθριό-

282 741 349 785 πῳ
381 727 480 780 περὶ
508 726 557 770 τὸ
588 725 694 770 αὐτὸ
726 727 815 782 ἅμα
845 729 927 773 δύο
959 728 1103 784 φαμὲν
1129 726 1249 785 αὐτῷ
1279 726 1521 782 ἀναγκαῖον
1542 725 1664 770 εἶναι.

284 799 388 847 Πῶς
428 794 470 839 δ’
504 795 580 847 οὕς
625 794 806 840 Οὐκοῦν
845 796 893 840 τὸ
931 795 1010 852 μὲν
1050 795 1197 852 ἕτερον
1235 799 1295 852 τῷ
1325 794 1447 852 νόμῳ
1488 796 1664 852 ἕτοιμον

331 908 369 944 ἐν
390 908 519 957 ἐρημίᾳ
540 908 655 953 μόνος
674 908 803 955 αυτὸς]
825 908 885 945 αὖ.
905 922 942 954 μ.

281 954 320 990 ἐν
346 954 396 998 ἐρ.
422 947 513 990 Mon.
538 958 578 991 Β.
605 957 699 991 Flos.
724 958 769 992 U.

329 999 462 1047 αυτὸν]
491 999 584 1036 αὐτὸ
614 1002 696 1036 Lob.

328 1049 517 1092 γίγνηται]
567 1049 617 1092 γί)
617 1060 729 1082 νεται
768 1048 862 1082 Mon.
903 1048 944 1082 B.

282 1095 362 1131 Bas.
390 1096 422 1128 b.
448 1093 619 1138 γένηται,
644 1095 677 1128 iu
701 1107 745 1128 m.
776 1107 797 1128 a
821 1106 864 1128 111.
891 1106 944 1139 pr.

284 1140 755 1241 γίᾜῖιῖζθεῗέἷημοῖοθεὶς
778 1186 853 1220 Ald.

329 1230 500 1276 τολμήσει
531 1230 792 1276 φθέγξασθαι]
816 1229 948 1275 τολμή-

285 1288 352 1317 σας
377 1279 446 1321 φθ.
474 1279 551 1311 Par.
568 1279 610 1312 K.
637 1291 676 1312 es
696 1291 847 1312 moerore
865 1290 948 1322 pro-

284 1326 462 1358 nunciabit
484 1324 561 1358 Fic.

333 1365 356 1403 ὁὶ
383 1370 421 1404 εἴ
440 1371 516 1413 τις]
552 1365 610 1403 ἀεὶ
643 1369 701 1404 τίσ
728 1369 829 1405 Vind.
854 1370 897 1403 F.

286 1414 325 1450 εἴ
344 1428 378 1449 τι
404 1416 494 1449 Mon.
522 1415 561 1449 C.

332 1459 489 1507 α’κούοι]
516 1459 647 1495 α’κούει
675 1462 755 1496 Vat.
779 1461 824 1494 H.
850 1461 949 1495 Stob.

287 1509 394 1542 Gesn.

334 1550 567 1598 αἰσχύνοιτ’]
606 1551 776 1596 αἰσχύνοι
809 1549 847 1586 τ’
875 1553 949 1587 Ald.

287 1596 481 1644 αἰσχύνοτ’
520 1599 619 1634 Vind.
655 1600 696 1633 F.
735 1595 948 1642 αἰσχύναιτ’

284 1647 372 1680 Lob.
397 1647 475 1680 Vat.
502 1647 542 1679 B.

334 1689 506 1735 δέξαιτό]
545 1689 650 1733 δέξαι
687 1689 730 1726 τὸ
772 1691 873 1725 Vind.
906 1691 949 1724 Ε.

287 1735 457 1779 δέξαιντο
482 1738 561 1771 Par.
572 1738 615 1772 K.
641 1749 710 1771 sec.
730 1737 842 1771 Bekk.
863 1734 950 1771 δόυ

287 1784 392 1826 ξαιτο
419 1785 503 1827 Ang.
528 1784 568 1818 B.

288 1827 951 1915 &5³03ssssdess..Ri‘ssnsseffioeliss‘ssfiss

289 1921 345 1966 qui
371 1922 463 1955 Mon.
490 1922 528 1954 B.
561 1921 651 1954 inter
682 1921 802 1954 mutati
826 1920 953 1953 ordinis

289 1973 447 2000 auctores
471 1968 555 2000 falso
581 1966 710 2008 retulit,
737 1967 780 2000 de
803 1967 883 2000 Par.
908 1966 952 1999 D.

289 2013 373 2046 nihil
395 2014 554 2046 ostendit.

343 2056 382 2092 δὲ
408 2057 526 2102 ἕλκον]
552 2055 590 2092 δ’
617 2056 720 2092 ἕλκον
745 2058 843 2092 Stob.

342 2103 512 2149 πάθοςς]
554 2102 695 2144 ποὶθος.
747 2103 832 2137 editi
876 2106 955 2137 ante

295 2152 440 2184 Astium.

337 2195 376 2230 δὲ
403 2194 571 2241 ἀγωγῆς]
607 2193 646 2230 δὲ
681 2194 726 2240 δὴ
764 2192 821 2239 α’γ.
856 2195 954 2229 Stob.

291 2245 357 2276 Ast
393 2254 460 2276 sec.
487 2248 568 2277 tert.

337 2286 576 2333 γιγνομένης]
604 2285 820 2332 γιγνομένας
854 2286 954 2321 vind.

880 2377 955 2412 Ald.

343 2375 558 2426 ἀνθρώπῳ]
611 2376 826 2425 ἀνθρώπῳ,

295 2425 378 2459 Bas.
401 2426 455 2458 ab.

342 2468 426 2513 περι
449 2468 490 2504 τὸ
520 2467 632 2515 αὐτὸ]
657 2458 736 2529 post
748 2483 848 2526 αυτῳ
834 2470 956 2504 '‘Flor.

292 2516 337 2550 T.
374 2516 498 2549 Stallb.
536 2529 586 2562 pr.
631 2516 715 2561 περὶ
758 2515 801 2551 τὸ
848 2513 955 2557 αὐτὸ,

294 2562 414 2606 Stepb.
451 2563 523 2596 Ast.
560 2574 610 2607 pr.
646 2576 713 2597 sec.
757 2563 846 2609 quod
887 2573 953 2595 non

293 2608 403 2652 magis
424 2609 602 2652 probabile
635 2615 706 2651 est,
738 2621 838 2654 quam
864 2607 954 2653 quod

294 2665 338 2688 ex
371 2654 446 2689 Aid.
480 2655 559 2689 Bas.
602 2657 655 2689 ab.
695 2667 800 2700 supra
840 2654 952 2688 retuli.

295 2700 435 2733 Comma
468 2700 498 2734 si
527 2702 735 2745 ponendum,
769 2704 846 2748 post
876 2696 953 2743 ἅμα

293 2746 494 2790 ponendum.

1049 908 1142 954 δύο]
1186 908 1256 943 δύο
1290 908 1367 943 τινέ
1407 910 1584 943 Bekkerus
1629 914 1667 943 et

1002 956 1246 989 Stallbaumius
1280 956 1462 990 secundum
1497 956 1590 989 Mon.
1623 956 1666 990 Β.

1001 1002 1097 1036 Flor.
1125 1003 1169 1037 U.
1203 1008 1238 1035 et
1262 1002 1437 1036 Ficimun:
1472 1003 1665 1036 necessario

1003 1049 1071 1081 cluo
1106 1049 1278 1096 quaedam
1310 1050 1372 1082 illa
1408 1060 1477 1082 esse
1511 1049 1664 1082 dicimus.

1004 1090 1102 1138 (ἅμα
1122 1114 1166 1118 ——
1185 1090 1307 1136 εἶναι.)

1050 1138 1171 1183 φαμὲν
1204 1137 1330 1184 αυτῷ]
1366 1152 1405 1184 φ.
1440 1137 1534 1174 αὐτὸ
1567 1139 1666 1173 Vind.

1005 1186 1046 1221 F.
1085 1189 1171 1230 Aug.
1216 1187 1256 1219 B.
1288 1186 1446 1241 ἔφαμεν
1478 1184 1522 1230 δὴ
1567 1186 1666 1220 Stob.

1005 1232 1082 1274 „AL
1109 1244 1229 1275 φαμεν
1251 1229 1353 1266 αυτῶ
1375 1229 1525 1287 ἀναγκη.
1530 1233 1554 1251 “
1576 1233 1669 1265 Ges-
1691 1270 1694 1275 ⁸

1006 1288 1106 1311 nerus
1131 1279 1164 1310 in
1188 1290 1296 1321 111.φ.
1325 1267 1362 1312 ἓν
1387 1276 1489 1324 αὐτῷ
1515 1278 1608 1311 Mon.
1626 1277 1668 1310 B.

1006 1325 1102 1357 Fior.
1128 1324 1206 1356 TU.
1232 1324 1411 1358 Bekkerus
1436 1313 1474 1357 et‘
1494 1323 1670 1357 Stallbau-

1006 1370 1104 1412 mius,
1129 1370 1188 1413 qui
1211 1369 1244 1402 in
1268 1381 1336 1404 sec.
1360 1370 1499 1403 verbum
1522 1381 1670 1402 comma-

1006 1416 1051 1449 tis
1079 1417 1237 1458 utrinque
1270 1416 1432 1449 distinxit.
1488 1416 1669 1458 Praeposi-

1007 1462 1131 1495 tionem
1157 1461 1274 1494 Astius
1310 1473 1445 1506 quoque
1474 1462 1509 1495 in
1541 1473 1607 1495 sec.
1632 1465 1670 1495 et

1008 1512 1086 1540 tert.
1118 1507 1282 1551 requirit,
1308 1519 1417 1552 eaque
1440 1507 1588 1541 admissa
1614 1508 1670 1541 fa-

1007 1553 1144 1587 tendum
1177 1559 1230 1585 est
1253 1553 1375 1586 nullam
1400 1553 1544 1598 relinqui
1570 1553 1670 1587 dubi-

1007 1599 1184 1639 tationem,
1205 1599 1284 1643 quin
1309 1602 1372 1632 duo
1398 1599 1532 1633 diversa
1550 1598 1585 1632 in
1601 1610 1668 1633 uno

1008 1645 1140 1678 homine
1170 1645 1282 1678 inesse
1313 1645 1478 1678 dicantur.
1536 1645 1669 1679 Tamen

1009 1702 1111 1736 quum
1143 1690 1197 1731 id,
1231 1691 1320 1735 quod
1350 1692 1385 1724 in
1419 1691 1532 1735 aliquo
1564 1691 1668 1732 inest,

1007 1738 1117 1770 eidem
1140 1737 1333 1770 necessario
1357 1737 1402 1770 sit
1427 1741 1462 1770 et
1483 1736 1581 1778 assit,
1596 1734 1667 1771 δύο

1007 1788 1119 1816 autem
1162 1795 1226 1815 non
1268 1783 1450 1816 verendum
1492 1787 1585 1816 esset
1626 1794 1670 1816 ne

1008 1828 1084 1873 quis
1116 1840 1176 1872 pro
1201 1829 1382 1862 masculino
1405 1829 1539 1882 potius,
1569 1840 1668 1877 quam

1007 1886 1069 1919 pro
1094 1878 1214 1907 neutro
1240 1876 1392 1917 haberet,
1412 1872 1480 1908 δύο
1497 1871 1599 1930 αὐτῷ
1619 1886 1667 1908 ει-

1008 1932 1072 1953 ναι
1113 1921 1228 1953 eadem
1261 1921 1509 1964 significatione
1549 1919 1666 1964 οἰναγ-

1008 1969 1117 1999 καῖον
1133 1966 1197 1998 dici
1219 1967 1371 2010 potuisse
1391 1967 1537 2000 videtur.
1564 1968 1668 2000 Com-

1010 2018 1101 2045 mata
1119 2018 1241 2052 autem,
1261 2012 1380 2056 quibus
1396 2024 1475 2045 usus
1497 2019 1550 2046 est
1563 2012 1668 2046 Stall-

1010 2057 1191 2097 baumius,
1226 2069 1479 2112 supervacanea
1509 2063 1607 2099 sunt,
1632 2063 1669 2092 et

1011 2100 1106 2136 εἶναι
1127 2106 1207 2159 post
1231 2101 1436 2146 ἀναγκαῖον
1462 2108 1532 2137 tam
1555 2104 1668 2147 facile,

1011 2161 1110 2194 quam
1135 2146 1226 2190 ἐστι,
1260 2150 1471 2183 subauditur.
1507 2150 1563 2185 Cf.
1588 2150 1669 2184 Phi-

1011 2195 1076 2228 leb.
1084 2207 1135 2252 p.
1149 2197 1202 2230 35.
1216 2195 1262 2228 C·
1289 2192 1357 2249 ἄρ’
1384 2207 1452 2229 ουν
1476 2192 1575 2250 ἡμᾶς
1595 2190 1668 2230 ωδε

1011 2240 1096 2284 περὶ
1129 2241 1248 2274 ταῦτα
1273 2238 1479 2285 ἀναγκαῖον
1511 2239 1668 2286 ἡγούμε-

1011 2289 1066 2321 θα
1100 2286 1233 2331 ἱσχειν,·
1268 2287 1369 2328 Quod
1396 2288 1668 2343 Moigensternio

1011 2342 1192 2377 praestare
1229 2333 1412 2367 videbatur
1444 2332 1569 2376 αὐτὼ,
1612 2334 1668 2367 cui

1012 2379 1121 2413 Ficiui
1144 2380 1378 2424 interpretatio
1402 2381 1506 2422 favet,
1528 2384 1669 2425 propte-

1011 2437 1070 2458 rea
1094 2425 1178 2458 ferri
1202 2426 1330 2470 nequit,
1345 2426 1437 2470 quod
1455 2427 1497 2460 ad
1515 2426 1668 2481 proxime

1011 2477 1267 2504 commemorata
1283 2469 1410 2511 πάθος
1428 2477 1462 2506 et
1485 2471 1595 2516 λόγον
1611 2484 1669 2506 re-

1009 2517 1186 2550 ferendum
1219 2523 1330 2560 esset,
1362 2530 1450 2571 qnae
1475 2518 1610 2552 diversa
1633 2521 1668 2551 et

1010 2563 1076 2596 duo
1100 2575 1176 2596 esse
1198 2564 1359 2597 Socrates
1389 2564 1456 2597 iam
1478 2576 1582 2608 supra
1605 2575 1668 2609 po-

1010 2609 1090 2648 suit,
1115 2620 1180 2642 non
1205 2621 1291 2643 nunc
1316 2610 1447 2643 demum
1472 2610 1612 2654 colligit.

1057 2651 1283 2699 ἀναγκαῖον]
1310 2654 1495 2699 ἀναγκαῖα
1518 2656 1598 2690 Par.
1621 2655 1665 2688 K.

1011 2712 1074 2735 om.
1100 2701 1195 2734 Flor.
1218 2702 1261 2735 T.
1286 2702 1409 2736 Stallb.
1433 2714 1484 2747 pr.

1056 2747 1107 2792 τῷ
1128 2744 1252 2793 νόμῳ]
1276 2747 1320 2783 τὸ
1351 2748 1428 2792 τῶ,
1453 2748 1488 2782 in
1511 2759 1554 2782 m.
1579 2758 1600 2782 a
1623 2758 1665 2781 m.
