1764 3176
273 128 411 155 Lxxvl
712 114 1243 160 PRAEFATIO

271 230 544 290 διαμέτρων
575 230 730 294 ῥητῶν
749 229 1011 291 πεμπάδων
1031 233 1271 292 δεομένων
1296 227 1399 284 ἑνός
1421 230 1657 281 ἑκάστων·

271 315 491 382 α’ῥρήτων
515 320 565 367 δὲ
588 323 740 368 δυεῖν·
771 319 981 369 ἑκάστων
1015 326 1109 379 (seu
1130 322 1247 380 τῶν)
1269 323 1318 370 δὲ
1343 318 1498 383 κύβων
1522 320 1656 387 ‘cota'-

270 411 369 461 δος,
407 427 571 454 sensum
590 420 723 456 autem
740 418 848 457 hunc
870 419 1095 458 continere:
1131 431 1319 458 numerus
1341 420 1445 458 enim
1467 423 1655 460 centena-

266 505 350 543 rius
376 519 399 545 e
421 507 618 557 quadratis
649 509 829 548 diametri
866 509 1035 548 effabilis
1060 511 1225 561 quinarii
1246 510 1380 561 prodit
1399 511 1465 558 ita7
1502 514 1546 549 ut
1569 502 1655 550 sin-

266 597 369 649 gulis
406 598 606 638 diametris
627 614 771 649 unum,
808 615 831 640 e
855 601 1056 639 diametris
1087 601 1353 640 ineffabilibus
1380 603 1454 649 ita,
1490 605 1534 640 ut
1561 602 1656 650 duo,

267 689 310 727 in
330 689 432 728 cubo
462 694 616 740 autem,
650 695 694 730 ut
723 693 797 731 tria
833 692 974 731 desint.
1014 689 1192 743 (hunbert
1221 688 1374 742 nemlffd)
1402 688 1446 742 ist
1474 688 1530 734 bie
1558 691 1658 744 Babl

269 782 345 821 aug
368 780 437 822 ben
458 779 694 824 Quabraten
716 782 778 824 bet
802 780 1116 836 aussspteaebaten
1136 779 1387 837 &agonum
1409 784 1470 825 bet
1491 778 1656 834 ῧύηῖεη,

269 868 304 921 fo
326 871 399 924 ba&
421 871 517 921 jebet
546 870 771 926 Qiagonate
793 870 875 915 ein&
897 872 1013 926 feb1t3
1049 874 1119 916 ben
1139 870 1511 928 unausssptecbbaten
1533 871 1656 927 (ἓίαε

269 961 453 1016 gonalen)
483 960 570 1004 aber
598 962 634 1015 so
669 964 743 1017 ba&
765 961 854 1018 gmei
875 965 1019 1018 feblem
1053 961 1169 1015 biel'en
1193 963 1366 1017 (nemlid)
1388 962 1656 1019 αηαιιῧῆοῑεῴε

268 1052 383 1096 baren
414 1051 684 1108 Qiagonaten)
718 1066 782 1097 am
815 1052 980 1107 assfirfet
1017 1054 1053 1107 fo
1079 1056 1152 1110 δοιῇ
1174 1052 1250 1098 brei
1270 1055 1423 1108 feblen.)
1495 1058 1658 1098 Scilicet

270 1147 504 1187 diametrum
524 1147 721 1186 affabilem
752 1149 917 1199 quinarii
937 1162 1029 1188 esse
1050 1149 1334 1200 septenarium,
1371 1150 1482 1189 cuius
1511 1163 1533 1189 e
1558 1164 1655 1201 qua-

269 1238 390 1277 dratis
415 1240 449 1278 si
470 1241 718 1279 centenarius
743 1245 1026 1293 componatur,
1062 1241 1276 1292 unicuique
1303 1242 1548 1281 rationaliter
1566 1255 1655 1282 mo-

268 1330 411 1369 nadem
453 1331 622 1380 deesse,
670 1333 885 1372 irrationali
923 1336 1056 1372 autem
1100 1333 1291 1384 quadrato
1327 1331 1402 1385 (98
1422 1345 1492 1373 z
1513 1333 1551 1373 2.
1575 1332 1651 1387 49)

267 1421 415 1461 deesse
447 1423 551 1471 duo,
588 1423 761 1474 denique
789 1424 838 1463 ad
870 1424 1014 1464 cubum
1036 1425 1274 1464 ascensione
1293 1424 1399 1463 facta
1424 1425 1657 1475 quadratum

267 1513 447 1552 diametri
470 1515 560 1553 cubi
582 1515 693 1554 effici
708 1528 777 1556 Ξ
795 1516 852 1554 98
873 1519 920 1566 -Ι-
941 1516 997 1554 49
1015 1515 1192 1564 :142
1230 1517 1293 1555 cui
1310 1528 1475 1555 numero
1497 1516 1544 1555 ad
1566 1516 1654 1568 ple-

265 1618 360 1645 num
383 1607 468 1645 eius
493 1606 673 1645 diametri
697 1606 928 1656 quadratum
956 1603 1077 1661 (150)
1103 1608 1177 1646 tria
1199 1607 1343 1647 desint.
1411 1607 1470 1647 Ac
1488 1608 1658 1647 totidem

267 1699 450 1750 proximo
484 1712 506 1737 a
534 1697 618 1736 147
653 1698 801 1737 effabili
837 1699 1054 1750 quadrato,
1091 1698 1346 1746 duodenarii,
1382 1699 1432 1738 ad
1460 1700 1549 1751 ipsa
1574 1699 1658 1738 147

268 1789 427 1830 deesse.
499 1788 566 1827 Sic
598 1791 867 1841 posteriorem
897 1790 1143 1829 harmoniam
1170 1790 1304 1829 lateris
1328 1803 1421 1829 esse
1444 1794 1484 1830 et
1507 1790 1657 1829 diame-
1678 1819 1680 1821 .

265 1885 420 1920 trorum
441 1881 482 1918 in
502 1880 628 1919 cubo:
664 1882 705 1919 in
721 1882 911 1932 quadrato
936 1882 1040 1920 enim
1058 1882 1158 1920 latus
1179 1882 1227 1920 ad
1248 1882 1483 1920 diametrum
1503 1881 1592 1920 fere
1614 1884 1658 1919 ut

269 1972 489 2024 quinarium
508 1971 557 2010 ad
580 1974 872 2023 septenarium,
909 1973 949 2011 in
978 1973 1080 2012 cubo
1110 1973 1211 2012 latus
1235 1973 1285 2011 ad
1305 1973 1539 2012 diametrum
1567 1973 1657 2011 cubi

268 2064 359 2103 fere
389 2067 432 2102 ut
467 2064 736 2116 septenarium
768 2065 819 2103 ad
857 2064 1144 2103 duodenarium
1185 2077 1231 2103 se
1263 2064 1434 2112 habere,
1484 2063 1656 2115 denique

269 2156 491 2206 quinarium
521 2157 749 2207 septenario
781 2156 955 2207 indeque
974 2156 1214 2207 productum
1235 2156 1425 2207 quadrato
1451 2155 1658 2195 duodena-

266 2248 316 2286 rii
334 2246 635 2299 multiplicatum
655 2247 850 2300 praebere
876 2242 1101 2287 universum
1132 2261 1340 2311 numerum
1369 2248 1657 2299 geometricum

267 2337 392 2377 5040.
487 2339 603 2378 Hanc
635 2340 1003 2392 interpretationem
1040 2353 1158 2378 nemo
1185 2339 1248 2379 vel
1276 2340 1471 2379 mediocri
1497 2338 1657 2391 linguae

269 2430 449 2469 Graecae
482 2432 626 2483 peritia
665 2432 880 2471 instructus
913 2432 1018 2470 serio
1050 2432 1290 2483 probaverit.
1389 2431 1497 2470 Nihil
1528 2431 1657 2470 dicam

268 2523 321 2563 de
351 2522 462 2561 verbi
500 2514 886 2566 δυναστεύεσθαι
913 2523 1202 2572 declaratione,
1243 2523 1350 2574 quod
1381 2536 1501 2574 quum
1529 2515 1654 2561 inusi-

272 2618 396 2655 tatum
416 2614 480 2661 sit,
512 2614 638 2652 varias
664 2614 948 2666 explicationes
966 2616 1132 2667 recipit:
1174 2616 1291 2654 etiam
1313 2604 1654 2656 ἀποκαταστά-

271 2719 367 2754 σεις
392 2706 521 2745 invitis
540 2693 745 2745 codicibus
766 2706 968 2747 admittam
988 2710 1028 2746 et
1050 2720 1286 2758 quamquam
1308 2705 1360 2745 de
1383 2706 1543 2746 orbibus
1565 2708 1651 2744 tan-

269 2802 354 2838 tum
374 2798 617 2839 coelestibus
640 2800 737 2850 post
755 2811 941 2850 magnum
956 2800 1151 2851 temporis
1175 2798 1345 2851 spatium
1375 2797 1425 2838 ad
1443 2797 1654 2850 pristinum
