1764 3176
141 40 197 83 40
785 41 930 78 Volum.
963 40 1009 78 H.

422 156 476 195 36
505 159 593 205 post
623 149 833 204 ἀκρατείας
859 154 1020 191 inseras:
1051 152 1138 189 Par.
1170 152 1213 189 A.
1244 150 1317 191 Dii.

149 211 241 260 Pag.
273 212 338 258 55,
367 224 401 258 a,
427 212 479 252 25
510 215 596 260 post
618 211 770 247 relatum
795 211 955 247 inseras:
983 209 1062 258 (Cf.
1080 207 1234 247 Dorvill.
1264 208 1312 245 ad
1329 206 1469 247 charit.
1499 221 1536 257 p.
1554 207 1649 246 571.

424 268 490 303 inf.
521 268 580 304 ed.
608 268 726 307 Amst.
754 267 814 303 ubi
845 268 958 304 citata
978 264 1238 314 Xenophontis
1259 264 1373 301 verba
1401 277 1473 300 non
1503 265 1539 300 in
1571 266 1649 303 eius

422 323 748 371 Memmabffibus,
778 324 845 360 sed
876 323 913 359 in
930 322 1180 359 Oeconomico
1207 333 1237 357 c.
1255 322 1279 359 7
1311 318 1344 371 §.
1368 322 1414 360 11
1445 320 1651 371 leguntur).

368 378 406 425 b,
434 381 456 419 2
489 379 629 416 addas:
670 379 729 417 Cf.
762 379 842 417 Vol.
880 378 949 418 111.
990 392 1026 429 p.
1062 376 1164 423 224,
1213 378 1258 423 b,
1300 378 1322 417 2
1350 389 1433 426 sqq.
1468 377 1651 427 Stephani

424 435 541 472 Thes.
585 434 716 472 Didot.
757 436 792 471 in
834 434 1089 487 συγγίγιόμαι
1136 447 1172 484 p.
1209 433 1303 472 937.
1344 432 1385 470 Β.
1425 432 1485 469 ubi
1517 434 1651 471 citatus

420 490 588 529 Platonis
625 492 671 527 de
707 489 874 540 Legibus
909 493 1013 528 locus
1050 503 1123 527 non
1163 503 1199 539 p.
1238 489 1332 528 390.
1363 489 1441 526 sed.
1476 489 1569 529 930.
1600 490 1650 528 D.

425 551 565 585 exstat:
597 544 668 586 ἐοῖν
699 546 740 585 δέ
769 562 825 593 τις
854 546 1043 599 ἐλευθέρα
1075 543 1205 599 δούλῳ
1231 545 1494 598 συγγίγνηται.
1551 546 1651 584 Ρ3ιι-

422 617 504 644 san.
532 603 578 642 L.
608 604 652 641 ΙΙ.
684 617 716 642 c.
757 605 829 650 26,
863 605 905 643 6:
953 603 1163 655 Κορωνίδα
1200 598 1377 641 κύουσαν
1413 598 1652 652 Ἀσκληπιόν

410 657 538 711 Ἴσχυϊ
564 663 617 713 τῷ
638 656 800 699 Ἐλάτου
830 658 1101 711 συγγενέσθαι.
1152 659 1273 695 Etiam
1300 660 1508 698 συνελθεῖν
1536 660 1653 697 inter-

422 717 511 753 dum
537 717 698 753 feminae
727 717 924 763 dicuntur,
959 717 1005 752 de
1034 729 1108 765 quo
1137 729 1171 751 v.
1203 714 1372 764 Heynius
1401 716 1448 751 ad
1477 716 1656 766 Apollod.

451 805 459 812 .
490 772 585 812 314.
612 787 669 822 sq.

148 827 240 875 Pag.
269 829 333 871 56,
362 841 396 875 a,
422 786 492 867 Ιι)ιΙῐ.
521 834 611 879 post
637 830 683 868 ἓν
710 830 872 865 inseras:
901 827 986 865 Par.
1019 827 1062 865 A.
1095 826 1170 866 Dii.
1200 839 1280 864 cum
1309 836 1375 873 -ζ-
1401 832 1490 878 post
1516 827 1573 867 ἓν.

149 883 239 932 Pag.
271 885 337 931 57,
363 899 396 931 3,
427 885 452 924 3
484 890 571 935 post
600 883 660 934 δὲ)
690 886 851 921 inseras:
887 907 926 911 —
962 881 1004 923 δὲ
1033 883 1120 920 Par.
1139 883 1184 923 A.
1206 882 1280 919 Dii.

421 943 518 978 inter
549 955 579 980 v.
614 940 640 980 4
669 945 706 978 et
737 941 761 981 5
790 942 952 978 inseras:
986 939 1157 990 ἐκεῖνον)
1183 961 1228 967 -—
1256 954 1335 979 νων
1364 953 1385 977 3
1411 953 1458 979 m.
1483 952 1540 990 pr.
1570 939 1653 977 Par.

424 997 469 1033 A.
500 997 574 1038 Dii.

367 1053 454 1102 ¹297
483 1067 504 1090 a
532 1054 558 1091 f.
590 1059 675 1104 post
715 1047 790 1092 ὦδε
827 1054 988 1089 inseras:
1026 1053 1110 1091 Par.
1148 1053 1193 1090 A.
1233 1051 1308 1093 Dii.
1348 1067 1369 1090 a
1407 1066 1454 1092 m.
1494 1066 1551 1104 pr.
1586 1053 1654 1091 sed

424 1114 616 1147 correctus
646 1110 691 1147 ab
722 1110 852 1147 eadem
882 1121 929 1148 m.
967 1106 1019 1155 ὥς
1049 1106 1090 1148 δὲ

422 1168 520 1204 inter
545 1165 617 1206 v.4
647 1170 683 1203 et
711 1167 774 1206 33
798 1166 821 1204 f.
853 1166 1012 1202 inseras:
1045 1163 1236 1216 ἑπομένη)
1264 1187 1309 1192 -
1333 1180 1380 1220 νῃ
1410 1165 1495 1206 Par.
1512 1165 1557 1202 A.
1580 1165 1654 1205 Dii.

422 1223 447 1261 3
473 1235 494 1259 a
524 1222 548 1262 f.
582 1224 629 1259 ad
661 1223 839 1276 βελτίστῃ
866 1222 1004 1258 addas:
1036 1222 1120 1263 Par,
1151 1221 1194 1259 A.
1226 1221 1301 1259 Dii.
1332 1223 1418 1260 item
1448 1236 1484 1273 p·
1518 1221 1584 1271 58,
1617 1235 1654 1270 a,

471 1280 522 1318 13
553 1279 600 1314 ad
628 1277 803 1330 ἔρεσθαι.

147 1335 239 1383 Pag.
269 1336 334 1379 59,
360 1351 395 1383 a,
428 1335 481 1375 20
523 1335 659 1371 addas:
699 1332 742 1374 το“
783 1332 853 1385 μὲν
896 1331 970 1385 γὰρ
1016 1331 1153 1373 κοινόν
1191 1334 1348 1382 συνδεῖ,
1386 1332 1429 1374 τό
1473 1329 1515 1374 δ’
1550 1334 1655 1375 ἰ’διον

424 1393 576 1442 διασπᾷ
605 1387 675 1438 τὰς
705 1388 861 1438 πόλεις,
906 1388 960 1437 ὥς
996 1386 1167 1428 Πλάτων
1205 1389 1272 1429 καὶ
1308 1388 1360 1437 ὥς
1391 1391 1654 1443 Θουκυδίδης.

421 1448 525 1484 Alex.
557 1448 727 1497 Aphrod.
760 1448 808 1484 ad
838 1446 996 1487 Aristot.
1030 1446 1131 1497 Top.
1159 1461 1196 1497 p.
1232 1448 1328 1495 272,
1356 1447 1392 1494 b,
1420 1448 1485 1488 33.
1511 1448 1574 1488 ΒΓ,

146 1503 238 1552 Pag.
257 1505 323 1549 61,
348 1520 382 1552 a,
413 1504 438 1543 4
469 1505 517 1541 ad
547 1504 667 1540 locum
699 1504 902 1554 Sophistae
934 1504 1051 1541 addas
1101 1502 1248 1540 Timaei
1291 1504 1410 1541 locum
1437 1518 1474 1554 p.
1505 1505 1571 1543 37.
1604 1505 1653 1542 E:

422 1556 466 1599 τό
506 1560 542 1598 τ’
585 1554 638 1611 ἦν
678 1557 720 1600 τό
762 1556 800 1598 τ’
838 1559 942 1599 ἔσται
982 1557 1124 1611 χρόνου
1161 1555 1351 1612 γεγονότα
1390 1560 1497 1610 εἷ’δη,
1539 1558 1565 1599 δι’
1605 1558 1656 1612 δή

423 1614 613 1666 φέροντες
665 1613 927 1665 λανθάνομεν
978 1616 1039 1655 ἐπὶ
1089 1613 1160 1666 τήν
1210 1612 1342 1656 α’ΐδιον
1391 1613 1532 1656 ου’σίαν
1581 1612 1656 1656 οὔκ

426 1669 574 1724 ὀρθῶς.

423 1731 472 1770 12
504 1742 524 1766 3
556 1730 581 1769 f.
607 1730 812 1766 secundum
845 1728 1062 1766 Diibnerum
1093 1730 1291 1766 delendum
1325 1734 1382 1767 est
1409 1728 1501 1767 Par.
1534 1729 1579 1767 A.

203 1799 239 1834 g.
267 1787 335 1834 62,
355 1799 390 1833 a,
423 1785 476 1825 14
499 1791 588 1836 post
621 1798 706 1825 συν.
739 1787 875 1822 addas:
905 1785 990 1823 Par.
1026 1786 1069 1823 A.
1102 1785 1177 1822 Dii.

420 1843 472 1883 26
504 1842 640 1879 addas:
684 1842 805 1879 Erast.
840 1856 878 1892 p.
922 1841 1012 1881 135.
1052 1842 1101 1878 A:
1141 1845 1238 1881 ποῖα
1277 1839 1320 1880 δὲ
1357 1841 1525 1892 μάλιστα
1555 1839 1655 1883 αὐτοὶ

422 1895 644 1948 τοπάζομεν
674 1894 775 1937 εἶναι
805 1898 884 1937 τῶν
917 1895 1191 1948 μαθημάτων,
1230 1895 1256 1937 εἳ
1286 1899 1347 1937 δεῖ
1385 1896 1455 1938 τόν
1493 1902 1655 1948 φιλοσο-

423 1957 582 2004 φοῦντα
610 1952 855 2005 μανθάνεινς
893 1954 953 1990 ubi
984 1954 1095 2003 vulgo
1133 1952 1228 1993 ἅττα
1261 1954 1397 2004 legitur
1427 1960 1559 1994 contra
1589 1969 1657 1994 co-

423 2012 526 2048 dices
552 2012 741 2061 optimos,
773 2011 836 2060 qui
871 2010 1009 2047 habent
1048 2005 1169 2055 αὕτᾶ,
1201 2012 1302 2060 quod
1335 2011 1568 2049 referendum
1598 2018 1655 2051 est

420 2068 468 2104 ad
500 2064 526 2106 ἃ
554 2068 617 2107 δεῖ
642 2063 888 2118 μανθάνεινῑ
934 2069 1031 2116 ipsus
1062 2067 1172 2116 illas,
1211 2081 1299 2118 quas
1333 2067 1469 2105 discere
1496 2069 1653 2119 philoso—

416 2124 589 2174 phantem
619 2128 798 2174 oporteat,
829 2123 1054 2173 disciplinas.

421 2183 446 2221 8
474 2192 496 2216 3
526 2181 552 2219 f.
583 2181 811 2230 adscriptum
834 2192 1024 2216 numerum
1056 2178 1136 2220 463
1165 2181 1215 2217 ad
1243 2192 1276 2217 v,
1308 2182 1333 2219 7
1356 2185 1596 2231 transponas

146 2232 237 2283 pag,
265 2234 330 2281 63,
350 2234 387 2283 b,
421 2236 473 2276 14
502 2250 585 2286 sqq.
625 2237 887 2287 Suspicionem
922 2236 970 2272 de
1000 2235 1084 2276 Par,
1123 2236 1170 2273 A.
1209 2237 1380 2274 iniectam
1420 2238 1654 2275 confirmavit

420 2292 645 2342 Diibnerus,
687 2294 749 2343 qui
789 2306 858 2343 pro
889 2293 966 2330 τῶν
996 2293 1194 2342 quinquies
1228 2294 1406 2344 deinceps
1457 2307 1501 2344 -j-
1541 2295 1575 2331 in
1607 2307 1652 2332 eo

418 2350 582 2398 positum
611 2353 784 2387 testatur.

420 2407 445 2444 6
473 2418 494 2441 a
526 2405 552 2444 f.
581 2410 668 2456 post
695 2410 759 2446 etc,
792 2405 952 2441 inseras:
986 2403 1071 2440 Par.
1104 2405 1147 2441 A.
1175 2404 1250 2443 Dii.

146 2456 235 2507 Pag·
265 2456 333 2505 64,
361 2458 397 2505 b,
427 2462 479 2501 18
511 2475 531 2498 a
566 2461 591 2499 f.
627 2462 764 2500 addas:
805 2460 926 2499 Cicer.
961 2459 1109 2497 Cluent.
1137 2475 1166 2497 c.
1198 2461 1221 2500 5
1257 2460 1432 2513 (§.12):
1471 2476 1538 2512 quo
1565 2466 1653 2499 euim

419 2518 531 2566 ipsum
578 2531 698 2555 nomen
749 2518 933 2554 ‹cznantius
967 2517 1292 2567 indulgentiusque
1330 2522 1555 2565 maternum,
1587 2519 1653 2556 hoc

420 2573 515 2609 illius
547 2576 675 2610 nzatris
706 2575 820 2611 scelus
858 2573 991 2609 maiore
1021 2573 1102 2609 odio
1133 2574 1283 2623 (lignum
1316 2586 1387 2611 esse
1417 2575 1569 2614 (lucetis.

144 2627 235 2674 Pag.
266 2629 331 2672 66,
357 2641 392 2675 3,
421 2628 516 2665 inter
547 2642 578 2669 ν.
613 2631 634 2668 ‘2
670 2635 707 2667 et
737 2631 763 2670 3
796 2631 962 2666 inseras:
1003 2625 1156 2679 αὐτοῖς)
1199 2651 1244 2657 —
1292 2632 1328 2676 ῖς
1355 2631 1389 2666 ἰιι
1428 2629 1537 2668 iitura
1566 2632 1651 2672 Par.

421 2684 466 2721 A.
498 2685 571 2722 Dii.

146 2738 237 2787 Pag-
268 2741 335 2788 69,
356 2753 389 2787 a,
420 2741 444 2779 4
473 2746 560 2791 post
589 2740 678 2778 Par.
710 2742 755 2779 A.
787 2732 955 2779 inseras:
988 2740 1083 2787 (sec.
1108 2740 1230 2779 Diibn.
1261 2740 1301 2780 αὶ
1332 2741 1367 2778 iu
1398 2742 1527 2792 litura)

147 1786 197 1821 Pa
