<?xml version="1.0" encoding="UTF-8"?>
<!DOCTYPE html PUBLIC "-//W3C//DTD XHTML 1.0 Transitional//EN"
    "http://www.w3.org/TR/xhtml1/DTD/xhtml1-transitional.dtd">
<html xmlns="http://www.w3.org/1999/xhtml" xml:lang="en" lang="en">
 <head>
  <title>
</title>
<meta http-equiv="Content-Type" content="text/html;charset=utf-8" />
  <meta name='ocr-system' content='tesseract 3.04.00' />
  <meta name='ocr-capabilities' content='ocr_page ocr_carea ocr_par ocr_line ocrx_word'/>
</head>
<body>
  <div class='ocr_page' id='page_1' title='image "./operagraecerecen01platuoft_0295.png"; bbox 0 0 1764 3176; ppageno 0'>
   <div class='ocr_carea' id='block_1_1' title="bbox 472 194 1236 238">
    <p class='ocr_par' dir='ltr' id='par_1_1' title="bbox 472 194 1236 238">
     <span class='ocr_line' id='line_1_1' title="bbox 472 194 1236 238; baseline -0.005 0"><span class='ocrx_word' id='word_1_1' title='bbox 472 195 797 238; x_wconf 89' lang='lat' dir='ltr'><strong>CIVITAS</strong></span> <span class='ocrx_word' id='word_1_2' title='bbox 842 194 968 238; x_wconf 87' lang='lat' dir='ltr'><strong>LIB.</strong></span> <span class='ocrx_word' id='word_1_3' title='bbox 1003 194 1138 237; x_wconf 88' lang='lat' dir='ltr'><strong>VIIII.</strong></span> <span class='ocrx_word' id='word_1_4' title='bbox 1167 199 1236 235; x_wconf 83' lang='lat'>583</span> 
     </span>
    </p>
   </div>
   <div class='ocr_carea' id='block_1_2' title="bbox 159 305 418 364">
    <p class='ocr_par' dir='ltr' id='par_1_2' title="bbox 159 305 418 364">
     <span class='ocr_line' id='line_1_2' title="bbox 159 305 418 364; baseline -0.015 -10"><span class='ocrx_word' id='word_1_5' title='bbox 159 305 236 363; x_wconf 81' lang='grc' dir='ltr'>ἇρ’</span> <span class='ocrx_word' id='word_1_6' title='bbox 277 305 357 364; x_wconf 80' lang='grc' dir='ltr'>οὐχ</span> <span class='ocrx_word' id='word_1_7' title='bbox 389 305 418 350; x_wconf 74' lang='grc' dir='ltr'><em>ἃ</em></span> 
     </span>
    </p>
   </div>
   <div class='ocr_carea' id='block_1_3' title="bbox 1459 196 1543 236">
    <p class='ocr_par' dir='ltr' id='par_1_3' title="bbox 1459 196 1543 236">
     <span class='ocr_line' id='line_1_3' title="bbox 1459 196 1543 236; baseline -0.012 0"><span class='ocrx_word' id='word_1_8' title='bbox 1459 196 1543 236; x_wconf 81' lang='lat'>155</span> 
     </span>
    </p>
   </div>
   <div class='ocr_carea' id='block_1_4' title="bbox 459 304 1540 364">
    <p class='ocr_par' dir='ltr' id='par_1_4' title="bbox 459 304 1540 364">
     <span class='ocr_line' id='line_1_4' title="bbox 459 304 1540 364; baseline -0.005 -13"><span class='ocrx_word' id='word_1_9' title='bbox 459 305 482 351; x_wconf 83' lang='lat'>6</span> <span class='ocrx_word' id='word_1_10' title='bbox 521 306 754 364; x_wconf 75' lang='grc' dir='ltr'><em>φιλότιμός</em></span> <span class='ocrx_word' id='word_1_11' title='bbox 791 322 837 350; x_wconf 80' lang='grc' dir='ltr'>τε</span> <span class='ocrx_word' id='word_1_12' title='bbox 880 307 954 350; x_wconf 79' lang='grc' dir='ltr'>καὶ</span> <span class='ocrx_word' id='word_1_13' title='bbox 995 306 1018 350; x_wconf 87' lang='grc' dir='ltr'>ὁ</span> <span class='ocrx_word' id='word_1_14' title='bbox 1062 304 1334 362; x_wconf 80' lang='grc' dir='ltr'><em>φιλόνεικος;</em></span> <span class='ocrx_word' id='word_1_15' title='bbox 1373 306 1540 360; x_wconf 76' lang='grc' dir='ltr'><em>Δῆλον.</em></span> 
     </span>
    </p>
   </div>
   <div class='ocr_carea' id='block_1_5' title="bbox 155 371 1544 500">
    <p class='ocr_par' dir='ltr' id='par_1_5' title="bbox 155 371 1544 500">
     <span class='ocr_line' id='line_1_5' title="bbox 155 371 1542 433; baseline -0.004 -12"><span class='ocrx_word' id='word_1_16' title='bbox 155 376 324 430; x_wconf 82' lang='grc' dir='ltr'><strong><em>Ἐπειδὴ</em></strong></span> <span class='ocrx_word' id='word_1_17' title='bbox 357 373 408 419; x_wconf 85' lang='grc' dir='ltr'>δ’</span> <span class='ocrx_word' id='word_1_18' title='bbox 440 374 642 433; x_wconf 78' lang='grc' dir='ltr'><strong><em>ἐμπειρίᾳ</em></strong></span> <span class='ocrx_word' id='word_1_19' title='bbox 678 375 751 420; x_wconf 84' lang='grc' dir='ltr'>καὶ</span> <span class='ocrx_word' id='word_1_20' title='bbox 792 374 1005 431; x_wconf 81' lang='grc' dir='ltr'><em>φρονήσει</em></span> <span class='ocrx_word' id='word_1_21' title='bbox 1043 375 1117 417; x_wconf 83' lang='grc' dir='ltr'>καὶ</span> <span class='ocrx_word' id='word_1_22' title='bbox 1156 372 1295 430; x_wconf 68' lang='grc' dir='ltr'><em>λόγῳς</em></span> <span class='ocrx_word' id='word_1_23' title='bbox 1342 371 1542 428; x_wconf 72' lang='grc' dir='ltr'><em>Ἀνάγκη,</em></span> 
     </span>
     <span class='ocr_line' id='line_1_6' title="bbox 158 439 1544 500; baseline -0.004 -12"><span class='ocrx_word' id='word_1_24' title='bbox 158 444 269 499; x_wconf 73' lang='grc' dir='ltr'><strong><em>ἔφη,</em></strong></span> <span class='ocrx_word' id='word_1_25' title='bbox 302 442 332 487; x_wconf 75' lang='grc' dir='ltr'><em>ἃ</em></span> <span class='ocrx_word' id='word_1_26' title='bbox 361 442 385 488; x_wconf 88' lang='grc' dir='ltr'>ὁ</span> <span class='ocrx_word' id='word_1_27' title='bbox 417 442 666 500; x_wconf 81' lang='grc' dir='ltr'><em>φιλόσοφός</em></span> <span class='ocrx_word' id='word_1_28' title='bbox 700 459 745 487; x_wconf 87' lang='grc' dir='ltr'>τε</span> <span class='ocrx_word' id='word_1_29' title='bbox 786 444 859 486; x_wconf 83' lang='grc' dir='ltr'>καὶ</span> <span class='ocrx_word' id='word_1_30' title='bbox 899 440 923 486; x_wconf 85' lang='grc' dir='ltr'>ὁ</span> <span class='ocrx_word' id='word_1_31' title='bbox 956 441 1190 498; x_wconf 78' lang='grc' dir='ltr'><em>φιλόλογος</em></span> <span class='ocrx_word' id='word_1_32' title='bbox 1221 441 1408 492; x_wconf 76' lang='grc' dir='ltr'><em>ἐπαινεῖ,</em></span> <span class='ocrx_word' id='word_1_33' title='bbox 1441 439 1544 497; x_wconf 81' lang='grc' dir='ltr'><em>ἀλη-</em></span> 
     </span>
    </p>
   </div>
   <div class='ocr_carea' id='block_1_6' title="bbox 156 511 499 561">
    <p class='ocr_par' dir='ltr' id='par_1_6' title="bbox 156 511 499 561">
     <span class='ocr_line' id='line_1_7' title="bbox 156 511 499 561; baseline -0.003 -5"><span class='ocrx_word' id='word_1_34' title='bbox 156 511 346 561; x_wconf 80' lang='grc' dir='ltr'><em>θέστατα</em></span> <span class='ocrx_word' id='word_1_35' title='bbox 374 511 499 556; x_wconf 81' lang='grc' dir='ltr'><em>εἶναι.</em></span> 
     </span>
    </p>
   </div>
   <div class='ocr_carea' id='block_1_7' title="bbox 564 508 1638 567">
    <p class='ocr_par' dir='ltr' id='par_1_7' title="bbox 564 508 1638 567">
     <span class='ocr_line' id='line_1_8' title="bbox 564 508 1638 567; baseline -0.001 -12"><span class='ocrx_word' id='word_1_36' title='bbox 564 516 713 567; x_wconf 77' lang='grc' dir='ltr'><em>Τριῶν</em></span> <span class='ocrx_word' id='word_1_37' title='bbox 754 509 841 567; x_wconf 76' lang='grc' dir='ltr'>ἄρα</span> <span class='ocrx_word' id='word_1_38' title='bbox 880 509 1030 554; x_wconf 80' lang='grc' dir='ltr'><em>οὐσῶν</em></span> <span class='ocrx_word' id='word_1_39' title='bbox 1059 527 1149 552; x_wconf 86' lang='grc' dir='ltr'><em>των</em></span> <span class='ocrx_word' id='word_1_40' title='bbox 1180 509 1356 565; x_wconf 81' lang='grc' dir='ltr'><em>ἡδονῶν</em></span> <span class='ocrx_word' id='word_1_41' title='bbox 1385 508 1412 565; x_wconf 81' lang='grc' dir='ltr'><strong><em>ἡ</em></strong></span> <span class='ocrx_word' id='word_1_42' title='bbox 1442 508 1546 553; x_wconf 84' lang='grc' dir='ltr'><em>τού·</em></span> <span class='ocrx_word' id='word_1_43' title='bbox 1570 519 1638 554; x_wconf 84' lang='grc'>583</span> 
     </span>
    </p>
   </div>
   <div class='ocr_carea' id='block_1_8' title="bbox 156 576 1547 772">
    <p class='ocr_par' dir='ltr' id='par_1_8' title="bbox 156 576 1547 772">
     <span class='ocr_line' id='line_1_9' title="bbox 156 576 1547 636; baseline -0.003 -13"><span class='ocrx_word' id='word_1_44' title='bbox 156 596 236 623; x_wconf 86' lang='grc' dir='ltr'>του</span> <span class='ocrx_word' id='word_1_45' title='bbox 266 583 350 623; x_wconf 82' lang='grc' dir='ltr'>τοῦ</span> <span class='ocrx_word' id='word_1_46' title='bbox 388 581 549 636; x_wconf 82' lang='grc' dir='ltr'><em>μέρους</em></span> <span class='ocrx_word' id='word_1_47' title='bbox 588 584 665 635; x_wconf 86' lang='grc' dir='ltr'>τῆς</span> <span class='ocrx_word' id='word_1_48' title='bbox 703 583 868 636; x_wconf 83' lang='grc' dir='ltr'><em>ψυχῆς</em></span> <span class='ocrx_word' id='word_1_49' title='bbox 901 580 935 636; x_wconf 78' lang='grc' dir='ltr'><em>ᾧ</em></span> <span class='ocrx_word' id='word_1_50' title='bbox 967 576 1274 635; x_wconf 75' lang='grc' dir='ltr'><em>μανθάνομεν,</em></span> <span class='ocrx_word' id='word_1_51' title='bbox 1304 576 1458 633; x_wconf 81' lang='grc' dir='ltr'><em>ἡδίστη</em></span> <span class='ocrx_word' id='word_1_52' title='bbox 1490 576 1547 620; x_wconf 78' lang='grc' dir='ltr'><em>ἂν</em></span> 
     </span>
     <span class='ocr_line' id='line_1_10' title="bbox 157 642 1546 706; baseline -0.003 -15"><span class='ocrx_word' id='word_1_53' title='bbox 157 649 242 703; x_wconf 79' lang='grc' dir='ltr'><em>εἴη,</em></span> <span class='ocrx_word' id='word_1_54' title='bbox 271 647 346 691; x_wconf 81' lang='grc' dir='ltr'>καὶ</span> <span class='ocrx_word' id='word_1_55' title='bbox 388 648 436 691; x_wconf 79' lang='grc' dir='ltr'><em>ἐν</em></span> <span class='ocrx_word' id='word_1_56' title='bbox 476 649 510 706; x_wconf 74' lang='grc' dir='ltr'><em>ᾧ</em></span> <span class='ocrx_word' id='word_1_57' title='bbox 539 645 664 704; x_wconf 79' lang='grc' dir='ltr'><em>ἡμῶν</em></span> <span class='ocrx_word' id='word_1_58' title='bbox 698 652 830 692; x_wconf 83' lang='grc' dir='ltr'><em>τοῦτο</em></span> <span class='ocrx_word' id='word_1_59' title='bbox 874 646 1017 703; x_wconf 79' lang='grc' dir='ltr'><em>α’ρχει,</em></span> <span class='ocrx_word' id='word_1_60' title='bbox 1060 642 1082 688; x_wconf 90' lang='grc' dir='ltr'>ὁ</span> <span class='ocrx_word' id='word_1_61' title='bbox 1122 643 1284 687; x_wconf 83' lang='grc' dir='ltr'><em>τούτου</em></span> <span class='ocrx_word' id='word_1_62' title='bbox 1322 647 1419 699; x_wconf 85' lang='grc' dir='ltr'><em>βίος</em></span> <span class='ocrx_word' id='word_1_63' title='bbox 1448 644 1546 699; x_wconf 78' lang='grc' dir='ltr'><em>ἥδι-</em></span> 
     </span>
     <span class='ocr_line' id='line_1_11' title="bbox 159 711 1546 772; baseline -0.003 -14"><span class='ocrx_word' id='word_1_64' title='bbox 159 727 283 767; x_wconf 82' lang='grc' dir='ltr'><em>στος;</em></span> <span class='ocrx_word' id='word_1_65' title='bbox 325 719 431 767; x_wconf 75' lang='grc' dir='ltr'>Πῶς</span> <span class='ocrx_word' id='word_1_66' title='bbox 469 714 512 759; x_wconf 90' lang='grc' dir='ltr'>δ’</span> <span class='ocrx_word' id='word_1_67' title='bbox 547 715 602 760; x_wconf 88' lang='grc' dir='ltr'>ου’</span> <span class='ocrx_word' id='word_1_68' title='bbox 640 715 809 772; x_wconf 71' lang='grc' dir='ltr'><em>μέλλεις</em></span> <span class='ocrx_word' id='word_1_69' title='bbox 848 717 954 772; x_wconf 61' lang='grc' dir='ltr'><em>ξ’·φη</em></span> <span class='ocrx_word' id='word_1_70' title='bbox 987 713 1145 768; x_wconf 83' lang='grc' dir='ltr'><em>κύριος</em></span> <span class='ocrx_word' id='word_1_71' title='bbox 1173 716 1288 768; x_wconf 75' lang='grc' dir='ltr'><em>γοῦν</em></span> <span class='ocrx_word' id='word_1_72' title='bbox 1318 711 1546 769; x_wconf 80' lang='grc' dir='ltr'><em>ἐπαινέτης</em></span> 
     </span>
    </p>
   </div>
   <div class='ocr_carea' id='block_1_9' title="bbox 158 781 1167 841">
    <p class='ocr_par' dir='ltr' id='par_1_9' title="bbox 158 781 1167 841">
     <span class='ocr_line' id='line_1_12' title="bbox 158 781 1167 841; baseline -0.002 -15"><span class='ocrx_word' id='word_1_73' title='bbox 158 782 222 827; x_wconf 71' lang='grc' dir='ltr'><em>ὢν</em></span> <span class='ocrx_word' id='word_1_74' title='bbox 250 782 420 827; x_wconf 81' lang='grc' dir='ltr'><em>ἐπαινεῖ</em></span> <span class='ocrx_word' id='word_1_75' title='bbox 445 784 523 828; x_wconf 88' lang='grc' dir='ltr'><em>τὸν</em></span> <span class='ocrx_word' id='word_1_76' title='bbox 553 784 715 829; x_wconf 76' lang='grc' dir='ltr'><em>ἑαυτοῦ</em></span> <span class='ocrx_word' id='word_1_77' title='bbox 745 786 846 841; x_wconf 84' lang='grc' dir='ltr'><em>βίον</em></span> <span class='ocrx_word' id='word_1_78' title='bbox 878 783 900 828; x_wconf 89' lang='grc' dir='ltr'>ὁ</span> <span class='ocrx_word' id='word_1_79' title='bbox 933 781 1167 839; x_wconf 85' lang='grc' dir='ltr'><em>φρόνιμος.</em></span> 
     </span>
    </p>
   </div>
   <div class='ocr_carea' id='block_1_10' title="bbox 1235 781 1546 824">
    <p class='ocr_par' dir='ltr' id='par_1_10' title="bbox 1235 781 1546 824">
     <span class='ocr_line' id='line_1_13' title="bbox 1235 781 1546 824; baseline 0.003 -1"><span class='ocrx_word' id='word_1_80' title='bbox 1235 783 1345 823; x_wconf 83' lang='grc' dir='ltr'><em>Τίνα</em></span> <span class='ocrx_word' id='word_1_81' title='bbox 1376 781 1421 824; x_wconf 80' lang='grc' dir='ltr'>δὲ</span> <span class='ocrx_word' id='word_1_82' title='bbox 1451 781 1546 824; x_wconf 77' lang='grc' dir='ltr'><em>δεύ-</em></span> 
     </span>
    </p>
   </div>
   <div class='ocr_carea' id='block_1_11' title="bbox 91 847 1543 910">
    <p class='ocr_par' dir='ltr' id='par_1_11' title="bbox 91 847 1543 910">
     <span class='ocr_line' id='line_1_14' title="bbox 91 847 1543 910; baseline -0.001 -17"><span class='ocrx_word' id='word_1_83' title='bbox 91 858 316 908; x_wconf 82' lang='grc' dir='ltr'><em>507τερον,</em></span> <span class='ocrx_word' id='word_1_84' title='bbox 347 849 490 907; x_wconf 73' lang='grc' dir='ltr'><em>εἶπον,</em></span> <span class='ocrx_word' id='word_1_85' title='bbox 521 854 620 910; x_wconf 82' lang='grc' dir='ltr'><em>βίον</em></span> <span class='ocrx_word' id='word_1_86' title='bbox 665 854 739 898; x_wconf 82' lang='grc' dir='ltr'>καὶ</span> <span class='ocrx_word' id='word_1_87' title='bbox 779 855 877 897; x_wconf 84' lang='grc' dir='ltr'><em>τίνα</em></span> <span class='ocrx_word' id='word_1_88' title='bbox 910 850 1120 907; x_wconf 79' lang='grc' dir='ltr'><em>δευτέραν</em></span> <span class='ocrx_word' id='word_1_89' title='bbox 1151 848 1316 906; x_wconf 83' lang='grc' dir='ltr'><em>ἡδονήν</em></span> <span class='ocrx_word' id='word_1_90' title='bbox 1354 861 1490 905; x_wconf 84' lang='grc' dir='ltr'><em>φησιν</em></span> <span class='ocrx_word' id='word_1_91' title='bbox 1520 847 1543 892; x_wconf 92' lang='grc' dir='ltr'>ὁ</span> 
     </span>
    </p>
   </div>
   <div class='ocr_carea' id='block_1_12' title="bbox 155 1001 823 1691">
    <p class='ocr_par' dir='ltr' id='par_1_12' title="bbox 157 1001 819 1058">
     <span class='ocr_line' id='line_1_15' title="bbox 157 1001 819 1058; baseline 0.003 -23"><span class='ocrx_word' id='word_1_92' title='bbox 157 1001 255 1036; x_wconf 86' lang='lat' dir='ltr'>titum</span> <span class='ocrx_word' id='word_1_93' title='bbox 277 1002 313 1035; x_wconf 93' lang='lat' dir='ltr'>in</span> <span class='ocrx_word' id='word_1_94' title='bbox 336 1013 405 1036; x_wconf 88' lang='lat' dir='ltr'>sec.</span> <span class='ocrx_word' id='word_1_95' title='bbox 429 1014 561 1058; x_wconf 82' lang='lat' dir='ltr'>magno</span> <span class='ocrx_word' id='word_1_96' title='bbox 568 1003 736 1037; x_wconf 84' lang='lat' dir='ltr'>molimine</span> <span class='ocrx_word' id='word_1_97' title='bbox 756 1003 819 1037; x_wconf 82' lang='lat' dir='ltr'>tol-</span> 
     </span>
    </p>

    <p class='ocr_par' dir='ltr' id='par_1_13' title="bbox 157 1045 821 1139">
     <span class='ocr_line' id='line_1_16' title="bbox 157 1045 821 1105; baseline 0 -24"><span class='ocrx_word' id='word_1_98' title='bbox 157 1047 231 1082; x_wconf 84' lang='lat' dir='ltr'>lens</span> <span class='ocrx_word' id='word_1_99' title='bbox 267 1045 337 1092; x_wconf 73' lang='grc' dir='ltr'>ἔφη</span> <span class='ocrx_word' id='word_1_100' title='bbox 373 1054 453 1102; x_wconf 70' lang='lat' dir='ltr'>post</span> <span class='ocrx_word' id='word_1_101' title='bbox 488 1046 628 1105; x_wconf 77' lang='grc' dir='ltr'><em>ανάγκη</em></span> <span class='ocrx_word' id='word_1_102' title='bbox 653 1062 721 1083; x_wconf 89' lang='lat' dir='ltr'>una</span> <span class='ocrx_word' id='word_1_103' title='bbox 746 1061 821 1082; x_wconf 87' lang='lat' dir='ltr'>cum</span> 
     </span>
     <span class='ocr_line' id='line_1_17' title="bbox 157 1092 819 1139; baseline 0.003 -12"><span class='ocrx_word' id='word_1_104' title='bbox 157 1094 223 1127; x_wconf 85' lang='lat' dir='ltr'>hoc</span> <span class='ocrx_word' id='word_1_105' title='bbox 245 1094 370 1128; x_wconf 84' lang='lat' dir='ltr'>iterato</span> <span class='ocrx_word' id='word_1_106' title='bbox 393 1095 484 1128; x_wconf 85' lang='lat' dir='ltr'>inter</span> <span class='ocrx_word' id='word_1_107' title='bbox 509 1092 749 1139; x_wconf 68' lang='grc' dir='ltr'><em>ἀληθέστατα</em></span> <span class='ocrx_word' id='word_1_108' title='bbox 772 1093 819 1129; x_wconf 76' lang='grc' dir='ltr'>εἶ-</span> 
     </span>
    </p>

    <p class='ocr_par' dir='ltr' id='par_1_14' title="bbox 157 1141 821 1278">
     <span class='ocr_line' id='line_1_18' title="bbox 157 1141 820 1185; baseline 0.002 -12"><span class='ocrx_word' id='word_1_109' title='bbox 157 1151 223 1173; x_wconf 86' lang='grc' dir='ltr'><em>ναι</em></span> <span class='ocrx_word' id='word_1_110' title='bbox 257 1145 292 1174; x_wconf 87' lang='lat' dir='ltr'>et</span> <span class='ocrx_word' id='word_1_111' title='bbox 329 1141 451 1184; x_wconf 82' lang='grc' dir='ltr'><em>Τριῶν</em></span> <span class='ocrx_word' id='word_1_112' title='bbox 483 1143 606 1185; x_wconf 84' lang='lat' dir='ltr'><strong>posuit.</strong></span> <span class='ocrx_word' id='word_1_113' title='bbox 668 1143 708 1175; x_wconf 92' lang='lat' dir='ltr'>In</span> <span class='ocrx_word' id='word_1_114' title='bbox 739 1145 820 1175; x_wconf 74' lang='lat' dir='ltr'>teit.</span> 
     </span>
     <span class='ocr_line' id='line_1_19' title="bbox 157 1186 821 1229; baseline 0 -10"><span class='ocrx_word' id='word_1_115' title='bbox 157 1186 352 1220; x_wconf 86' lang='lat' dir='ltr'>Bekkerum</span> <span class='ocrx_word' id='word_1_116' title='bbox 384 1191 521 1220; x_wconf 88' lang='lat' dir='ltr'>secutus</span> <span class='ocrx_word' id='word_1_117' title='bbox 548 1192 621 1229; x_wconf 88' lang='lat' dir='ltr'>est,</span> <span class='ocrx_word' id='word_1_118' title='bbox 652 1191 690 1220; x_wconf 85' lang='lat' dir='ltr'>ut</span> <span class='ocrx_word' id='word_1_119' title='bbox 714 1188 821 1221; x_wconf 84' lang='lat' dir='ltr'>Stall-</span> 
     </span>
     <span class='ocr_line' id='line_1_20' title="bbox 157 1232 822 1288; baseline 0 -22"><span class='ocrx_word' id='word_1_120' title='bbox 157 1232 324 1288; x_wconf 74' lang='lat' dir='ltr'>baumius,</span> <span class='ocrx_word' id='word_1_121' title='bbox 344 1233 401 1278; x_wconf 87' lang='lat' dir='ltr'>qui</span> <span class='ocrx_word' id='word_1_122' title='bbox 425 1238 538 1267; x_wconf 82' lang='lat' dir='ltr'>tamen</span> <span class='ocrx_word' id='word_1_123' title='bbox 562 1233 595 1266; x_wconf 89' lang='lat' dir='ltr'>in</span> <span class='ocrx_word' id='word_1_124' title='bbox 615 1245 682 1267; x_wconf 87' lang='lat' dir='ltr'>sec.</span> <span class='ocrx_word' id='word_1_125' title='bbox 702 1232 822 1279; x_wconf 54' lang='lat' dir='ltr'>Nym,-</span> 
     </span>
    </p>

    <p class='ocr_par' dir='ltr' id='par_1_15' title="bbox 155 1275 823 1691">
     <span class='ocr_line' id='line_1_21' title="bbox 158 1275 823 1324; baseline 0.005 -14"><span class='ocrx_word' id='word_1_126' title='bbox 158 1297 206 1303; x_wconf 91' lang='lat'>—</span> <span class='ocrx_word' id='word_1_127' title='bbox 223 1275 370 1322; x_wconf 77' lang='grc' dir='ltr'><em>Ἀνάγκη</em></span> <span class='ocrx_word' id='word_1_128' title='bbox 395 1279 611 1313; x_wconf 86' lang='lat' dir='ltr'>scribendum</span> <span class='ocrx_word' id='word_1_129' title='bbox 625 1280 696 1313; x_wconf 85' lang='lat' dir='ltr'>sibi</span> <span class='ocrx_word' id='word_1_130' title='bbox 722 1285 823 1324; x_wconf 86' lang='lat' dir='ltr'>puta-</span> 
     </span>
     <span class='ocr_line' id='line_1_22' title="bbox 159 1323 822 1371; baseline 0 -13"><span class='ocrx_word' id='word_1_131' title='bbox 159 1323 221 1367; x_wconf 83' lang='lat' dir='ltr'>vit,</span> <span class='ocrx_word' id='word_1_132' title='bbox 247 1325 336 1368; x_wconf 93' lang='lat' dir='ltr'>quod</span> <span class='ocrx_word' id='word_1_133' title='bbox 361 1325 515 1358; x_wconf 82' lang='lat' dir='ltr'>Socratis</span> <span class='ocrx_word' id='word_1_134' title='bbox 539 1325 649 1359; x_wconf 85' lang='lat' dir='ltr'>oratio</span> <span class='ocrx_word' id='word_1_135' title='bbox 675 1327 822 1371; x_wconf 86' lang='lat' dir='ltr'>abrupta</span> 
     </span>
     <span class='ocr_line' id='line_1_23' title="bbox 158 1369 822 1415; baseline 0.002 -13"><span class='ocrx_word' id='word_1_136' title='bbox 158 1369 204 1403; x_wconf 89' lang='lat' dir='ltr'>sit</span> <span class='ocrx_word' id='word_1_137' title='bbox 227 1370 365 1413; x_wconf 85' lang='lat' dir='ltr'>eiusque</span> <span class='ocrx_word' id='word_1_138' title='bbox 389 1371 547 1415; x_wconf 85' lang='lat' dir='ltr'>apodosis</span> <span class='ocrx_word' id='word_1_139' title='bbox 569 1371 822 1405; x_wconf 77' lang='lat' dir='ltr'>interlocutoiis</span> 
     </span>
     <span class='ocr_line' id='line_1_24' title="bbox 155 1415 821 1469; baseline 0 -19"><span class='ocrx_word' id='word_1_140' title='bbox 155 1415 375 1469; x_wconf 79' lang='lat' dir='ltr'><strong>responsione</strong></span> <span class='ocrx_word' id='word_1_141' title='bbox 398 1417 624 1451; x_wconf 84' lang='lat' dir='ltr'>contineatur.</span> <span class='ocrx_word' id='word_1_142' title='bbox 673 1418 774 1458; x_wconf 84' lang='lat' dir='ltr'>Quod</span> <span class='ocrx_word' id='word_1_143' title='bbox 793 1418 821 1450; x_wconf 89' lang='lat' dir='ltr'>si</span> 
     </span>
     <span class='ocr_line' id='line_1_25' title="bbox 155 1452 822 1505; baseline 0.004 -11"><span class='ocrx_word' id='word_1_144' title='bbox 155 1452 207 1496; x_wconf 73' lang='lat' dir='ltr'>lta</span> <span class='ocrx_word' id='word_1_145' title='bbox 230 1473 305 1495; x_wconf 87' lang='lat' dir='ltr'>esse</span> <span class='ocrx_word' id='word_1_146' title='bbox 329 1463 516 1505; x_wconf 79' lang='lat' dir='ltr'><strong>statuebat,</strong></span> <span class='ocrx_word' id='word_1_147' title='bbox 542 1470 635 1497; x_wconf 88' lang='lat' dir='ltr'>certe</span> <span class='ocrx_word' id='word_1_148' title='bbox 659 1476 725 1497; x_wconf 93' lang='lat' dir='ltr'>non</span> <span class='ocrx_word' id='word_1_149' title='bbox 748 1475 822 1497; x_wconf 89' lang='lat' dir='ltr'>cum</span> 
     </span>
     <span class='ocr_line' id='line_1_26' title="bbox 155 1507 822 1555; baseline 0.003 -14"><span class='ocrx_word' id='word_1_150' title='bbox 155 1507 427 1552; x_wconf 81' lang='lat' dir='ltr'>interrogatione</span> <span class='ocrx_word' id='word_1_151' title='bbox 439 1509 622 1554; x_wconf 89' lang='lat' dir='ltr'>abruptum</span> <span class='ocrx_word' id='word_1_152' title='bbox 641 1510 721 1543; x_wconf 89' lang='lat' dir='ltr'>illud</span> <span class='ocrx_word' id='word_1_153' title='bbox 742 1522 822 1555; x_wconf 87' lang='lat' dir='ltr'>pro-</span> 
     </span>
     <span class='ocr_line' id='line_1_27' title="bbox 156 1554 821 1590; baseline 0.005 -4"><span class='ocrx_word' id='word_1_154' title='bbox 156 1554 367 1587; x_wconf 77' lang='lat' dir='ltr'>nuntiantem</span> <span class='ocrx_word' id='word_1_155' title='bbox 399 1556 577 1589; x_wconf 86' lang='lat' dir='ltr'>Socratem</span> <span class='ocrx_word' id='word_1_156' title='bbox 609 1558 726 1590; x_wconf 87' lang='lat' dir='ltr'>facere</span> <span class='ocrx_word' id='word_1_157' title='bbox 761 1556 821 1589; x_wconf 89' lang='lat' dir='ltr'>de-</span> 
     </span>
     <span class='ocr_line' id='line_1_28' title="bbox 156 1599 821 1657; baseline 0.003 -25"><span class='ocrx_word' id='word_1_158' title='bbox 156 1599 274 1633; x_wconf 85' lang='lat' dir='ltr'>bebat.</span> <span class='ocrx_word' id='word_1_159' title='bbox 330 1600 492 1634; x_wconf 83' lang='lat' dir='ltr'>Ceterum</span> <span class='ocrx_word' id='word_1_160' title='bbox 524 1599 644 1645; x_wconf 70' lang='grc' dir='ltr'><em>λόγωτ</em></span> <span class='ocrx_word' id='word_1_161' title='bbox 678 1599 821 1657; x_wconf 75' lang='grc' dir='ltr'><em>α’νάγκη</em></span> 
     </span>
     <span class='ocr_line' id='line_1_29' title="bbox 158 1645 821 1691; baseline 0.005 -13"><span class='ocrx_word' id='word_1_162' title='bbox 158 1645 260 1678; x_wconf 85' lang='lat' dir='ltr'>etiam</span> <span class='ocrx_word' id='word_1_163' title='bbox 283 1645 318 1679; x_wconf 88' lang='lat' dir='ltr'>in</span> <span class='ocrx_word' id='word_1_164' title='bbox 345 1646 443 1680; x_wconf 88' lang='lat' dir='ltr'>Vind.</span> <span class='ocrx_word' id='word_1_165' title='bbox 468 1647 512 1680; x_wconf 89' lang='lat' dir='ltr'>F.</span> <span class='ocrx_word' id='word_1_166' title='bbox 528 1646 680 1691; x_wconf 72' lang='grc' dir='ltr'><em>,λόγως</em></span> <span class='ocrx_word' id='word_1_167' title='bbox 708 1645 821 1691; x_wconf 73' lang='grc' dir='ltr'><em>ἀνάγ-</em></span> 
     </span>
    </p>
   </div>
   <div class='ocr_carea' id='block_1_13' title="bbox 156 1691 822 1771">
    <p class='ocr_par' dir='ltr' id='par_1_16' title="bbox 156 1691 822 1771">
     <span class='ocr_line' id='line_1_30' title="bbox 157 1691 822 1770; baseline 0.003 -45"><span class='ocrx_word' id='word_1_168' title='bbox 157 1691 258 1770; x_wconf 65' lang='lat' dir='ltr'>untin</span> <span class='ocrx_word' id='word_1_169' title='bbox 285 1692 388 1727; x_wconf 88' lang='lat' dir='ltr'>Vind.</span> <span class='ocrx_word' id='word_1_170' title='bbox 408 1694 450 1728; x_wconf 92' lang='lat' dir='ltr'>B.</span> <span class='ocrx_word' id='word_1_171' title='bbox 476 1693 570 1729; x_wconf 88' lang='lat' dir='ltr'>Mon.</span> <span class='ocrx_word' id='word_1_172' title='bbox 590 1695 632 1728; x_wconf 89' lang='grc' dir='ltr'>Β.</span> <span class='ocrx_word' id='word_1_173' title='bbox 656 1695 822 1739; x_wconf 84' lang='lat' dir='ltr'>scriptum</span> 
     </span>
     <span class='ocr_line' id='line_1_31' title="bbox 156 1748 222 1771; baseline -0.015 0"><span class='ocrx_word' id='word_1_174' title='bbox 156 1748 194 1771; x_wconf 75' lang='lat' dir='ltr'>es</span> <span class='ocrx_word' id='word_1_175' title='bbox 212 1761 222 1770; x_wconf 90' lang='lat'><strong>.</strong></span> 
     </span>
    </p>
   </div>
   <div class='ocr_carea' id='block_1_14' title="bbox 158 1813 822 1897">
    <p class='ocr_par' dir='ltr' id='par_1_17' title="bbox 158 1813 822 1897">
     <span class='ocr_line' id='line_1_32' title="bbox 158 1813 822 1897; baseline 0.002 -45"><span class='ocrx_word' id='word_1_176' title='bbox 158 1863 188 1897; x_wconf 76' lang='lat' dir='ltr'><strong>B</strong></span> <span class='ocrx_word' id='word_1_177' title='bbox 205 1813 226 1852; x_wconf 84' lang='grc' dir='ltr'>ὁ</span> <span class='ocrx_word' id='word_1_178' title='bbox 251 1815 463 1862; x_wconf 81' lang='grc' dir='ltr'><em>φιλόσοφός</em></span> <span class='ocrx_word' id='word_1_179' title='bbox 483 1830 522 1854; x_wconf 83' lang='grc' dir='ltr'>τε</span> <span class='ocrx_word' id='word_1_180' title='bbox 545 1818 622 1865; x_wconf 82' lang='grc' dir='ltr'>καὶ]</span> <span class='ocrx_word' id='word_1_181' title='bbox 646 1831 713 1854; x_wconf 87' lang='lat' dir='ltr'>om.</span> <span class='ocrx_word' id='word_1_182' title='bbox 734 1820 822 1864; x_wconf 82' lang='lat' dir='ltr'>Ang.</span> 
     </span>
    </p>
   </div>
   <div class='ocr_carea' id='block_1_15' title="bbox 155 1942 826 2911">
    <p class='ocr_par' dir='ltr' id='par_1_18' title="bbox 155 1942 826 2911">
     <span class='ocr_line' id='line_1_33' title="bbox 204 1942 820 1989; baseline 0.003 -11"><span class='ocrx_word' id='word_1_183' title='bbox 204 1942 418 1989; x_wconf 75' lang='grc' dir='ltr'><em>φιλόλογος]</em></span> <span class='ocrx_word' id='word_1_184' title='bbox 437 1944 490 1978; x_wconf 88' lang='lat' dir='ltr'>Ita</span> <span class='ocrx_word' id='word_1_185' title='bbox 506 1945 644 1980; x_wconf 89' lang='lat' dir='ltr'>Ven.C.</span> <span class='ocrx_word' id='word_1_186' title='bbox 667 1946 820 1981; x_wconf 85' lang='lat' dir='ltr'>Vind.B.</span> 
     </span>
     <span class='ocr_line' id='line_1_34' title="bbox 157 1991 822 2035; baseline 0.003 -10"><span class='ocrx_word' id='word_1_187' title='bbox 157 1994 194 2025; x_wconf 87' lang='lat' dir='ltr'>et</span> <span class='ocrx_word' id='word_1_188' title='bbox 214 1991 361 2024; x_wconf 85' lang='lat' dir='ltr'>correcti</span> <span class='ocrx_word' id='word_1_189' title='bbox 371 1991 450 2025; x_wconf 85' lang='lat' dir='ltr'>Par.</span> <span class='ocrx_word' id='word_1_190' title='bbox 461 1992 500 2025; x_wconf 91' lang='lat' dir='ltr'>A.</span> <span class='ocrx_word' id='word_1_191' title='bbox 514 1991 608 2026; x_wconf 85' lang='lat' dir='ltr'>Mon.</span> <span class='ocrx_word' id='word_1_192' title='bbox 619 1992 659 2024; x_wconf 89' lang='grc' dir='ltr'>Β.</span> <span class='ocrx_word' id='word_1_193' title='bbox 670 1994 774 2035; x_wconf 69' lang='grc' dir='ltr'><em>φιλο),</em></span> <span class='ocrx_word' id='word_1_194' title='bbox 783 1992 822 2027; x_wconf 90' lang='lat' dir='ltr'>o&#39;-</span> 
     </span>
     <span class='ocr_line' id='line_1_35' title="bbox 155 2037 820 2082; baseline 0.005 -13"><span class='ocrx_word' id='word_1_195' title='bbox 155 2048 221 2081; x_wconf 68' lang='lat'>7⁰9</span> <span class='ocrx_word' id='word_1_196' title='bbox 241 2037 342 2070; x_wconf 86' lang='lat' dir='ltr'>iidem</span> <span class='ocrx_word' id='word_1_197' title='bbox 365 2041 444 2071; x_wconf 87' lang='lat' dir='ltr'>ante</span> <span class='ocrx_word' id='word_1_198' title='bbox 471 2049 558 2071; x_wconf 85' lang='lat' dir='ltr'>corr.</span> <span class='ocrx_word' id='word_1_199' title='bbox 583 2050 657 2072; x_wconf 91' lang='lat' dir='ltr'>cum</span> <span class='ocrx_word' id='word_1_200' title='bbox 680 2038 820 2082; x_wconf 85' lang='lat' dir='ltr'>reliquis</span> 
     </span>
     <span class='ocr_line' id='line_1_36' title="bbox 157 2083 822 2118; baseline 0.002 -1"><span class='ocrx_word' id='word_1_201' title='bbox 157 2083 331 2117; x_wconf 89' lang='lat' dir='ltr'><strong>codicibus</strong></span> <span class='ocrx_word' id='word_1_202' title='bbox 363 2087 398 2117; x_wconf 86' lang='lat' dir='ltr'>et</span> <span class='ocrx_word' id='word_1_203' title='bbox 439 2084 641 2118; x_wconf 77' lang='lat' dir='ltr'>editionibus</span> <span class='ocrx_word' id='word_1_204' title='bbox 670 2085 822 2118; x_wconf 85' lang='lat' dir='ltr'>omnibus</span> 
     </span>
     <span class='ocr_line' id='line_1_37' title="bbox 157 2130 820 2174; baseline 0.003 -12"><span class='ocrx_word' id='word_1_205' title='bbox 157 2134 304 2174; x_wconf 86' lang='lat' dir='ltr'>excepta</span> <span class='ocrx_word' id='word_1_206' title='bbox 322 2130 539 2164; x_wconf 85' lang='lat' dir='ltr'>Stallbaumii</span> <span class='ocrx_word' id='word_1_207' title='bbox 555 2131 714 2164; x_wconf 81' lang='lat' dir='ltr'>secunda.</span> <span class='ocrx_word' id='word_1_208' title='bbox 749 2130 820 2164; x_wconf 89' lang='lat' dir='ltr'>Ea-</span> 
     </span>
     <span class='ocr_line' id='line_1_38' title="bbox 159 2175 820 2222; baseline 0.006 -14"><span class='ocrx_word' id='word_1_209' title='bbox 159 2175 235 2208; x_wconf 90' lang='lat' dir='ltr'>dem</span> <span class='ocrx_word' id='word_1_210' title='bbox 266 2175 416 2209; x_wconf 81' lang='lat' dir='ltr'>varietas</span> <span class='ocrx_word' id='word_1_211' title='bbox 439 2177 587 2210; x_wconf 86' lang='lat' dir='ltr'>Theaet.</span> <span class='ocrx_word' id='word_1_212' title='bbox 622 2189 656 2222; x_wconf 88' lang='lat' dir='ltr'>p.</span> <span class='ocrx_word' id='word_1_213' title='bbox 680 2179 755 2211; x_wconf 85' lang='lat'>161.</span> <span class='ocrx_word' id='word_1_214' title='bbox 777 2179 820 2212; x_wconf 91' lang='lat' dir='ltr'>A.</span> 
     </span>
     <span class='ocr_line' id='line_1_39' title="bbox 159 2221 820 2268; baseline 0.003 -14"><span class='ocrx_word' id='word_1_215' title='bbox 159 2221 268 2255; x_wconf 87' lang='lat' dir='ltr'>Lach.</span> <span class='ocrx_word' id='word_1_216' title='bbox 295 2223 370 2256; x_wconf 85' lang='lat'><strong>188.</strong></span> <span class='ocrx_word' id='word_1_217' title='bbox 396 2222 437 2255; x_wconf 91' lang='lat' dir='ltr'>C.</span> <span class='ocrx_word' id='word_1_218' title='bbox 470 2227 507 2256; x_wconf 90' lang='lat' dir='ltr'>et</span> <span class='ocrx_word' id='word_1_219' title='bbox 536 2222 622 2267; x_wconf 87' lang='lat' dir='ltr'>Leg.</span> <span class='ocrx_word' id='word_1_220' title='bbox 659 2222 701 2256; x_wconf 91' lang='lat' dir='ltr'>L.</span> <span class='ocrx_word' id='word_1_221' title='bbox 731 2223 759 2255; x_wconf 94' lang='lat' dir='ltr'>I.</span> <span class='ocrx_word' id='word_1_222' title='bbox 785 2235 820 2268; x_wconf 91' lang='lat' dir='ltr'>p.</span> 
     </span>
     <span class='ocr_line' id='line_1_40' title="bbox 159 2266 822 2313; baseline 0.002 -12"><span class='ocrx_word' id='word_1_223' title='bbox 159 2266 238 2301; x_wconf 82' lang='lat'>641.</span> <span class='ocrx_word' id='word_1_224' title='bbox 259 2267 303 2301; x_wconf 89' lang='grc' dir='ltr'>Ε.</span> <span class='ocrx_word' id='word_1_225' title='bbox 340 2268 492 2301; x_wconf 81' lang='lat' dir='ltr'>obtinet:</span> <span class='ocrx_word' id='word_1_226' title='bbox 524 2268 688 2302; x_wconf 80' lang='lat' dir='ltr'>editiones</span> <span class='ocrx_word' id='word_1_227' title='bbox 717 2280 822 2313; x_wconf 83' lang='lat' dir='ltr'>paro-</span> 
     </span>
     <span class='ocr_line' id='line_1_41' title="bbox 159 2313 821 2356; baseline 0.003 -10"><span class='ocrx_word' id='word_1_228' title='bbox 159 2316 322 2356; x_wconf 83' lang='lat' dir='ltr'>xytonon‚</span> <span class='ocrx_word' id='word_1_229' title='bbox 352 2314 487 2347; x_wconf 86' lang='lat' dir='ltr'>codices</span> <span class='ocrx_word' id='word_1_230' title='bbox 510 2313 547 2347; x_wconf 91' lang='lat' dir='ltr'>in</span> <span class='ocrx_word' id='word_1_231' title='bbox 570 2315 762 2348; x_wconf 80' lang='lat' dir='ltr'>Theaeteto</span> <span class='ocrx_word' id='word_1_232' title='bbox 786 2319 821 2348; x_wconf 92' lang='lat' dir='ltr'>et</span> 
     </span>
     <span class='ocr_line' id='line_1_42' title="bbox 160 2358 821 2413; baseline 0.005 -22"><span class='ocrx_word' id='word_1_233' title='bbox 160 2358 314 2392; x_wconf 86' lang='lat' dir='ltr'>Lachete</span> <span class='ocrx_word' id='word_1_234' title='bbox 353 2359 556 2413; x_wconf 84' lang='lat' dir='ltr'>pauciores,</span> <span class='ocrx_word' id='word_1_235' title='bbox 594 2361 630 2394; x_wconf 86' lang='lat' dir='ltr'>in</span> <span class='ocrx_word' id='word_1_236' title='bbox 672 2361 741 2393; x_wconf 84' lang='lat' dir='ltr'>Leo</span> <span class='ocrx_word' id='word_1_237' title='bbox 724 2361 821 2405; x_wconf 79' lang='lat' dir='ltr'>ibus</span> 
     </span>
     <span class='ocr_line' id='line_1_43' title="bbox 161 2405 822 2452; baseline 0.006 -15"><span class='ocrx_word' id='word_1_238' title='bbox 161 2405 297 2450; x_wconf 87' lang='lat' dir='ltr'>plurimi</span> <span class='ocrx_word' id='word_1_239' title='bbox 321 2409 357 2439; x_wconf 89' lang='lat' dir='ltr'>et</span> <span class='ocrx_word' id='word_1_240' title='bbox 380 2405 496 2449; x_wconf 86' lang='lat' dir='ltr'>optimi</span> <span class='ocrx_word' id='word_1_241' title='bbox 521 2411 822 2452; x_wconf 63' lang='lat' dir='ltr'>propa10x3tonon</span> 
     </span>
     <span class='ocr_line' id='line_1_44' title="bbox 161 2451 824 2497; baseline 0.005 -13"><span class='ocrx_word' id='word_1_242' title='bbox 161 2451 334 2486; x_wconf 83' lang='lat' dir='ltr'>exhibent.</span> <span class='ocrx_word' id='word_1_243' title='bbox 390 2451 444 2485; x_wconf 88' lang='lat' dir='ltr'>De</span> <span class='ocrx_word' id='word_1_244' title='bbox 476 2458 689 2497; x_wconf 80' lang='lat' dir='ltr'>paroxytono</span> <span class='ocrx_word' id='word_1_245' title='bbox 722 2453 824 2487; x_wconf 82' lang='lat' dir='ltr'>Butt-</span> 
     </span>
     <span class='ocr_line' id='line_1_45' title="bbox 161 2498 823 2543; baseline 0.005 -14"><span class='ocrx_word' id='word_1_246' title='bbox 161 2508 302 2530; x_wconf 86' lang='lat' dir='ltr'>mannus</span> <span class='ocrx_word' id='word_1_247' title='bbox 333 2509 472 2541; x_wconf 84' lang='lat' dir='ltr'>gramm.</span> <span class='ocrx_word' id='word_1_248' title='bbox 497 2498 544 2532; x_wconf 92' lang='lat' dir='ltr'>II.</span> <span class='ocrx_word' id='word_1_249' title='bbox 569 2510 603 2543; x_wconf 91' lang='lat' dir='ltr'>p.</span> <span class='ocrx_word' id='word_1_250' title='bbox 629 2501 709 2535; x_wconf 86' lang='lat'><strong>370.</strong></span> <span class='ocrx_word' id='word_1_251' title='bbox 739 2500 823 2533; x_wconf 88' lang='lat' dir='ltr'>adeo</span> 
     </span>
     <span class='ocr_line' id='line_1_46' title="bbox 162 2543 824 2586; baseline 0.005 -10"><span class='ocrx_word' id='word_1_252' title='bbox 162 2553 228 2576; x_wconf 91' lang='lat' dir='ltr'>non</span> <span class='ocrx_word' id='word_1_253' title='bbox 253 2543 445 2586; x_wconf 82' lang='lat' dir='ltr'>dubitabat,</span> <span class='ocrx_word' id='word_1_254' title='bbox 468 2548 508 2578; x_wconf 84' lang='lat' dir='ltr'>ut</span> <span class='ocrx_word' id='word_1_255' title='bbox 531 2545 602 2578; x_wconf 83' lang='lat' dir='ltr'>eius</span> <span class='ocrx_word' id='word_1_256' title='bbox 621 2557 742 2579; x_wconf 83' lang='lat' dir='ltr'>caussa</span> <span class='ocrx_word' id='word_1_257' title='bbox 762 2546 824 2579; x_wconf 88' lang='lat' dir='ltr'>ad-</span> 
     </span>
     <span class='ocr_line' id='line_1_47' title="bbox 161 2588 823 2636; baseline 0.006 -14"><span class='ocrx_word' id='word_1_258' title='bbox 161 2588 323 2623; x_wconf 86' lang='lat' dir='ltr'>iectivum</span> <span class='ocrx_word' id='word_1_259' title='bbox 370 2601 435 2623; x_wconf 88' lang='lat' dir='ltr'>non</span> <span class='ocrx_word' id='word_1_260' title='bbox 477 2602 497 2624; x_wconf 88' lang='lat' dir='ltr'>a</span> <span class='ocrx_word' id='word_1_261' title='bbox 534 2591 667 2625; x_wconf 91' lang='lat' dir='ltr'>nomine</span> <span class='ocrx_word' id='word_1_262' title='bbox 703 2589 823 2636; x_wconf 78' lang='grc' dir='ltr'><em>λόγος,</em></span> 
     </span>
     <span class='ocr_line' id='line_1_48' title="bbox 161 2633 824 2681; baseline 0.003 -13"><span class='ocrx_word' id='word_1_263' title='bbox 161 2635 223 2668; x_wconf 81' lang='lat' dir='ltr'>sed</span> <span class='ocrx_word' id='word_1_264' title='bbox 248 2647 268 2669; x_wconf 94' lang='lat' dir='ltr'>a</span> <span class='ocrx_word' id='word_1_265' title='bbox 289 2635 395 2669; x_wconf 88' lang='lat' dir='ltr'>verbo</span> <span class='ocrx_word' id='word_1_266' title='bbox 427 2633 543 2680; x_wconf 78' lang='grc' dir='ltr'><em>λέγειν</em></span> <span class='ocrx_word' id='word_1_267' title='bbox 575 2637 737 2681; x_wconf 81' lang='lat' dir='ltr'>originem</span> <span class='ocrx_word' id='word_1_268' title='bbox 761 2638 824 2670; x_wconf 83' lang='lat' dir='ltr'>du-</span> 
     </span>
     <span class='ocr_line' id='line_1_49' title="bbox 165 2683 826 2728; baseline 0.005 -14"><span class='ocrx_word' id='word_1_269' title='bbox 165 2692 243 2714; x_wconf 83' lang='lat' dir='ltr'>cere</span> <span class='ocrx_word' id='word_1_270' title='bbox 266 2683 454 2723; x_wconf 80' lang='lat' dir='ltr'>statuelet,</span> <span class='ocrx_word' id='word_1_271' title='bbox 486 2683 576 2728; x_wconf 90' lang='lat' dir='ltr'>quod</span> <span class='ocrx_word' id='word_1_272' title='bbox 604 2684 726 2717; x_wconf 82' lang='lat' dir='ltr'>falsum</span> <span class='ocrx_word' id='word_1_273' title='bbox 750 2695 826 2717; x_wconf 85' lang='lat' dir='ltr'>esse</span> 
     </span>
     <span class='ocr_line' id='line_1_50' title="bbox 163 2726 826 2773; baseline 0.003 -12"><span class='ocrx_word' id='word_1_274' title='bbox 163 2727 218 2761; x_wconf 81' lang='lat' dir='ltr'>hic</span> <span class='ocrx_word' id='word_1_275' title='bbox 241 2726 334 2760; x_wconf 90' lang='lat' dir='ltr'>locus</span> <span class='ocrx_word' id='word_1_276' title='bbox 359 2728 483 2771; x_wconf 82' lang='lat' dir='ltr'>arguit.</span> <span class='ocrx_word' id='word_1_277' title='bbox 536 2729 613 2773; x_wconf 81' lang='lat' dir='ltr'>Ego</span> <span class='ocrx_word' id='word_1_278' title='bbox 641 2741 715 2763; x_wconf 87' lang='lat' dir='ltr'>cum</span> <span class='ocrx_word' id='word_1_279' title='bbox 739 2730 826 2762; x_wconf 82' lang='lat' dir='ltr'>Pas-</span> 
     </span>
     <span class='ocr_line' id='line_1_51' title="bbox 162 2772 825 2831; baseline 0.003 -24"><span class='ocrx_word' id='word_1_280' title='bbox 162 2772 256 2807; x_wconf 88' lang='lat' dir='ltr'>sovio</span> <span class='ocrx_word' id='word_1_281' title='bbox 287 2773 427 2807; x_wconf 84' lang='lat' dir='ltr'>Arcadii</span> <span class='ocrx_word' id='word_1_282' title='bbox 456 2780 678 2831; x_wconf 86' lang='lat' dir='ltr'>praeceptum</span> <span class='ocrx_word' id='word_1_283' title='bbox 706 2786 825 2809; x_wconf 84' lang='lat' dir='ltr'>verum</span> 
     </span>
     <span class='ocr_line' id='line_1_52' title="bbox 162 2814 824 2875; baseline 0.005 -23"><span class='ocrx_word' id='word_1_284' title='bbox 162 2822 265 2863; x_wconf 85' lang='lat' dir='ltr'>puto:</span> <span class='ocrx_word' id='word_1_285' title='bbox 300 2814 370 2854; x_wconf 86' lang='grc' dir='ltr'>όσα</span> <span class='ocrx_word' id='word_1_286' title='bbox 404 2816 444 2854; x_wconf 82' lang='grc' dir='ltr'><em>ἒν</em></span> <span class='ocrx_word' id='word_1_287' title='bbox 469 2816 562 2875; x_wconf 67' lang='grc' dir='ltr'>ἀρχῇ</span> <span class='ocrx_word' id='word_1_288' title='bbox 589 2818 661 2865; x_wconf 76' lang='grc' dir='ltr'><em>ἔχει</em></span> <span class='ocrx_word' id='word_1_289' title='bbox 692 2819 735 2855; x_wconf 87' lang='grc' dir='ltr'>τὸ</span> <span class='ocrx_word' id='word_1_290' title='bbox 763 2833 824 2865; x_wconf 79' lang='grc' dir='ltr'>φι-</span> 
     </span>
     <span class='ocr_line' id='line_1_53' title="bbox 157 2857 822 2911; baseline 0.005 -13.023"><span class='ocrx_word' id='word_1_291' title='bbox 157 2867 258 2907; x_wconf 80' lang='grc' dir='ltr'><em>λεῖν,</em></span> <span class='ocrx_word' id='word_1_292' title='bbox 293 2857 640 2911; x_wconf 79' lang='grc' dir='ltr'><em>προπαροξύνεται,</em></span> <span class='ocrx_word' id='word_1_293' title='bbox 664 2864 822 2910; x_wconf 82' lang='grc' dir='ltr'><em>φιλόπο-</em></span> 
     </span>
    </p>
   </div>
   <div class='ocr_carea' id='block_1_16' title="bbox 877 996 1545 1092">
    <p class='ocr_par' dir='ltr' id='par_1_19' title="bbox 877 996 1545 1092">
     <span class='ocr_line' id='line_1_54' title="bbox 877 996 1544 1052; baseline -0.009 -16"><span class='ocrx_word' id='word_1_294' title='bbox 877 1015 963 1045; x_wconf 89' lang='grc' dir='ltr'><em>νος,</em></span> <span class='ocrx_word' id='word_1_295' title='bbox 990 999 1219 1045; x_wconf 82' lang='grc' dir='ltr'><em>φιλόσοφος,</em></span> <span class='ocrx_word' id='word_1_296' title='bbox 1246 996 1453 1043; x_wconf 78' lang='grc' dir='ltr'><em>φιλόλογος.</em></span> <span class='ocrx_word' id='word_1_297' title='bbox 1490 998 1544 1052; x_wconf 81' lang='lat' dir='ltr'>(p.</span> 
     </span>
     <span class='ocr_line' id='line_1_55' title="bbox 879 1046 1545 1092; baseline -0.011 -8"><span class='ocrx_word' id='word_1_298' title='bbox 879 1051 936 1090; x_wconf 79' lang='lat'>89,</span> <span class='ocrx_word' id='word_1_299' title='bbox 957 1049 1028 1092; x_wconf 90' lang='grc'><strong>16.)</strong></span> <span class='ocrx_word' id='word_1_300' title='bbox 1053 1054 1088 1081; x_wconf 87' lang='lat' dir='ltr'>et</span> <span class='ocrx_word' id='word_1_301' title='bbox 1113 1058 1236 1091; x_wconf 64' lang='lat' dir='ltr'>parox)</span> <span class='ocrx_word' id='word_1_302' title='bbox 1247 1050 1349 1079; x_wconf 69' lang='lat' dir='ltr'>tunon</span> <span class='ocrx_word' id='word_1_303' title='bbox 1374 1046 1449 1078; x_wconf 89' lang='lat' dir='ltr'>ideo</span> <span class='ocrx_word' id='word_1_304' title='bbox 1469 1046 1545 1090; x_wconf 88' lang='lat' dir='ltr'>qui—</span> 
     </span>
    </p>
   </div>
   <div class='ocr_carea' id='block_1_17' title="bbox 877 1091 1548 1738">
    <p class='ocr_par' dir='ltr' id='par_1_20' title="bbox 877 1091 1548 1738">
     <span class='ocr_line' id='line_1_56' title="bbox 877 1091 1544 1138; baseline -0.007 -9"><span class='ocrx_word' id='word_1_305' title='bbox 877 1095 1017 1128; x_wconf 86' lang='lat' dir='ltr'>busdam</span> <span class='ocrx_word' id='word_1_306' title='bbox 1045 1093 1215 1138; x_wconf 78' lang='lat' dir='ltr'>placuisse</span> <span class='ocrx_word' id='word_1_307' title='bbox 1251 1092 1426 1136; x_wconf 89' lang='lat' dir='ltr'>suspicor,</span> <span class='ocrx_word' id='word_1_308' title='bbox 1453 1091 1544 1135; x_wconf 89' lang='lat' dir='ltr'>quod</span> 
     </span>
     <span class='ocr_line' id='line_1_57' title="bbox 878 1138 1546 1192; baseline -0.009 -17"><span class='ocrx_word' id='word_1_309' title='bbox 878 1142 1030 1174; x_wconf 87' lang='lat' dir='ltr'>eiusdem</span> <span class='ocrx_word' id='word_1_310' title='bbox 1063 1139 1197 1192; x_wconf 77' lang='lat' dir='ltr'>generis</span> <span class='ocrx_word' id='word_1_311' title='bbox 1231 1138 1294 1170; x_wconf 84' lang='lat' dir='ltr'>hoc</span> <span class='ocrx_word' id='word_1_312' title='bbox 1326 1149 1401 1170; x_wconf 80' lang='lat' dir='ltr'>esse</span> <span class='ocrx_word' id='word_1_313' title='bbox 1427 1138 1546 1181; x_wconf 86' lang='lat' dir='ltr'>opina—</span> 
     </span>
     <span class='ocr_line' id='line_1_58' title="bbox 878 1182 1544 1236; baseline -0.008 -16"><span class='ocrx_word' id='word_1_314' title='bbox 878 1192 1017 1227; x_wconf 87' lang='lat' dir='ltr'>rentur,</span> <span class='ocrx_word' id='word_1_315' title='bbox 1051 1186 1144 1218; x_wconf 89' lang='lat' dir='ltr'>cuius</span> <span class='ocrx_word' id='word_1_316' title='bbox 1187 1190 1264 1218; x_wconf 88' lang='lat' dir='ltr'>sunt</span> <span class='ocrx_word' id='word_1_317' title='bbox 1300 1182 1488 1236; x_wconf 74' lang='grc' dir='ltr'><em>δικαιολόγ</em></span> <span class='ocrx_word' id='word_1_318' title='bbox 1492 1195 1544 1226; x_wconf 86' lang='grc' dir='ltr'>ος,</span> 
     </span>
     <span class='ocr_line' id='line_1_59' title="bbox 880 1227 1546 1276; baseline -0.005 -10"><span class='ocrx_word' id='word_1_319' title='bbox 880 1229 1053 1276; x_wconf 81' lang='grc' dir='ltr'><em>φυσιολό,</em></span> <span class='ocrx_word' id='word_1_320' title='bbox 1055 1243 1124 1272; x_wconf 78' lang='grc' dir='ltr'>ος,</span> <span class='ocrx_word' id='word_1_321' title='bbox 1155 1227 1349 1273; x_wconf 60' lang='grc' dir='ltr'><em>τερατολό)</em></span> <span class='ocrx_word' id='word_1_322' title='bbox 1353 1242 1422 1270; x_wconf 84' lang='grc' dir='ltr'>ος,</span> <span class='ocrx_word' id='word_1_323' title='bbox 1456 1242 1546 1274; x_wconf 81' lang='lat' dir='ltr'>quae</span> 
     </span>
     <span class='ocr_line' id='line_1_60' title="bbox 879 1274 1546 1319; baseline -0.004 -7"><span class='ocrx_word' id='word_1_324' title='bbox 879 1279 1048 1312; x_wconf 85' lang='lat' dir='ltr'>Arcadius</span> <span class='ocrx_word' id='word_1_325' title='bbox 1072 1281 1110 1311; x_wconf 87' lang='lat' dir='ltr'>ut</span> <span class='ocrx_word' id='word_1_326' title='bbox 1132 1275 1236 1319; x_wconf 82' lang='grc' dir='ltr'><em>παρὰ</em></span> <span class='ocrx_word' id='word_1_327' title='bbox 1269 1274 1312 1310; x_wconf 83' lang='grc' dir='ltr'>τὸ</span> <span class='ocrx_word' id='word_1_328' title='bbox 1335 1274 1393 1319; x_wconf 59' lang='lat' dir='ltr'>My</span> <span class='ocrx_word' id='word_1_329' title='bbox 1388 1288 1424 1309; x_wconf 87' lang='grc' dir='ltr'><em>ω</em></span> <span class='ocrx_word' id='word_1_330' title='bbox 1452 1277 1546 1309; x_wconf 77' lang='lat' dir='ltr'>sacta</span> 
     </span>
     <span class='ocr_line' id='line_1_61' title="bbox 879 1322 1546 1369; baseline -0.003 -11"><span class='ocrx_word' id='word_1_331' title='bbox 879 1322 1162 1369; x_wconf 59' lang='grc' dir='ltr'><em>παροξύνὲσθαι</em></span> <span class='ocrx_word' id='word_1_332' title='bbox 1184 1323 1308 1356; x_wconf 87' lang='lat' dir='ltr'>ibidem</span> <span class='ocrx_word' id='word_1_333' title='bbox 1333 1322 1450 1356; x_wconf 83' lang='lat' dir='ltr'>tradit.</span> <span class='ocrx_word' id='word_1_334' title='bbox 1490 1322 1546 1356; x_wconf 84' lang='lat' dir='ltr'>De</span> 
     </span>
     <span class='ocr_line' id='line_1_62' title="bbox 879 1368 1545 1414; baseline -0.003 -10"><span class='ocrx_word' id='word_1_335' title='bbox 879 1371 1096 1414; x_wconf 67' lang='lat' dir='ltr'>fflmologo,</span> <span class='ocrx_word' id='word_1_336' title='bbox 1119 1381 1218 1413; x_wconf 90' lang='lat' dir='ltr'>quem</span> <span class='ocrx_word' id='word_1_337' title='bbox 1242 1370 1377 1413; x_wconf 81' lang='lat' dir='ltr'>p.406‚</span> <span class='ocrx_word' id='word_1_338' title='bbox 1399 1372 1451 1403; x_wconf 88' lang='lat'>10.</span> <span class='ocrx_word' id='word_1_339' title='bbox 1474 1368 1545 1402; x_wconf 83' lang='lat' dir='ltr'>dis-</span> 
     </span>
     <span class='ocr_line' id='line_1_63' title="bbox 879 1414 1545 1451; baseline -0.006 0"><span class='ocrx_word' id='word_1_340' title='bbox 879 1417 1008 1451; x_wconf 86' lang='lat' dir='ltr'>sentire</span> <span class='ocrx_word' id='word_1_341' title='bbox 1032 1417 1074 1450; x_wconf 86' lang='lat' dir='ltr'>ab</span> <span class='ocrx_word' id='word_1_342' title='bbox 1100 1416 1246 1448; x_wconf 88' lang='lat' dir='ltr'>Arcadio</span> <span class='ocrx_word' id='word_1_343' title='bbox 1272 1415 1453 1448; x_wconf 87' lang='lat' dir='ltr'>Passovius</span> <span class='ocrx_word' id='word_1_344' title='bbox 1478 1414 1545 1447; x_wconf 85' lang='lat' dir='ltr'>sibi</span> 
     </span>
     <span class='ocr_line' id='line_1_64' title="bbox 879 1461 1546 1505; baseline -0.006 -8"><span class='ocrx_word' id='word_1_345' title='bbox 879 1463 990 1497; x_wconf 85' lang='lat' dir='ltr'>videri</span> <span class='ocrx_word' id='word_1_346' title='bbox 1015 1463 1236 1502; x_wconf 82' lang='lat' dir='ltr'>demonstrat,</span> <span class='ocrx_word' id='word_1_347' title='bbox 1262 1473 1303 1494; x_wconf 84' lang='lat' dir='ltr'>ex</span> <span class='ocrx_word' id='word_1_348' title='bbox 1328 1461 1385 1493; x_wconf 89' lang='lat' dir='ltr'>illo</span> <span class='ocrx_word' id='word_1_349' title='bbox 1410 1461 1546 1505; x_wconf 80' lang='lat' dir='ltr'>quidem</span> 
     </span>
     <span class='ocr_line' id='line_1_65' title="bbox 879 1507 1545 1561; baseline -0.006 -18"><span class='ocrx_word' id='word_1_350' title='bbox 879 1510 953 1543; x_wconf 87' lang='lat' dir='ltr'>loco</span> <span class='ocrx_word' id='word_1_351' title='bbox 990 1509 1037 1542; x_wconf 86' lang='lat' dir='ltr'>nil</span> <span class='ocrx_word' id='word_1_352' title='bbox 1063 1508 1150 1541; x_wconf 71' lang='lat' dir='ltr'>certi</span> <span class='ocrx_word' id='word_1_353' title='bbox 1177 1507 1392 1561; x_wconf 83' lang='lat' dir='ltr'>pronuntiari</span> <span class='ocrx_word' id='word_1_354' title='bbox 1412 1510 1545 1551; x_wconf 85' lang='lat' dir='ltr'>potest:</span> 
     </span>
     <span class='ocr_line' id='line_1_66' title="bbox 879 1550 1547 1607; baseline -0.005 -19"><span class='ocrx_word' id='word_1_355' title='bbox 879 1555 1047 1600; x_wconf 88' lang='lat' dir='ltr'>duplicem</span> <span class='ocrx_word' id='word_1_356' title='bbox 1071 1554 1121 1588; x_wconf 84' lang='lat' dir='ltr'>ait</span> <span class='ocrx_word' id='word_1_357' title='bbox 1142 1554 1284 1587; x_wconf 89' lang='lat' dir='ltr'>nominis</span> <span class='ocrx_word' id='word_1_358' title='bbox 1310 1550 1483 1607; x_wconf 77' lang='grc' dir='ltr'><em>φιλέψιος</em></span> <span class='ocrx_word' id='word_1_359' title='bbox 1499 1552 1547 1586; x_wconf 91' lang='lat' dir='ltr'>si—</span> 
     </span>
     <span class='ocr_line' id='line_1_67' title="bbox 880 1597 1548 1657; baseline -0.004 -22"><span class='ocrx_word' id='word_1_360' title='bbox 880 1601 1131 1657; x_wconf 82' lang='lat' dir='ltr'>gnificationem</span> <span class='ocrx_word' id='word_1_361' title='bbox 1183 1612 1259 1633; x_wconf 89' lang='lat' dir='ltr'>esse</span> <span class='ocrx_word' id='word_1_362' title='bbox 1281 1613 1290 1633; x_wconf 87' lang='lat'><strong>:</strong></span> <span class='ocrx_word' id='word_1_363' title='bbox 1345 1597 1548 1633; x_wconf 77' lang='grc' dir='ltr'><em>δασύνεται</em></span> 
     </span>
     <span class='ocr_line' id='line_1_68' title="bbox 878 1642 1546 1691; baseline -0.004 -10"><span class='ocrx_word' id='word_1_364' title='bbox 878 1646 957 1691; x_wconf 72' lang='grc' dir='ltr'><em>μὲν,</em></span> <span class='ocrx_word' id='word_1_365' title='bbox 984 1645 1263 1690; x_wconf 75' lang='grc' dir='ltr'><em>φιλοπαίγμων·</em></span> <span class='ocrx_word' id='word_1_366' title='bbox 1288 1646 1468 1690; x_wconf 62' lang='grc' dir='ltr'><em>ψιῖοὗται</em></span> <span class='ocrx_word' id='word_1_367' title='bbox 1494 1642 1546 1689; x_wconf 71' lang='grc' dir='ltr'>δὲ,</span> 
     </span>
     <span class='ocr_line' id='line_1_69' title="bbox 880 1692 1089 1738; baseline -0.005 -11"><span class='ocrx_word' id='word_1_368' title='bbox 880 1692 1089 1738; x_wconf 83' lang='grc' dir='ltr'><em>φιλολόγος.</em></span> 
     </span>
    </p>
   </div>
   <div class='ocr_carea' id='block_1_18' title="bbox 879 1767 1544 1863">
    <p class='ocr_par' dir='ltr' id='par_1_21' title="bbox 879 1767 1544 1863">
     <span class='ocr_line' id='line_1_70' title="bbox 927 1767 1544 1829; baseline 0 -23"><span class='ocrx_word' id='word_1_369' title='bbox 927 1769 1025 1829; x_wconf 38' lang='lat' dir='ltr'>domoc]</span> <span class='ocrx_word' id='word_1_370' title='bbox 1045 1767 1111 1815; x_wconf 73' lang='grc' dir='ltr'>ἄρ’</span> <span class='ocrx_word' id='word_1_371' title='bbox 1136 1771 1225 1806; x_wconf 90' lang='lat' dir='ltr'>Lob.</span> <span class='ocrx_word' id='word_1_372' title='bbox 1251 1772 1354 1808; x_wconf 86' lang='lat' dir='ltr'>Vind.</span> <span class='ocrx_word' id='word_1_373' title='bbox 1370 1772 1444 1806; x_wconf 81' lang='grc' dir='ltr'>ΒΕ.</span> <span class='ocrx_word' id='word_1_374' title='bbox 1462 1773 1544 1806; x_wconf 80' lang='lat' dir='ltr'>Vat.</span> 
     </span>
     <span class='ocr_line' id='line_1_71' title="bbox 879 1818 1187 1863; baseline 0 -11"><span class='ocrx_word' id='word_1_375' title='bbox 879 1818 929 1853; x_wconf 89' lang='lat' dir='ltr'>M.</span> <span class='ocrx_word' id='word_1_376' title='bbox 954 1819 1001 1863; x_wconf 73' lang='grc' dir='ltr'>εἷρ</span> <span class='ocrx_word' id='word_1_377' title='bbox 1050 1820 1119 1854; x_wconf 81' lang='lat' dir='ltr'>vat</span> <span class='ocrx_word' id='word_1_378' title='bbox 1142 1819 1187 1852; x_wconf 90' lang='lat' dir='ltr'>H.</span> 
     </span>
    </p>
   </div>
   <div class='ocr_carea' id='block_1_19' title="bbox 926 1886 1636 1932">
    <p class='ocr_par' dir='ltr' id='par_1_22' title="bbox 926 1886 1636 1932">
     <span class='ocr_line' id='line_1_72' title="bbox 926 1886 1636 1932; baseline 0.007 -12"><span class='ocrx_word' id='word_1_379' title='bbox 926 1887 1065 1932; x_wconf 83' lang='grc' dir='ltr'><em>τοῦτο]</em></span> <span class='ocrx_word' id='word_1_380' title='bbox 1103 1899 1243 1922; x_wconf 84' lang='grc' dir='ltr'><em>τουτου</em></span> <span class='ocrx_word' id='word_1_381' title='bbox 1276 1887 1358 1922; x_wconf 82' lang='lat' dir='ltr'>Par.</span> <span class='ocrx_word' id='word_1_382' title='bbox 1394 1886 1438 1921; x_wconf 87' lang='lat' dir='ltr'>K.</span> <span class='ocrx_word' id='word_1_383' title='bbox 1470 1898 1540 1921; x_wconf 87' lang='lat' dir='ltr'>sec.</span> <span class='ocrx_word' id='word_1_384' title='bbox 1568 1889 1636 1924; x_wconf 84' lang='lat'>583</span> 
     </span>
    </p>
   </div>
   <div class='ocr_carea' id='block_1_20' title="bbox 878 1933 987 1968">
    <p class='ocr_par' dir='ltr' id='par_1_23' title="bbox 878 1933 987 1968">
     <span class='ocr_line' id='line_1_73' title="bbox 878 1933 987 1968; baseline 0.009 -1"><span class='ocrx_word' id='word_1_385' title='bbox 878 1933 987 1968; x_wconf 87' lang='lat' dir='ltr'>Bekk.</span> 
     </span>
    </p>
   </div>
   <div class='ocr_carea' id='block_1_21' title="bbox 876 2010 1545 2187">
    <p class='ocr_par' dir='ltr' id='par_1_24' title="bbox 876 2010 1545 2187">
     <span class='ocr_line' id='line_1_74' title="bbox 921 2010 1544 2059; baseline -0.002 -12"><span class='ocrx_word' id='word_1_386' title='bbox 921 2010 1116 2059; x_wconf 69' lang='grc' dir='ltr'><em>ἥδιστοςς]</em></span> <span class='ocrx_word' id='word_1_387' title='bbox 1151 2010 1315 2058; x_wconf 76' lang='grc' dir='ltr'><em>ἥδιστος.</em></span> <span class='ocrx_word' id='word_1_388' title='bbox 1355 2013 1429 2048; x_wconf 91' lang='lat' dir='ltr'>Ald.</span> <span class='ocrx_word' id='word_1_389' title='bbox 1463 2014 1544 2046; x_wconf 84' lang='lat' dir='ltr'>Bas.</span> 
     </span>
     <span class='ocr_line' id='line_1_75' title="bbox 877 2060 1545 2106; baseline -0.001 -12"><span class='ocrx_word' id='word_1_390' title='bbox 877 2061 932 2094; x_wconf 92' lang='lat' dir='ltr'>ab.</span> <span class='ocrx_word' id='word_1_391' title='bbox 958 2061 1078 2105; x_wconf 84' lang='lat' dir='ltr'>Steph.</span> <span class='ocrx_word' id='word_1_392' title='bbox 1098 2063 1174 2094; x_wconf 84' lang='lat' dir='ltr'>Ast.</span> <span class='ocrx_word' id='word_1_393' title='bbox 1198 2072 1341 2106; x_wconf 89' lang='lat' dir='ltr'>quocum</span> <span class='ocrx_word' id='word_1_394' title='bbox 1366 2060 1545 2105; x_wconf 86' lang='lat' dir='ltr'>sequentia</span> 
     </span>
     <span class='ocr_line' id='line_1_76' title="bbox 878 2106 1544 2141; baseline 0 -1"><span class='ocrx_word' id='word_1_395' title='bbox 878 2107 1067 2140; x_wconf 85' lang='lat' dir='ltr'>Glauconis</span> <span class='ocrx_word' id='word_1_396' title='bbox 1112 2108 1219 2141; x_wconf 80' lang='lat' dir='ltr'>verba</span> <span class='ocrx_word' id='word_1_397' title='bbox 1266 2106 1377 2140; x_wconf 87' lang='lat' dir='ltr'>minus</span> <span class='ocrx_word' id='word_1_398' title='bbox 1431 2107 1544 2140; x_wconf 89' lang='lat' dir='ltr'>conci-</span> 
     </span>
     <span class='ocr_line' id='line_1_77' title="bbox 876 2156 971 2187; baseline 0.011 -1"><span class='ocrx_word' id='word_1_399' title='bbox 876 2156 971 2187; x_wconf 86' lang='lat' dir='ltr'>nunt.</span> 
     </span>
    </p>
   </div>
   <div class='ocr_carea' id='block_1_22' title="bbox 879 2229 1570 2323">
    <p class='ocr_par' dir='ltr' id='par_1_25' title="bbox 879 2229 1570 2323">
     <span class='ocr_line' id='line_1_78' title="bbox 924 2229 1543 2277; baseline 0.002 -12"><span class='ocrx_word' id='word_1_400' title='bbox 924 2229 1058 2277; x_wconf 77' lang='grc' dir='ltr'><em>μέλλει]</em></span> <span class='ocrx_word' id='word_1_401' title='bbox 1083 2233 1139 2267; x_wconf 88' lang='lat' dir='ltr'>Ita</span> <span class='ocrx_word' id='word_1_402' title='bbox 1163 2233 1256 2267; x_wconf 86' lang='lat' dir='ltr'>Mon.</span> <span class='ocrx_word' id='word_1_403' title='bbox 1273 2235 1313 2268; x_wconf 89' lang='grc' dir='ltr'>Β.</span> <span class='ocrx_word' id='word_1_404' title='bbox 1341 2244 1426 2266; x_wconf 88' lang='lat' dir='ltr'>corr.</span> <span class='ocrx_word' id='word_1_405' title='bbox 1454 2233 1543 2266; x_wconf 87' lang='lat' dir='ltr'>Ante</span> 
     </span>
     <span class='ocr_line' id='line_1_79' title="bbox 879 2278 1570 2323; baseline -0.001 -10"><span class='ocrx_word' id='word_1_406' title='bbox 879 2290 968 2313; x_wconf 83' lang='lat' dir='ltr'>corr.</span> <span class='ocrx_word' id='word_1_407' title='bbox 992 2279 1126 2313; x_wconf 89' lang='lat' dir='ltr'>videtur</span> <span class='ocrx_word' id='word_1_408' title='bbox 1152 2278 1259 2323; x_wconf 80' lang='grc' dir='ltr'><em>μέλλο</em></span> <span class='ocrx_word' id='word_1_409' title='bbox 1285 2279 1402 2314; x_wconf 80' lang='lat' dir='ltr'>fuisse.</span> <span class='ocrx_word' id='word_1_410' title='bbox 1566 2302 1570 2305; x_wconf 85' lang='lat'><em>-</em></span> 
     </span>
    </p>
   </div>
   <div class='ocr_carea' id='block_1_23' title="bbox 879 2357 1548 2902">
    <p class='ocr_par' dir='ltr' id='par_1_26' title="bbox 879 2357 1548 2902">
     <span class='ocr_line' id='line_1_80' title="bbox 925 2357 1547 2405; baseline 0 -11"><span class='ocrx_word' id='word_1_411' title='bbox 925 2357 1068 2404; x_wconf 71' lang='grc' dir='ltr'><em>κύριος]</em></span> <span class='ocrx_word' id='word_1_412' title='bbox 1097 2359 1301 2404; x_wconf 80' lang='lat' dir='ltr'>„Suspicari</span> <span class='ocrx_word' id='word_1_413' title='bbox 1320 2360 1431 2404; x_wconf 88' lang='lat' dir='ltr'>possit</span> <span class='ocrx_word' id='word_1_414' title='bbox 1453 2360 1547 2405; x_wconf 88' lang='lat' dir='ltr'>quis—</span> 
     </span>
     <span class='ocr_line' id='line_1_81' title="bbox 879 2406 1546 2451; baseline 0.003 -13"><span class='ocrx_word' id='word_1_415' title='bbox 879 2406 971 2451; x_wconf 85' lang='lat' dir='ltr'>piam</span> <span class='ocrx_word' id='word_1_416' title='bbox 996 2407 1121 2451; x_wconf 77' lang='lat' dir='ltr'>legisse</span> <span class='ocrx_word' id='word_1_417' title='bbox 1149 2406 1252 2438; x_wconf 80' lang='lat' dir='ltr'>aliter</span> <span class='ocrx_word' id='word_1_418' title='bbox 1277 2406 1442 2439; x_wconf 85' lang='lat' dir='ltr'>Ficinum.</span> <span class='ocrx_word' id='word_1_419' title='bbox 1470 2419 1546 2440; x_wconf 89' lang='lat' dir='ltr'>nam</span> 
     </span>
     <span class='ocr_line' id='line_1_82' title="bbox 883 2452 1548 2497; baseline 0.002 -12"><span class='ocrx_word' id='word_1_420' title='bbox 883 2458 917 2485; x_wconf 87' lang='lat' dir='ltr'>et</span> <span class='ocrx_word' id='word_1_421' title='bbox 953 2453 1029 2497; x_wconf 87' lang='lat' dir='ltr'>ipse</span> <span class='ocrx_word' id='word_1_422' title='bbox 1063 2452 1192 2493; x_wconf 78' lang='lat' dir='ltr'>vertit,</span> <span class='ocrx_word' id='word_1_423' title='bbox 1226 2452 1360 2497; x_wconf 85' lang='lat' dir='ltr'>Nempe</span> <span class='ocrx_word' id='word_1_424' title='bbox 1397 2453 1548 2497; x_wconf 83' lang='lat' dir='ltr'>philoso-</span> 
     </span>
     <span class='ocr_line' id='line_1_83' title="bbox 881 2499 1548 2543; baseline 0.001 -12"><span class='ocrx_word' id='word_1_425' title='bbox 881 2499 987 2543; x_wconf 84' lang='lat' dir='ltr'>phus,</span> <span class='ocrx_word' id='word_1_426' title='bbox 1026 2499 1116 2542; x_wconf 88' lang='lat' dir='ltr'>apud</span> <span class='ocrx_word' id='word_1_427' title='bbox 1149 2509 1249 2541; x_wconf 89' lang='lat' dir='ltr'>quem</span> <span class='ocrx_word' id='word_1_428' title='bbox 1272 2511 1355 2532; x_wconf 82' lang='lat' dir='ltr'>vere</span> <span class='ocrx_word' id='word_1_429' title='bbox 1379 2499 1548 2532; x_wconf 78' lang='lat' dir='ltr'>iudicandi</span> 
     </span>
     <span class='ocr_line' id='line_1_84' title="bbox 883 2544 1547 2585; baseline 0.003 -8"><span class='ocrx_word' id='word_1_430' title='bbox 883 2548 936 2578; x_wconf 89' lang='lat' dir='ltr'>est</span> <span class='ocrx_word' id='word_1_431' title='bbox 953 2544 1132 2585; x_wconf 77' lang='lat' dir='ltr'>autoritas,</span> <span class='ocrx_word' id='word_1_432' title='bbox 1153 2556 1246 2577; x_wconf 86' lang='lat' dir='ltr'>suam</span> <span class='ocrx_word' id='word_1_433' title='bbox 1266 2544 1383 2579; x_wconf 79' lang='lat' dir='ltr'>laudat</span> <span class='ocrx_word' id='word_1_434' title='bbox 1404 2546 1547 2579; x_wconf 63' lang='lat' dir='ltr'>vstamf‘</span> 
     </span>
     <span class='ocr_line' id='line_1_85' title="bbox 881 2589 1547 2636; baseline 0.002 -13"><span class='ocrx_word' id='word_1_435' title='bbox 881 2591 1003 2634; x_wconf 81' lang='lat' dir='ltr'>steph.</span> <span class='ocrx_word' id='word_1_436' title='bbox 1028 2589 1063 2623; x_wconf 92' lang='lat' dir='ltr'>in</span> <span class='ocrx_word' id='word_1_437' title='bbox 1087 2601 1130 2623; x_wconf 87' lang='lat' dir='ltr'>m.</span> <span class='ocrx_word' id='word_1_438' title='bbox 1180 2590 1271 2624; x_wconf 89' lang='lat' dir='ltr'>Sane</span> <span class='ocrx_word' id='word_1_439' title='bbox 1300 2603 1362 2636; x_wconf 86' lang='lat' dir='ltr'>pro</span> <span class='ocrx_word' id='word_1_440' title='bbox 1388 2593 1547 2625; x_wconf 79' lang='lat' dir='ltr'>indican-</span> 
     </span>
     <span class='ocr_line' id='line_1_86' title="bbox 883 2637 1546 2682; baseline 0.002 -13"><span class='ocrx_word' id='word_1_441' title='bbox 883 2637 930 2675; x_wconf 79' lang='lat' dir='ltr'>di,</span> <span class='ocrx_word' id='word_1_442' title='bbox 945 2647 1011 2679; x_wconf 85' lang='lat' dir='ltr'>quo</span> <span class='ocrx_word' id='word_1_443' title='bbox 1036 2637 1206 2669; x_wconf 84' lang='lat' dir='ltr'>Serranus</span> <span class='ocrx_word' id='word_1_444' title='bbox 1230 2649 1365 2682; x_wconf 90' lang='lat' dir='ltr'>quoque</span> <span class='ocrx_word' id='word_1_445' title='bbox 1384 2641 1436 2670; x_wconf 82' lang='lat' dir='ltr'>est</span> <span class='ocrx_word' id='word_1_446' title='bbox 1453 2648 1546 2678; x_wconf 84' lang='lat' dir='ltr'>usus,</span> 
     </span>
     <span class='ocr_line' id='line_1_87' title="bbox 884 2683 1547 2727; baseline 0.002 -12"><span class='ocrx_word' id='word_1_447' title='bbox 884 2683 1057 2716; x_wconf 74' lang='lat' dir='ltr'>laudandi</span> <span class='ocrx_word' id='word_1_448' title='bbox 1095 2683 1283 2727; x_wconf 84' lang='lat' dir='ltr'>ponendum</span> <span class='ocrx_word' id='word_1_449' title='bbox 1318 2687 1404 2716; x_wconf 82' lang='lat' dir='ltr'>erat.</span> <span class='ocrx_word' id='word_1_450' title='bbox 1476 2684 1547 2717; x_wconf 89' lang='lat' dir='ltr'>Sed</span> 
     </span>
     <span class='ocr_line' id='line_1_88' title="bbox 882 2728 1545 2773; baseline 0 -11"><span class='ocrx_word' id='word_1_451' title='bbox 882 2728 1019 2773; x_wconf 82' lang='lat' dir='ltr'>gravior</span> <span class='ocrx_word' id='word_1_452' title='bbox 1041 2728 1154 2761; x_wconf 89' lang='lat' dir='ltr'>Ficini</span> <span class='ocrx_word' id='word_1_453' title='bbox 1178 2740 1274 2762; x_wconf 84' lang='lat' dir='ltr'>error</span> <span class='ocrx_word' id='word_1_454' title='bbox 1299 2730 1474 2773; x_wconf 85' lang='lat' dir='ltr'>Stephano</span> <span class='ocrx_word' id='word_1_455' title='bbox 1493 2729 1545 2762; x_wconf 86' lang='lat' dir='ltr'>in-</span> 
     </span>
     <span class='ocr_line' id='line_1_89' title="bbox 882 2774 1544 2819; baseline 0.003 -12"><span class='ocrx_word' id='word_1_456' title='bbox 882 2774 1037 2819; x_wconf 84' lang='lat' dir='ltr'>cognitus</span> <span class='ocrx_word' id='word_1_457' title='bbox 1069 2777 1161 2808; x_wconf 86' lang='lat' dir='ltr'>erat:</span> <span class='ocrx_word' id='word_1_458' title='bbox 1194 2775 1330 2808; x_wconf 83' lang='lat' dir='ltr'>Socrati</span> <span class='ocrx_word' id='word_1_459' title='bbox 1362 2776 1447 2809; x_wconf 88' lang='lat' dir='ltr'>haec</span> <span class='ocrx_word' id='word_1_460' title='bbox 1471 2787 1544 2809; x_wconf 88' lang='lat' dir='ltr'>cum</span> 
     </span>
     <span class='ocr_line' id='line_1_90' title="bbox 881 2820 1544 2865; baseline 0.002 -10"><span class='ocrx_word' id='word_1_461' title='bbox 881 2820 1102 2865; x_wconf 85' lang='lat' dir='ltr'>sequentibus</span> <span class='ocrx_word' id='word_1_462' title='bbox 1114 2821 1243 2855; x_wconf 85' lang='lat' dir='ltr'>tribuit.</span> <span class='ocrx_word' id='word_1_463' title='bbox 1266 2822 1451 2865; x_wconf 69' lang='lat' dir='ltr'>Grynaeus</span> <span class='ocrx_word' id='word_1_464' title='bbox 1468 2832 1544 2856; x_wconf 87' lang='lat' dir='ltr'>cor-</span> 
     </span>
     <span class='ocr_line' id='line_1_91' title="bbox 879 2867 978 2902; baseline -0.02 -2"><span class='ocrx_word' id='word_1_465' title='bbox 879 2867 978 2902; x_wconf 86' lang='lat' dir='ltr'>rexit.</span> 
     </span>
    </p>
   </div>
  </div>
 </body>
</html>
