1764 3176
451 166 786 210 CIVITAS
825 164 1081 208 LIB.V1H.
1106 168 1175 205 550

1443 168 1499 207 31

113 275 172 338 ἦν
207 278 251 325 δ’
281 279 391 336 ἐγώ,
430 277 572 322 ἐκεῖνο
606 276 771 337 ἑκάστῳ
810 278 995 333 χρυσίου
1024 275 1334 334 πληρούμενον
1367 273 1500 320 ἀπόλ-

112 353 214 393 λυσι
251 347 331 404 τὴν
368 347 578 403 τοιαύτην
617 347 853 389 πολιτείαν.

913 348 1093 398 πρῶτον
1122 345 1202 401 μὲν
1239 344 1325 401 γάρ
1357 344 1500 388 δαπά-

111 435 192 469 νας
221 417 374 468 αὐτοῖς
402 415 700 470 ἐξευρίσκουσι
730 416 803 459 καὶ
832 414 937 465 τούς
966 411 1134 468 νόμους
1166 414 1234 457 ἐπὶ
1255 417 1388 457 τοῦτο
1418 429 1500 456 πα-

111 486 326 541 ράγουσιν
369 483 654 535 ἀπειθουντες
697 482 825 526 αὐτοί
875 498 919 526 τε
967 481 1041 524 καὶ
1085 487 1289 536 γυναῖκες
1336 481 1498 525 αὐτων.
1529 481 1563 521 Ε

109 554 256 605 Εἰκὸς,
285 553 382 609 §.qm
430 549 607 595 ’Ἐπειτοὲ
636 567 707 607 γε,
749 549 893 606 οἶμαι,
931 548 1063 600 ἄλλος
1099 551 1234 593 ἄλλον
1275 549 1394 605 ὁρῶν
1427 551 1503 594 καὶ

109 625 172 674 εἰς
202 626 331 678 ζῆλον
361 619 443 664 ἰών
470 620 519 663 τὸ
548 624 719 676 πλῆθος
748 623 956 662 τοιοῦτον
988 616 1138 661 αὐτῶν
1160 617 1498 674 ἀπειργάσαντο.

109 690 258 742 Εἰκός.

331 686 608 732 Τοῦντεῦθεν
645 690 820 739 τοίνυν,
872 684 1019 738 εἷπον,
1065 686 1294 742 προϊόντες
1344 689 1405 738 εἰς
1449 687 1499 732 τὸ

73 757 306 814 ’πρόσθεν
345 759 426 800 τοῦ
463 758 804 813 χρηματίζεσθαι
841 754 930 812 ὅσῳ
970 754 1026 798 ἂν
1066 758 1201 798 τοῦτο
1241 756 1500 811 τιμιώτερον

105 827 322 884 ἡγῶνται,
351 823 550 883 τοσούτῳ
581 822 738 880 ἀρετήν
767 821 1040 879 ἀτιμοτέραν.
1070 822 1101 878 ἢ
1126 821 1206 879 οὐχ
1227 823 1342 868 οὕτω
1364 825 1500 869 πλού-

107 911 188 938 του
219 891 350 949 ἆρετή
383 892 627 949 διέστηκεν,
669 891 812 947 ὥσπερ
851 891 899 935 ἐν
937 890 1166 947 πλάστιγγι
1197 895 1332 948 ζυγοῦ
1360 892 1499 948 κειμέ-

105 979 189 1007 νου
228 960 436 1018 ἓκατέρου
475 959 542 1005 οἷεὶ
581 959 841 1004 τούναντίον
879 960 1079 1015 ῥέποντες
1122 961 1208 1004 Καὶ
1244 959 1365 1016 μάλ’,
1397 961 1491 1018 ἔφη.

148 1107 288 1154 αὐτῶν]
315 1106 419 1144 αὐτῶ
444 1109 544 1147 Vind.
564 1110 603 1145 B.
629 1109 708 1143 vat.
723 1108 768 1143 H.

105 1157 200 1190 Flor.
226 1157 333 1191 ACV.

152 1200 251 1247 ἰών]
287 1203 426 1236 Comma
461 1202 538 1236 huic
573 1201 767 1246 appositum

104 1260 179 1283 cum
203 1249 298 1282 Astio
333 1254 368 1282 et
392 1248 614 1282 Stallbaumio
639 1249 673 1294 in
698 1259 766 1282 sec.

103 1295 219 1337 omisi,
264 1306 307 1328 ne
348 1299 488 1340 praeter
527 1294 767 1327 necessitatem

103 1340 298 1374 nominativi
322 1340 469 1374 absoluti
492 1341 588 1374 fiant.

150 1383 298 1431 αὐτῶν]
325 1387 383 1421 Ita
403 1387 496 1421 Mon.
508 1388 547 1421 B.
558 1412 568 1428 ‚
593 1398 691 1431 quem
710 1389 761 1419 ta-

101 1432 169 1467 cite
193 1436 329 1467 secutus
356 1437 410 1466 est
432 1433 624 1467 Bekkerus.
671 1432 765 1465 Reli-

101 1479 160 1524 qui
183 1478 249 1513 mei
273 1479 348 1512 cum
370 1479 446 1514 Ald.
471 1480 550 1513 Bas.
576 1480 630 1512 ab.
644 1478 729 1523 Step
732 1478 765 1512 h.

102 1526 175 1560 Ast.
190 1536 243 1569 pr.
262 1536 332 1558 sec.
356 1522 485 1559 αυτῶν
510 1525 650 1567 habent,
675 1491 765 1570 quod

99 1571 184 1605 ferri
207 1571 335 1624 nequit.

146 1613 442 1662 ἀπειργάσαντο]
511 1614 642 1661 ἄπειργ
646 1613 764 1697 &Gaze

101 1662 405 1743 γὴᾶξίουῗξῦθνέιξ
434 1663 479 1734 {1-
505 1663 764 1744 Fgglgm†CAE->1·

98 1755 163 1798 A.]
223 1755 398 1800 excerpsit
444 1755 616 1789 Stobaeus
662 1766 763 1788 serm.

99 1799 299 1834 LXXXXI.
402 1801 482 1836 508.
538 1801 623 1834 Eius
656 1801 764 1834 codex

98 1846 140 1880 B.
168 1843 277 1881 τοῦτ’
305 1813 436 1902 ἔνθεν,
460 1846 562 1880 Vind.
587 1847 630 1880 F.
655 1843 764 1880 τούν-

98 1891 213 1926 τεῦθε
237 1904 299 1948 pro
323 1889 553 1927 τούντεῦθεν
578 1893 729 1927 exhibet.

144 1936 360 1984 προϊόντες]
388 1936 582 1985 προὶέντες
606 1939 706 1973 Vind.
719 1938 763 1974 F

147 2037 243 2089 ὅσῳ]
281 2037 373 2078 ὅσον
405 2029 501 2077 Flor.
534 2042 580 2076 Τ.
614 2044 650 2075 et
681 2042 763 2076 Sto-

96 2075 224 2131 baeus,
257 2089 352 2123 cuius
373 2092 488 2124 tamen
511 2088 585 2123 cod
614 2089 656 2123 Β.
689 2087 766 2122 vul-

97 2138 213 2179 gatam
236 2135 403 2189 sequitur.

143 2178 336 2226 τοσούτῳ]
369 2179 551 2215 τοσοῦτον
574 2180 669 2215 Flor.
694 2180 740 2215 T.

99 2235 316 2318 edftefflffl·
330 2235 459 2328 emolii}
478 2238 761 2328 Βῶἳιῖιιοῗοάψῖεῗι

99 2328 320 2363 Gaisfordius
336 2330 508 2364 codicibus
526 2331 682 2364 comitem
700 2330 760 2363 ad—

99 2376 178 2418 dit.)
209 2375 262 2409 Ad
286 2376 417 2422 ellipsin
438 2376 536 2411 verbi
560 2377 603 2410 cf.
629 2378 705 2413 Vol.
729 2376 758 2410 Ι.

157 2423 238 2463 311,
263 2433 294 2456 a.

99 2433 132 2467 p
145 2464 225 2522 ἀεὶ]
251 2479 314 2501 om.
345 2468 440 2502 Mon.
464 2468 504 2503 B.

145 2513 391 2558 τουναντίον]
426 2512 486 2548 ἐπὶ
515 2526 547 2548 τ.
591 2515 685 2549 Μοιι.
718 2515 757 2547 Β.

98 2558 191 2593 Flor.
234 2559 279 2594 U.
328 2560 582 2595 Stallbaumius.
634 2561 686 2600 εἰς
724 2573 756 2594 τ.

101 2605 199 2638 Vind.
223 2606 267 2639 E.
292 2606 377 2640 Ven.
403 2606 443 2640 B.
467 2606 563 2641 Flor.
579 2607 655 2642 AC.
680 2607 758 2641 Bas.

98 2651 132 2685 b.
156 2652 277 2696 Steph.
308 2653 384 2688 Ast.
408 2649 633 2687 τούναντίου
659 2653 756 2688 Stob.

99 2697 172 2730 cod.
196 2697 237 2732 B.
262 2697 315 2731 ed.
345 2699 452 2732 Gesn.

147 2741 327 2788 ῥέποντε]
370 2745 425 2778 Ita
457 2745 536 2779 Par.
568 2745 609 2779 A.
655 2745 754 2779 Vind.

99 2789 291 2871 23..foss-
320 2790 641 2873 §.ussisse
663 2792 755 2874 (ξξέ

826 1109 921 1143 Flor.
941 1110 985 1145 T.
1012 1110 1248 1153 significavit.)
1276 1107 1395 1153 ῥέπον
1417 1121 1491 1144 cum

826 1168 846 1189 τ
863 1167 967 1200 super
989 1168 1011 1189 ν
1035 1157 1115 1190 Par.
1129 1156 1171 1190 D.
1196 1154 1376 1199 ῥέπον-ται
1394 1157 1490 1191 Flor.

826 1201 867 1234 C.
914 1200 1079 1245 ῥέποντα
1118 1203 1212 1237 Μοιι.
1245 1203 1286 1236 Β.
1326 1203 1418 1236 Flor.
1445 1204 1490 1238 U.

824 1247 1077 1282 Stanbaumius.
1141 1247 1321 1292 ῥέποντος
1367 1249 1491 1294 reliqui

824 1293 957 1327 codices
982 1306 1054 1327 cum
1079 1295 1229 1328 Stobaeo
1256 1299 1291 1328 et
1313 1295 1390 1329 Ald.
1408 1296 1490 1330 Bas.

823 1340 878 1372 ab.
917 1341 1038 1385 steph.
1073 1342 1144 1375 Ast.
1193 1341 1378 1383 Nostram,
1421 1341 1490 1376 nisi

821 1387 944 1428 fallor,
971 1387 1146 1421 lectionem
1170 1388 1294 1431 optime
1318 1388 1490 1433 iuterpre-

822 1435 915 1465 tatus
949 1439 1003 1466 est
1036 1433 1196 1466 Ficinus:
1249 1438 1301 1467 An
1335 1447 1402 1468 non
1438 1436 1492 1468 ita

821 1479 932 1512 virtus
957 1491 979 1513 α
1004 1480 1134 1513 divitiis
1167 1481 1357 1523 discrepat,
1391 1482 1493 1525 quasi

822 1529 969 1569 utraque
1010 1526 1046 1558 in
1080 1528 1177 1560 lance
1223 1531 1377 1560 staterae
1421 1528 1492 1562 sint

821 1572 956 1615 posita,
989 1583 1188 1616 semperque
1219 1574 1255 1606 in
1278 1575 1491 1607 contrariam

819 1622 955 1660 partem
988 1619 1188 1653 declinent?
1244 1619 1398 1653 Eandem
1430 1632 1490 1654 ex-

822 1663 930 1696 hibuit
952 1664 1142 1706 Bekkaus,
1167 1665 1227 1698 sed
1251 1666 1419 1710 Stephani
1437 1666 1492 1699 in-

820 1710 1059 1763 terpunctione
1110 1722 1193 1744 usus
1238 1722 1368 1745 comma
1410 1715 1489 1766 post

820 1753 992 1797 κειμένου
1016 1757 1133 1811 posuit
1157 1761 1192 1790 et
1215 1757 1279 1790 hoc
1303 1757 1346 1791 ad
1373 1756 1489 1792 πλού-

821 1812 907 1844 του,
952 1799 1129 1846 εκατέρου
1167 1808 1280 1836 autem
1323 1804 1365 1837 ad
1400 1801 1488 1839 τοῦ-

819 1847 973 1882 ναντίον
996 1849 1153 1882 retulisse
1176 1849 1310 1883 videtur
1328 1850 1394 1884 hoc
1410 1863 1488 1885 sen—

821 1905 879 1926 su:
904 1906 1017 1928 nonne
1041 1907 1064 1928 a
1089 1896 1220 1929 divitiis
1244 1901 1424 1940 tamquam
1449 1899 1487 1931 in

821 1940 920 1974 lance
948 1942 1069 1984 positis
1101 1943 1212 1976 virtus
1243 1943 1407 1985 dissidet,
1433 1946 1487 1978 al-

821 1987 929 2021 terius
952 1999 1085 2031 semper
1103 1989 1311 2021 οοπινανιαιη
1341 1991 1378 2022 in
1400 2001 1486 2034 par-

820 2038 890 2066 tem
913 2038 1081 2078 utraeque
1106 2034 1317 2078 vergentes?
1350 2035 1390 2068 In
1417 2048 1484 2081 quo

821 2090 933 2123 neque
956 2079 1097 2114 divitiae
1131 2081 1224 2114 solae
1255 2081 1343 2114 lanci
1376 2082 1485 2137 impo-

821 2125 911 2158 sitae
945 2125 1104 2181 placent,
1149 2138 1259 2171 neque
1305 2124 1483 2172 ἑκατέρου

818 2182 916 2205 suum
939 2175 1019 2205 ante
1042 2169 1100 2206 ἀεὶ
1121 2173 1255 2216 potius,
1280 2185 1380 2218 quam
1402 2179 1485 2219 post

818 2213 1042 2252 τούναντίον
1079 2220 1189 2252 Ιοοιιιιι
1219 2220 1348 2253 habere
1384 2221 1482 2255 vide-

818 2266 884 2297 tur.
930 2264 1053 2308 Aptius
1088 2265 1130 2298 ad
1165 2276 1299 2298 sensum
1335 2270 1370 2299 et
1402 2278 1483 2312 per-

816 2309 1009 2354 spicuitatis
1032 2322 1154 2344 caussa
1186 2323 1252 2345 ιιοιι
1284 2312 1402 2347 inutile
1431 2318 1486 2347 est

816 2356 906 2400 quod
940 2356 1054 2389 Astius
1087 2357 1122 2390 in
1156 2368 1224 2391 sec
1258 2361 1295 2391 et
1327 2361 1408 2392 tert.
1450 2362 1485 2393 et

816 2401 1062 2436 Stallbaumius
1089 2407 1168 2447 post
1192 2400 1366 2446 εκατέρου
1392 2417 1485 2438 com-

816 2459 870 2481 ma
892 2452 1079 2493 posuerunt
1101 2449 1208 2482 alteio
1232 2450 1386 2493 sublato,
1422 2452 1483 2485 sed

815 2505 859 2527 ne
882 2494 947 2528 hoc
965 2494 1102 2551 quidem
1118 2496 1358 2537 necessarium,
1377 2509 1483 2542 quum

816 2535 938 2584 ὥσπερ
983 2540 1025 2573 ad
1081 2537 1238 2583 ῥέποντε
1261 2543 1483 2598 pertineat,

816 2586 914 2630 quasi
949 2597 1015 2619 non
1048 2584 1212 2622 πλούτου
1246 2585 1360 2633 αρετή
1404 2586 1479 2623 διέ-

816 2641 963 2686 στηκεν,
1000 2631 1060 2664 sed
1083 2633 1245 2674 πλοῦτος
1268 2633 1331 2668 καὶ
1363 2631 1477 2679 οἷρετὴ

814 2675 1053 2721 διεστήκατον
1080 2681 1335 2724 praecessisset.
1370 2681 1478 2715 Stall-

812 2724 965 2758 baumius
1000 2735 1081 2757 vero
1117 2726 1218 2760 etiam
1248 2733 1327 2772 post
1351 2722 1476 2772 ὥσπερ

811 2769 1023 2804 incidendum
1052 2772 1195 2814 putavit.

856 2835 948 2882 μάλ’
960 2840 972 2884 ]
1003 2836 1104 2883 μάλα
1128 2841 1227 2876 Stob.
