1764 3176
610 188 1089 232 EDITORIS.
1413 202 1542 229 xxxv

150 307 232 343 θοῦ
261 307 379 353 (vulgo
402 301 442 341 τ’
473 302 646 352 ἀγαθοῦ,
685 308 746 342 sed
776 307 909 342 videtur
938 305 1156 340 scribendum
1189 297 1361 347 ταύτοῦ.)
1400 299 1548 346 φύσεως

152 362 258 404 ὄντες
286 360 360 399 άπὸ
389 359 584 399 τοιούτων.
618 363 720 398 αἰτία
750 360 789 398 δὲ
813 359 949 397 τούτου
971 357 997 406 ἥ
1015 374 1052 396 τε
1072 356 1200 404 ἰσότης
1222 357 1283 393 καὶ
1313 356 1385 403 πρὸ
1409 355 1547 403 ταύτης

150 419 192 456 τὸ
217 418 267 457 ἐν.
324 415 386 455 Ἐκ
416 418 456 455 δὲ
484 420 550 464 τῆς
582 433 656 454 των
685 416 824 462 ἀρτίων
839 413 1048 465 ἡγουμένης
1067 415 1209 456 δυάδος
1230 414 1463 460 ἑτερομήκεις
1482 416 1548 460 τῆς

151 476 324 517 ἐναντίας
350 473 498 522 φύσεως
516 474 598 511 ὅντε
584 490 638 521 ες,
671 475 838 521 διότιπερ
858 475 921 510 και
942 473 978 510 οὶ
994 470 1223 520 γεννή.τορες
1254 469 1365 507 πάλιν
1385 471 1424 507 δὲ
1446 472 1549 506 αἰτία

150 546 287 570 τουτου
320 529 345 578 ἥ
367 546 408 569 τε
438 530 612 578 ἀνισότης
652 532 715 568 καὶ
744 529 817 574 πρὸ
840 529 980 576 ταύτης
1009 528 1032 576 6
1063 527 1239 573 ἀόριστος
1270 527 1374 569 δυάς.
1418 528 1481 564 καὶ
1518 528 1553 563 εἰ

149 591 280 635 κρᾶσις
301 589 342 625 δὲ
372 588 515 635 γένοιτο
542 590 605 625 καὶ
629 585 731 624 αἱσὰν
758 588 858 625 εἶ’ποι
882 602 938 629 τις
961 584 1080 632 γάμος
1113 584 1243 628 οἷρτίου
1269 585 1328 620 καὶ
1359 585 1550 631 περισσοῦ,

153 647 189 683 oz
212 643 436 691 γεννώμενοι
454 644 560 692 ὄγκοι
582 646 644 681 καὶ
665 646 730 690 τῆς
749 643 918 689 θατέρου
943 646 1010 690 (ita
1041 657 1116 680 cum
1139 645 1308 678 Bullialdo
1331 645 1548 678 scribendum

151 718 214 751 pro
237 704 303 748 τῆς
322 700 418 738 καθ’
438 702 634 749 ἑκατέρου)
655 701 816 748 φύσεως,
846 702 939 738 εἴτε
957 699 1096 746 μονάδι
1122 698 1341 743 διαφέροιεν
1362 698 1398 733 οἱ
1418 696 1548 744 γεννή-

151 773 257 806 τορες
278 760 367 796 εἴτε
384 760 446 796 καὶ
465 761 607 803 μείζονί
622 774 694 795 τινι
712 757 874 807 ἀριθμῷ.
906 755 928 804 ἢ
949 772 1021 803 γαρ
1041 754 1277 801 ἑτερομήκεις
1302 750 1324 798 η’
1345 753 1549 800 προμήκεις

152 817 191 853 οἱ
215 814 520 861 ἀποτελούμενοι.
553 818 637 862 (hoc
664 820 740 853 loco
759 818 967 860 notandum,
998 817 1088 860 quod
1116 815 1349 855 differentiam
1367 815 1458 848 inter
1476 825 1548 847 ετε-

153 871 330 919 ρομήκεις
355 880 390 910 et
422 871 628 919 προμήκεις
652 870 840 918 άριιθμούς
875 886 943 908 non
965 876 1073 908 solum
1106 873 1292 913 Euclides,
1323 871 1550 915 reprehensus

151 938 338 978 propterea
364 933 407 967 ab
438 932 635 968 Iamblicho·
651 944 684 976 p.
721 933 796 968 105.
819 933 879 966 sed
908 933 980 975 ipse
1001 932 1103 965 etiam
1122 931 1225 963 Plato
1251 930 1400 971 ignorat.
1460 928 1550 962 Vide

152 991 226 1025 eius
257 991 496 1032 Theaetetum,
526 1002 559 1034 p.
580 987 658 1024 148.
678 987 740 1035 A.)
799 986 880 1021 Καὶ·
895 983 1010 1020 πάλιν
1029 982 1068 1019 ἐκ
1086 982 1155 1028 μὲν
1176 982 1417 1027 τετραγώνων
1438 979 1550 1028 ἀλλή-

155 1046 233 1085 λοις
253 1043 430 1090 μιγέντων
462 1046 498 1080 οἱ
527 1041 717 1089 γινόμενοι
738 1040 986 1089 τετράγωνοι,
1019 1040 1057 1076 ἐκ
1081 1041 1119 1076 δὲ
1146 1040 1379 1086 ἓτερομηκῶν
1413 1035 1549 1084 ὅμοιοι,

154 1099 196 1137 ἐκ
225 1100 265 1137 δὲ
292 1103 433 1145 μικτῶν
471 1100 652 1137 οὐδε-’ποτε
680 1098 743 1144 μὲν
781 1098 1029 1145 τετράγωνοι,
1076 1096 1226 1137 πάντως
1252 1095 1290 1132 δὲ
1315 1097 1548 1141 ἑτερογενεῖς,

154 1157 232 1194 Καὶ
262 1155 374 1194 τοῦτό
405 1169 519 1203 φησιν
549 1154 567 1194 ὁ
589 1156 789 1197 θειότατος
812 1154 972 1193 Πλάτων
997 1152 1231 1200 παριδόντας
1255 1153 1464 1199 (TennulIus
1481 1165 1551 1187 ποι-

155 1212 403 1260 ραδιδόντοις,
436 1218 621 1251 Bullialdus
651 1212 906 1262 παραδιδούς)
937 1211 1024 1253 τούς
1043 1213 1106 1256 τῆς
1127 1213 1316 1250 πολιτείοις
1340 1206 1459 1244 αὔτοῦ
1486 1207 1549 1254 ἔρ-

153 1285 290 1317 χοντας
307 1272 369 1307 καὶ
389 1268 577 1317 άρχούσας
609 1270 672 1306 διὰ
701 1270 742 1305 τὰ
762 1269 811 1316 μὴ
838 1268 1053 1316 τετράφθαι
1074 1267 1114 1303 ἐν
1130 1271 1209 1309 τοῖς
1230 1263 1442 1312 μαθήμασι,
1472 1263 1494 1312 ἢ
1521 1266 1555 1301 εἰ

153 1328 219 1364 καὶ
239 1327 478 1374 ἐντραφεῖεν,
509 1330 628 1374 (vulgo
657 1325 681 1373 ἤ
707 1326 746 1363 δὲ
778 1327 839 1362 καὶ
869 1329 905 1363 εἰ
922 1329 1109 1372 τραφεῖεν.
1168 1327 1357 1361 Bullialdus
1377 1322 1415 1359 δὲ
1438 1327 1550 1359 eiecit.

154 1387 226 1421 Sed
247 1398 350 1432 quum
369 1388 524 1422 Cizensis
558 1389 641 1421 liber
661 1387 786 1421 habeat
804 1381 830 1430 ἥ
853 1385 888 1420 εἰ
912 1384 975 1420 καὶ
997 1385 1033 1419 εἰ
1046 1386 1221 1427 τραφεῖεν
1235 1409 1244 1426 ,
1279 1394 1395 1417 verum
1418 1383 1552 1416 videtur

155 1445 246 1488 quod
276 1456 338 1479 uos
363 1444 605 1489 reposuimus)
635 1439 998 1487 παρενθυμηθέντας
1018 1438 1108 1480 τοὺς
1136 1437 1276 1484 γάμους
1295 1435 1441 1483 φύρδην
1460 1433 1550 1472 άνα-

154 1500 293 1544 μίξειν·
321 1495 392 1543 ἐφ’
414 1494 466 1535 ὧν
485 1500 624 1544 φαῦλοι
647 1497 840 1544 γενόμενοι
863 1498 899 1533 οἱ
922 1497 1065 1543 ἔγγονοι
1089 1492 1180 1542 ἆρχή
1207 1493 1368 1535 στάσεως
1386 1495 1448 1529 καὶ
1470 1496 1551 1529 δια-

155 1558 277 1601 φορᾶς
293 1558 338 1604 τῇ
358 1554 530 1603 συμπάσῃ
551 1557 722 1604 πολιτείᾳ
744 1552 974 1600 γενήσονται,
1021 1558 1120 1593 Quae
1138 1555 1263 1589 deinde
1285 1554 1438 1597 disputat
1459 1554 1550 1587 lam-

153 1615 285 1649 blichus
316 1625 424 1659 usque
456 1615 499 1649 ad
531 1627 562 1658 p.
587 1615 664 1649 123.
695 1616 738 1649 ad
762 1615 906 1649 eandem
931 1614 1168 1657 quaestionem
1188 1612 1403 1655 spectantia,
1435 1621 1550 1644 eorum

152 1683 320 1706 summam
340 1673 462 1706 Ismael
492 1672 680 1706 Bullialdus
708 1674 741 1706 in
762 1674 829 1705 fine
852 1671 1006 1705 Theonis
1031 1669 1216 1715 Smyrnaei
1237 1669 1280 1702 ab
1308 1679 1347 1701 se
1375 1668 1459 1701 editi
1477 1668 1550 1700 Lu-

155 1733 218 1764 tet.
234 1730 346 1764 Paris.
362 1729 607 1763 MDCXLIIII.
632 1729 809 1773 proposuit
827 1727 936 1761 hanc:

437 1787 468 1820 1.
498 1782 531 1819 4.
590 1784 624 1818 9.
659 1788 712 1819 16.
743 1786 799 1819 525.
829 1785 886 1818 36.
917 1781 972 1817 49.
1004 1778 1060 1816 64.
1092 1781 1148 1816 81.
1183 1782 1260 1816 100.

432 1842 467 1877 2.
499 1843 532 1877 6.
564 1842 620 1875 192.
650 1842 706 1875 ΞΟ.
739 1840 797 1876 30.
827 1839 885 1874 49.
917 1841 975 1874 56.
1006 1839 1062 1872 72.
1092 1839 1149 1875 90.
1184 1838 1261 1871 110.

155 1897 379 1932 Sintnumeri
406 1898 463 1931 isti
493 1899 639 1942 expositi
674 1898 869 1941 superiores
902 1896 1060 1940 quadrati
1089 1896 1132 1928 ab
1153 1895 1303 1936 unitate,
1335 1889 1550 1938 (inferiores)

156 1957 265 1989 altera
294 1958 394 1998 parte
418 1956 591 1998 longiores
617 1956 636 1988 a
666 1955 814 1990 binario.
875 1953 1105 1988 Conferantur
1131 1952 1221 1985 inter
1252 1962 1289 1984 se
1312 1951 1344 1985 2.
1368 1951 1411 1984 ad
1436 1951 1465 1984 1.
1487 1951 1551 1984 du-

154 2013 254 2056 plus,
286 2015 321 2045 et
357 2012 457 2046 radix
486 2012 628 2046 rationis
656 2011 798 2054 duplae3
828 2011 860 2045 6.
889 2011 932 2044 ad
954 2008 987 2044 4.
1014 2009 1236 2052 sesquialter,
1269 2007 1323 2041 12.
1344 2008 1387 2040 ad
1423 2006 1455 2040 9.
1476 2018 1550 2040 ses-

156 2069 359 2111 quitertiuS,
387 2075 422 2102 et
458 2070 508 2102 sic
538 2068 790 2113 progrediendo
815 2069 969 2102 rationes
989 2066 1318 2110 superparticulares
1337 2064 1552 2098 invenientur

155 2126 289 2159 unitate
323 2136 361 2159 se
385 2130 589 2170 superantes
613 2126 871 2168 sesquiquarta,
899 2123 1156 2167 sesquiquinta,
1188 2126 1223 2155 et
1249 2122 1348 2155 aliae.
1418 2121 1552 2155 Deinde

158 2183 349 2226 comparati
378 2184 508 2216 numeri
534 2183 634 2216 unius
656 2183 785 2216 ordinis
803 2182 893 2215 inter
912 2192 971 2223 se,
1001 2180 1217 2214 inveniuntur
1235 2178 1394 2221 quadrati
1413 2178 1552 2211 differre

158 2239 179 2272 ὸ,
197 2249 235 2272 se
254 2240 397 2273 invicem
418 2240 604 2283 imparibus
621 2240 640 2273 a
659 2239 810 2273 ternario
840 2239 1002 2272 continua
1019 2237 1108 2270 serie
1125 2236 1298 2278 acceptis3
1328 2235 1433 2268 altera
1452 2239 1552 2278 parte

155 2296 331 2338 longiores
350 2297 488 2339 paribus
516 2297 678 2330 continua
699 2297 803 2330 etiam
833 2296 922 2329 serie
942 2296 962 2328 a
981 2293 1202 2337 quaternario
1224 2291 1376 2335 acceptis
1400 2292 1551 2325 differre.

156 2352 383 2386 Differentiae
415 2354 558 2387 duorum
587 2355 696 2387 altera
728 2357 827 2396 parte
856 2352 1048 2395 longiorum
1075 2351 1118 2384 ad
1149 2349 1377 2383 differentiam
1407 2349 1551 2382 duorum

156 2410 402 2452 quadratorum
423 2407 552 2457 (ratio)
574 2414 626 2444 est
644 2410 911 2453 superpartiens,
938 2408 1061 2453 (immo
1083 2406 1415 2450 superparticularis.
1460 2406 1552 2439 Iam-

156 2465 288 2499 blichus
322 2478 356 2510 p.
382 2467 470 2501 118:
503 2463 637 2510 ἑκάστη
660 2462 827 2509 διαφορὰ
845 2464 921 2498 τῶν
940 2459 1130 2507 ἀνομοίων
1157 2457 1298 2495 σύνδυο
1318 2457 1551 2506 λαμβανομέ-

157 2533 235 2555 νων
274 2518 372 2564 πρὸς
401 2518 472 2567 τήν
505 2520 695 2566 διαφορὰν
727 2541 783 2547 --
815 2524 916 2566 vulgo
943 2531 1123 2566 perperam
1155 2513 1362 2562 ὁμοιότητα
1391 2538 1447 2543 -
1477 2517 1553 2552 τῶν

158 2572 303 2621 ὁμοίων
323 2576 435 2621 λόγον
466 2576 535 2620 ἕξει
565 2573 793 2624 ἐπιμόριον.)
825 2580 884 2614 sed
906 2580 1059 2613 rationes
1079 2579 1157 2610 illae
1175 2580 1307 2611 tantum
1326 2577 1465 2610 nomina
1487 2577 1552 2610 im-

158 2636 255 2680 paria
276 2635 414 2671 liabent.
470 2639 575 2672 Verbi
603 2638 714 2681 gratia
740 2637 900 2671 differunt
921 2636 953 2668 2.
974 2640 1008 2668 et
1030 2635 1062 2669 6.
1080 2634 1319 2678 quaternario,
1350 2637 1386 2667 et
1404 2633 1434 2666 1.
1461 2637 1496 2667 et
1517 2630 1550 2666 4.

158 2693 331 2734 ternari03
362 2704 445 2736 ergo
475 2694 667 2729 differentia
685 2690 718 2727 4.
754 2694 798 2727 ad
819 2693 1045 2727 differentiam
1065 2691 1097 2725 3.
1118 2695 1171 2725 est
1192 2680 1421 2734 sesquitertia.
1481 2689 1552 2724 Sex

159 2752 195 2783 et
214 2751 268 2784 12.
289 2750 449 2783 differunt
467 2750 499 2785 6.
559 2753 718 2787 Quatuor
739 2755 773 2784 et
792 2750 825 2785 9.
845 2751 1007 2784 differunt
1026 2749 1059 2783 5.
1080 2758 1164 2791 ergo
1181 2748 1271 2781 ratio
1284 2747 1498 2780 differentiae
1519 2747 1551 2780 6.

159 2805 205 2840 ad
237 2806 464 2840 differentiam
485 2807 517 2842 5.
539 2809 591 2842 est
623 2808 876 2850 sesquiquinta,
907 2810 943 2840 et
975 2806 1026 2839 sic
1054 2805 1228 2848 deinceps.
1296 2804 1364 2839 Qui
1392 2804 1411 2836 ἐι
1441 2803 1550 2847 primo

159 2862 258 2896 simili
286 2874 347 2897 seu
377 2864 545 2907 quadrato
571 2862 604 2899 4.
627 2868 863 2908 generantur,
894 2873 1013 2898 omnes
1044 2863 1172 2896 similes
1201 2865 1238 2895 et
1270 2861 1431 2904 quadrati
1458 2864 1551 2908 sunt,

1192 2923 1273 2965 02
