1764 3176
284 109 341 148 6⁰

741 96 1212 142 PLATONIS

218 218 255 260 Β
280 213 340 258 ‘H
360 212 405 257 δὲ
427 210 662 267 συγγνώμη
686 211 760 254 καὶ
791 208 893 254 οὐδ’
925 209 1176 254 ὁπωστιοῦν
1205 207 1487 263 σμικρολογία
1518 203 1664 261 αὐτῆς,

281 280 389 326 ἀλλὰ
428 279 754 335 καταφρόνησις
782 273 845 322 ὧν
874 276 992 335 ἡμεῖς
1026 277 1223 333 ἐλέγομεν
1253 273 1563 330 σεμνύνοντες,
1596 272 1667 316 ὅτε

280 350 360 406 τὴν
387 347 518 392 πόλιν
549 346 776 404 ᾠκίζομεν,
815 345 875 398 ὥς
914 348 950 390 εἰ
993 346 1049 403 μή
1080 363 1144 397 τις
1171 342 1548 400 ὑπερβεβλημένην
1580 339 1665 394 φύ-

284 508 431 563 priorem
463 506 554 540 illam
578 505 629 540 ita
651 507 782 551 probo,
818 510 859 540 ut
887 519 948 551 ge-

282 554 410 588 nit‘wos
465 550 679 596 ἀνθρώπων
733 558 950 596 καταψηφι

284 598 452 635 σθέντων
489 598 616 644 aliquid
653 599 697 632 ad
730 599 856 632 alteios
888 599 949 632 ad-

286 646 477 680 sciscendos
501 644 660 678 momenti
685 644 865 685 habuisse,
892 656 950 676 ce-

284 698 395 725 terum
420 692 521 724 etiam
544 690 683 723 remotis
714 690 780 723 illis
809 691 870 723 hos
894 690 949 722 ni—

286 738 355 772 hilo
381 738 488 771 minus
513 736 665 790 potuisse
689 736 768 780 poni
792 741 827 769 et
849 732 949 769 εἶδον

275 781 414 818 ἀὐτῶν
438 780 624 826 μενόντων
648 782 721 815 vidi
746 794 801 815 eos
830 793 951 814 mane-

287 842 326 864 re
358 829 475 863 eodem
507 828 625 869 modo,
659 839 725 872 quo
751 824 836 861 οἶδα
858 829 952 870 θνη-

289 873 355 914 τὸς
389 870 441 908 ὦν
475 875 543 906 scio
577 885 631 907 me
666 876 846 906 mortalem
881 883 952 906 esse

289 921 341 965 sig
343 921 482 954 nificare
506 919 703 953 existimem.
723 919 863 952 Scilicet
886 929 952 951 non

290 966 464 1009 indicato,
499 966 560 998 sed
595 965 717 998 lectori
751 965 795 998 ad
829 964 952 997 intelli-

291 1012 436 1057 gendum
460 1011 577 1044 relicto
601 1022 689 1044 nexu
710 1010 878 1044 obiectivo
903 1009 951 1050 id,

292 1059 383 1103 quod
407 1058 575 1091 obiectum
599 1063 670 1098 est,
694 1068 756 1101 per
783 1056 953 1101 genitivos

291 1104 463 1138 absolutos
501 1107 671 1147 tamquam
707 1113 768 1147 per
803 1114 840 1135 se
872 1113 953 1134 con-

290 1157 406 1191 stans,
430 1161 492 1194 per
523 1149 743 1182 nominativos
776 1154 814 1182 ut
838 1147 953 1181 subie-

291 1202 347 1231 cto
370 1196 550 1230 inhaerens
572 1194 785 1250 proponitur,
810 1205 876 1247 quo
901 1193 954 1234 fit,

291 1248 330 1276 ut
363 1242 421 1287 qui
458 1238 558 1275 εἶδον
599 1240 726 1274 αὐτῶν
765 1237 953 1286 μενόντων

291 1288 400 1328 dicit,
426 1287 524 1320 simul
548 1298 606 1320 eos
631 1297 788 1327 manere,
819 1285 876 1330 qui
902 1287 953 1318 οἱ-

293 1334 342 1368 δα
373 1331 517 1377 θνητὸς
551 1328 625 1375 ω“ν,
666 1332 764 1365 simul
797 1343 834 1364 se
878 1341 954 1364 esse

291 1380 468 1414 mortalem
492 1380 625 1412 doceat.
660 1378 738 1412 Non
763 1377 865 1411 aliter
886 1376 955 1417 illa,

293 1438 382 1471 quae
406 1425 582 1459 Seidlerus
612 1424 702 1468 apud
725 1424 954 1456 Hermannum

293 1472 338 1506 ad
363 1472 467 1517 Soph.
493 1471 620 1505 Trach.
645 1472 726 1506 393.
755 1480 954 1502 commemo—

291 1523 369 1560 rat,
415 1517 613 1562 accipienda
653 1521 714 1550 aut
746 1520 891 1560 accepta
934 1525 955 1546 a

292 1564 366 1598 viro
390 1563 582 1597 doctissimo
604 1568 699 1607 puto,
730 1573 840 1606 neque
865 1571 956 1594 com-

294 1610 475 1644 modiorem
511 1609 574 1642 hac
617 1608 716 1641 video
751 1606 954 1659 explicatio-

294 1668 371 1690 nem
398 1655 466 1689 loci
489 1655 642 1698 Ειιιιιμι.
669 1667 700 1698 p.
725 1654 804 1689 285.
830 1653 872 1686 E.
898 1651 956 1685 ubi

294 1708 474 1747 postquam
520 1701 774 1745 Dionysodorus
821 1704 957 1732 contra-

295 1748 362 1781 dici
394 1759 511 1802 pqsse
528 1751 733 1790 negaverat,
772 1745 956 1801 Ctesippus

297 1790 390 1827 ἀλλὰ
416 1790 611 1836 οἷκούωμεν
635 1793 724 1835 νῦν,
758 1792 889 1845 inquit,
924 1789 962 1823 εἴ

297 1849 358 1874 σοι
411 1837 654 1880 ἀποδείκνυμι
703 1818 957 1880 ἀντιλέγοντος

295 1885 517 1930 Κτησίππου
552 1881 834 1928 Διονυσοδωρῳ.
884 1882 958 1916 Νο-

297 1937 404 1985 strum
428 1934 559 1972 tamen,
581 1942 624 1964 ne
643 1930 725 1975 quid
744 1918 957 1969 dissimulem,

297 1977 405 2022 magis
429 1978 632 2033 probarem,
668 1976 697 2009 si
720 1976 772 2009 ita
795 1974 957 2028 sciiptum

298 2029 406 2058 esset.
441 2019 464 2067 ἢ
491 2018 596 2057 οὔπω
621 2019 716 2061 εἶδες
739 2019 778 2055 ἐν
802 2017 957 2064 τοιαύτῃ

297 2069 465 2116 πολιτείᾳ
499 2066 723 2124 ἀνθρώπων
746 2072 959 2120 καταψηφι-

299 2104 466 2150 σθέντων
500 2112 675 2149 θανάτου
699 2110 723 2158 ἢ
753 2113 872 2167 φυγῆς
897 2108 958 2145 οὗ·

299 2159 362 2196 δεν
391 2156 508 2205 ἧττον
542 2157 662 2195 αὐτοῦ
696 2157 883 2216 μενόντων
920 2168 959 2190 τε

296 2207 360 2243 καὶ
387 2205 721 2251 ἀναστρεφομένων
739 2203 777 2239 ἐν
794 2204 959 2250 pasegu—3

297 2257 410 2299 Atque
450 2254 502 2287 ita
536 2254 676 2286 Ficinus
714 2252 962 2296 interpretatus

299 2306 372 2335 est.
407 2312 453 2333 an
486 2301 635 2333 nondum
668 2301 734 2333 hac
762 2299 798 2331 in
824 2297 962 2330 civitate

298 2347 418 2380 vidisti
443 2347 594 2379 homines
629 2351 737 2379 morte
763 2345 818 2377 vel
846 2343 962 2376 exsilio

299 2393 540 2427 condemnatos
565 2393 672 2425 nihilo
703 2391 814 2424 minus
845 2390 962 2423 urbem

299 2440 444 2473 incolere
483 2451 524 2471 ae
559 2439 697 2482 prodire
732 2439 768 2471 in
797 2436 958 2475 medium,

301 2490 335 2520 et
362 2496 490 2528 saepe,
518 2486 618 2529 quasi
648 2496 745 2517 nemo
773 2484 811 2516 id
841 2482 961 2515 videat

303 2537 364 2566 aut
402 2536 516 2570 curet,
560 2532 668 2564 instar
703 2531 844 2563 heroum
878 2540 962 2572 quo—

301 2578 451 2611 rundam
463 2588 526 2621 per
543 2578 656 2611 urbem
678 2574 861 2610 incedere?
881 2574 961 2607 Adi.

310 2625 335 2657 l
331 2625 389 2658 idi
416 2635 455 2667 eq
458 2623 572 2656 uidem
600 2623 734 2656 multos.

349 2636 561 2723 συγγνώμη]
586 2668 681 2712 ξυγγ.
708 2670 789 2702 Bas.
800 2668 833 2700 b.
853 2666 963 2709 (Ast)

306 2726 364 2750 σοι
386 2727 511 2760 γνωμη
538 2716 615 2749 Vat.
636 2716 674 2748 B.
700 2726 721 2748 a
739 2726 782 2748 m.
797 2725 824 2747 5.
849 2718 884 2746 et
902 2723 963 2756 pro

306 2774 339 2795 v.
366 2762 387 2796 l.
419 2762 504 2797 Ven.
539 2762 577 2796 B.
622 2760 715 2795 Idem
749 2761 833 2794 Ven.
858 2758 897 2792 B.
930 2763 965 2792 et

1005 506 1081 540 Ald.
1124 506 1202 539 Bas.
1239 505 1293 538 ab.
1342 503 1462 548 steph.
1505 502 1576 535 Ast.
1619 498 1665 535 οὗ

1005 552 1157 596 γενναία
1201 551 1301 595 (Ald.
1326 551 1405 583 Bas.
1430 550 1484 582 ab.
1513 550 1587 581 Ast.
1613 558 1665 591 pr.

1005 600 1175 642 γενναῖα)
1215 597 1362 630 additun
1398 596 1544 635 habent,
1577 593 1668 638 quod

1005 656 1071 678 non
1097 643 1249 684 aliunde,
1275 643 1337 676 nisi
1361 654 1403 676 ex
1417 640 1587 674 Adimanti
1611 650 1667 672 le-

1006 701 1130 734 sponso
1173 690 1215 722 ad
1253 689 1450 732 explendam
1483 686 1669 719 orationem

1007 735 1217 769 Socraticam
1250 735 1390 778 petitum
1424 733 1572 765 videtur.
1623 731 1669 764 Et

1007 782 1072 815 hoc
1111 780 1245 825 quidem
1276 780 1350 813 loco
1381 780 1542 812 insertum
1571 777 1668 817 facit,

1008 831 1047 860 ut
1094 838 1182 870 quae
1217 825 1376 869 deinceps
1410 824 1535 857 dicitur
1576 819 1666 856 ουδ’

1010 869 1220 907 ὁπωστιοῦν
1263 869 1497 914 σμικρολογία
1540 866 1668 912 αὐτῆς,

1008 930 1074 951 ιιοιι
1101 929 1163 962 pro
1186 917 1359 958 subiecto,
1390 917 1448 949 sed
1482 927 1543 960 pro
1568 926 1670 959 prae-

1008 965 1121 997 dicato
1146 964 1252 996 altero
1270 963 1467 1007 accipienda
1484 961 1540 1002 sit,
1552 972 1670 1006 quem-

1009 1009 1186 1044 admodum
1221 1008 1353 1052 accepit
1385 1008 1579 1052 Stephanus
1608 1018 1669 1041 an-

1010 1060 1080 1089 not.
1105 1057 1204 1099 p 26.
1228 1054 1348 1087 Ficino
1371 1053 1534 1087 immerito
1557 1053 1670 1098 quoad

1010 1102 1096 1135 haec
1135 1101 1341 1145 reprehenso
1381 1101 1446 1133 hoc
1485 1099 1671 1143 significari

1010 1146 1213 1181 ostendens:
1243 1147 1342 1188 Quod
1366 1147 1448 1180 talis
1477 1146 1577 1179 venia
1599 1145 1670 1178 illis

1011 1195 1124 1233 detur,
1150 1194 1186 1226 id
1206 1204 1274 1225 ποη
1286 1193 1372 1235 fieri
1389 1197 1485 1226 certa
1506 1192 1670 1236 quapiam

1012 1241 1055 1273 de
1085 1251 1210 1278 causa,
1236 1240 1390 1272 omnibus
1406 1239 1579 1272 rationum
1598 1250 1671 1271 mo-

1011 1286 1134 1319 mentis
1157 1285 1328 1318 subtiliter
1354 1285 1526 1328 expensis,
1551 1285 1612 1318 sed
1630 1296 1670 1318 ea:

1012 1336 1205 1374 contemptu
1231 1342 1346 1364 eorum
1366 1343 1454 1374 quae
1480 1332 1575 1364 dicta
1587 1333 1671 1373 fue-

1010 1383 1091 1412 runt
1117 1383 1184 1411 etc.
1233 1377 1328 1410 Haec
1357 1388 1438 1410 vero
1462 1376 1671 1420 interpreta-

1010 1425 1058 1457 tio
1090 1434 1211 1476 neque
1234 1434 1295 1467 per
1328 1434 1364 1456 se
1397 1422 1583 1467 probabilis
1605 1427 1671 1463 est,

1011 1481 1113 1515 quum
1155 1468 1214 1513 qui
1252 1469 1384 1503 veniam
1436 1469 1496 1502 dat
1538 1468 1672 1502 delictis

1011 1516 1168 1568 profecto
1198 1526 1264 1548 non
1296 1526 1381 1559 opus
1416 1515 1461 1548 sit
1492 1517 1530 1547 ut
1553 1516 1596 1548 ob
1620 1515 1672 1547 ni-

1012 1561 1113 1595 miam
1137 1560 1349 1605 diligentiam
1372 1561 1406 1593 id
1429 1562 1545 1594 facere
1568 1572 1673 1614 nege-

1011 1613 1090 1650 tui,
1121 1619 1230 1651 neque
1254 1607 1370 1640 verbis
1402 1603 1426 1650 ἦ
1451 1604 1490 1641 δὲ
1516 1604 1672 1650 συγγνώ-

1013 1666 1062 1697 μη
1098 1665 1221 1687 novam
1251 1652 1349 1686 huius
1381 1652 1533 1687 civitatis
1563 1653 1673 1686 virtu-

1014 1706 1082 1733 tem
1118 1699 1344 1733 indicantibus
1383 1699 1470 1733 satis
1504 1698 1674 1740 convenit,

1014 1758 1078 1780 nec
1101 1745 1248 1790 denique
1280 1757 1355 1778 cum
1388 1745 1607 1790 sequentibus
1631 1745 1673 1778 ab

1013 1793 1071 1825 illa
1102 1792 1241 1825 lenitate
1273 1803 1356 1835 erga
1380 1791 1555 1824 damnatos
1583 1790 1673 1824 haud

1014 1837 1116 1871 dubie
1140 1837 1260 1870 alienis
1280 1837 1452 1870 conciliari
1465 1841 1592 1882 potest.
1615 1837 1675 1870 Al-

1014 1890 1089 1918 tero
1115 1888 1226 1916 autem
1251 1883 1336 1924 loco,
1356 1883 1414 1928 qui
1432 1883 1543 1927 paullo
1563 1882 1675 1926 aptior

1016 1934 1111 1970 erat,
1147 1933 1226 1973 post
1259 1926 1306 1962 τά
1346 1929 1505 1962 τοιαῦτα
1536 1927 1674 1971 πάντα,

1015 1975 1094 2009 nihil
1128 1975 1197 2008 tale
1229 1975 1359 2019 uspiam
1391 1975 1556 2008 insertum
1588 1974 1676 2018 legi-

1015 2027 1083 2055 tur.
1138 2020 1280 2054 Reiecto
1324 2021 1429 2065 igitur
1473 2021 1676 2064 glossemate

1016 2068 1192 2101 Socratem
1216 2067 1300 2100 haec
1324 2067 1434 2100 omnia
1468 2078 1532 2100 uno
1556 2069 1675 2100 tenore

1016 2113 1194 2147 Adimanto
1220 2113 1464 2146 consideranda
1489 2118 1593 2166 atque
1617 2124 1674 2146 ae-

1015 2159 1181 2193 stimanda
1204 2170 1393 2203 proponere
1425 2164 1462 2192 et
1490 2157 1676 2192 orationem

1019 2217 1092 2238 cum
1115 2204 1382 2249 interrogatione
1397 2205 1580 2238 terminare
1603 2210 1674 2238 sta—

1018 2256 1100 2293 tuo,
1133 2251 1230 2294 quasi
1267 2251 1325 2295 qui
1355 2251 1452 2284 initio
1486 2262 1552 2284 ιιοιι
1584 2247 1674 2294 ηδὲ

1019 2295 1232 2341 συγγνώμη,
1257 2297 1318 2330 sed
1342 2296 1652 2353 quemadmodum
1644 2308 1678 2329 ιιι

1018 2343 1161 2388 proximi
1195 2344 1356 2376 sermonis
1388 2343 1544 2387 ingressu
1578 2342 1615 2376 τί
1638 2339 1679 2375 δὲ

1019 2387 1042 2433 ἦ
1087 2386 1276 2433 συγγνώμη
1316 2389 1478 2431 dixisset,
1530 2389 1586 2422 eui
1625 2380 1680 2421 ille

1019 2433 1118 2469 πάνυ
1143 2446 1181 2479 γε
1203 2436 1356 2478 γενναία
1380 2447 1426 2469 sc.
1447 2432 1522 2468 ἐστί
1539 2446 1679 2479 iespon-

1017 2482 1086 2515 det.
1154 2481 1243 2515 Nam
1278 2493 1484 2535 responsum
1505 2482 1569 2514 hoc
1604 2491 1680 2513 esse

1015 2528 1144 2573 liquet,
1175 2527 1320 2572 ideoque
1345 2528 1389 2561 ad
1411 2524 1551 2571 πλήθει
1571 2527 1679 2560 inter—

1017 2554 1160 2617 rogandi
1190 2573 1322 2627 signum
1353 2573 1483 2608 addidi.
1524 2573 1608 2606 Post
1630 2566 1677 2604 τὰ·

1017 2620 1176 2654 τοιαῦτα
1207 2617 1332 2654 πάντα
1361 2631 1464 2660 vero,
1495 2619 1553 2652 ubi
1575 2617 1680 2651 Aldus

1019 2667 1141 2700 nullam
1164 2666 1484 2710 interpunctionem,
1507 2665 1624 2698 Astius
1646 2663 1678 2697 in

1021 2723 1070 2757 pr.
1096 2712 1209 2753 colon,
1240 2712 1274 2744 in
1297 2723 1366 2746 sec.
1399 2715 1433 2745 et
1466 2716 1545 2744 tert.
1569 2709 1680 2743 inter-

1021 2757 1206 2803 rogationis
1252 2762 1384 2800 notam,
1433 2757 1611 2791 Bekkerus
1645 2761 1680 2789 et
