1764 3176
471 167 792 211 CIVITAS
838 169 962 211 LIB.
995 168 1052 210 X.
1083 172 1150 207 599

1407 172 1492 212 207

111 281 210 336 περὶ
247 280 324 333 τοὶς
352 279 487 332 ἄλλοις
514 278 672 338 τέχνας
709 280 871 332 αὐτούς
904 282 1156 337 ἐρωτῶμεν,
1197 279 1296 325 ἀλλ’
1331 280 1490 337 ἐῶμεν·

111 351 212 405 περὶ.
235 349 284 393 δὲ
313 344 377 393 ὧν
406 344 622 405 μεγίστων
655 366 698 394 τε
733 350 807 392 καὶ
843 351 1084 392 καλλίστων
1121 349 1328 406 ἐπιχειρεῖ
1354 349 1494 407 λέγειν

99 417 319 474 ’Ἤθμηρομ
347 416 551 474 πολέμων
587 430 631 462 τε
668 419 767 471 πέρι
796 417 869 459 καὶ
899 422 1175 474 στρατηγιῶν
1215 419 1289 461 καὶ
1323 418 1493 475 διοική-

109 496 222 528 σεων
255 483 428 528 πόλεων
455 487 529 528 καὶ
558 487 758 535 παιδείας
789 485 888 537 πὲρι
920 483 1176 566 ἀνθρώπου,
1212 487 1385 530 δίκαιόν
1403 504 1493 531 που
1518 491 1557 533 D

107 551 276 608 ἐρωτᾶν
324 551 480 596 αὐτὸν
501 551 894 608 πυνθανομέιους·

917 553 969 594 ’ὥ
1009 553 1107 617 φίλε
1135 551 1325 609 Όμηρε,
1376 557 1494 610 εἴπερ

105 618 164 675 μὴ
206 621 357 674 τρίτος
407 619 493 665 ἀπὸ
543 626 618 678 τῆς
665 619 899 676 ἀληθείας·
923 618 964 662 εἶ
1008 620 1163 677 α’ρετῆς
1209 623 1327 676 πέρι,
1369 623 1494 665 εἰδώ-

106 691 189 730 λου
226 688 520 745 δημιουργὸς,
572 689 627 733 ὃν
688 687 740 744 δη
781 687 982 744 μιμητὴν
1036 687 1319 744 ὡρισάμεθα,

1385 690 1492 734 ἄλλα

105 756 178 800 καὶ
234 756 459 810 δεύτερος,
507 757 591 800 καὶ
646 754 740 808 οἶός
793 771 838 798 τε
890 750 1010 811 ἦσθα
1060 757 1341 813 γιγνώσκειν,
1385 763 1493 802 ποῖα

105 903 196 938 bium
220 909 274 939 est
296 905 376 950 quin
400 905 448 939 ita
473 906 686 940 scribendum
711 905 767 947 sit,

106 962 208 995 quum
240 951 341 984 etiam
378 952 479 1007 paulo
521 957 599 997 post
635 953 769 985 dicatur

105 995 296 1031 παιδεύειν
329 993 567 1038 ἀνθρώπους.
580 1000 603 1018 “
645 998 767 1052 Steph.

107 1046 219 1076 annot.
244 1055 276 1088 p.
301 1045 357 1078 27.
405 1046 519 1084 Quum
551 1041 768 1088 ἀνθρώπων

106 1088 259 1123 παιδεία
282 1101 363 1134 pars
386 1101 462 1123 esse
485 1091 694 1135 reipublicae
719 1090 768 1122 vi

107 1135 180 1168 deri
218 1140 335 1180 posset
367 1147 408 1170 ea
439 1136 597 1170 instituta
621 1136 768 1180 comple-

107 1183 223 1222 ctens,
258 1192 348 1226 quae
377 1182 492 1226 paullo
525 1186 604 1226 post
632 1181 768 1227 publice

106 1226 266 1260 dicuntur
289 1228 438 1261 homines
461 1229 618 1261 meliores
637 1229 691 1262 vel
708 1229 768 1260 de-

106 1273 252 1306 teriores
283 1274 404 1307 redde'i
391 1287 449 1315 e,
483 1274 648 1308 Socrates
679 1274 711 1306 h.
745 1273 767 1322 1.

107 1318 280 1363 privatam
311 1319 541 1353 educationem
578 1320 621 1354 ad
650 1318 768 1363 singu—

104 1365 195 1398 lares
237 1365 388 1399 homines
429 1365 653 1410 pertinentem
694 1366 768 1399 sine

105 1411 327 1455 ambiguitate
345 1411 598 1454 significaturus
619 1417 654 1445 et
671 1412 768 1445 simul

104 1457 235 1491 numeri
258 1457 549 1512 aequabilitatem,
566 1462 605 1492 ut
622 1459 657 1492 in
677 1458 770 1491 διοι-

104 1501 246 1557 κήσεων
276 1501 442 1546 πόλεων,
476 1508 674 1538 servaturus
704 1501 767 1536 οἷν-

104 1550 156 1592 θρ
159 1546 266 1583 ω’που
297 1529 473 1582 παιδείαν
497 1551 612 1583 dicere
635 1550 767 1591 maluit,

105 1594 226 1628 deinde
259 1595 319 1639 (p.
347 1598 425 1630 600.
455 1595 526 1639 C.)
559 1607 768 1629 communem

105 1640 265 1685 loquendi
289 1652 385 1674 usum
411 1647 548 1674 secutus
573 1646 637 1675 est.

145 1684 468 1730 πυνθανομένους]
479 1686 769 1730 πυνθανομένου

105 1732 206 1768 Vind
224 1733 263 1767 F.
281 1731 569 1788 πυνθανόμενος
589 1734 680 1788 ljloz.
702 1735 742 1766 V.

152 1791 181 1812 ω
214 1778 297 1822 φίλε
313 1774 456 1822 Ὀμηρε
481 1799 527 1804 —-
559 1777 627 1823 οὐχ
656 1776 767 1812 ἅπτε-

106 1825 198 1858 σθαι
228 1825 308 1859 600.
338 1825 380 1858 E.
394 1825 406 1868 ]
448 1825 566 1858 laudat
598 1826 767 1859 Aristides

104 1871 150 1905 'l.
172 1871 215 1903 11.
241 1883 273 1915 p.
292 1870 371 1905 431.
395 1882 471 1915 sqq.
498 1871 598 1907 Dind.
617 1892 662 1896 —
685 1872 768 1915 φίλε

105 1929 171 1951 om.
197 1915 297 1951 Vind.
319 1916 364 1950 E.

152 1962 274 2007 εἴπερ]
319 1974 384 1996 om.
425 1962 585 1997 Aristidis
633 1965 767 1998 codices

103 2008 210 2043 Laur.
233 2008 274 2041 C.
299 2008 421 2043 Baroc.
446 2008 490 2043 D.
515 2009 611 2044 Bodl.
645 2011 768 2055 (supe-

103 2059 177 2088 rest
197 2054 287 2087 inter
308 2066 379 2096 eos,
396 2065 482 2100 quos
495 2055 691 2090 Dindorfius
708 2057 771 2090 ad-

102 2100 225 2141 hibuit,
251 2111 338 2134 unus
363 2101 473 2144 Mon.)

150 2146 298 2190 τρίτος]
333 2147 410 2180 Huc
437 2147 593 2192 respexit
615 2148 767 2182 Iustinus

104 2192 155 2226 M.
179 2192 324 2226 Paraen.
356 2205 392 2238 p.
421 2195 454 2229 6.
487 2194 528 2226 C.
564 2198 685 2228 testem
723 2196 766 2228 ab

105 2237 290 2271 Aristotele
324 2242 443 2294 conti-‚a
465 2240 640 2274 Platonem
664 2240 766 2274 citari

104 2283 220 2317 dicens
253 2281 322 2319 τὸν
354 2281 434 2319 ὑπ’
452 2281 573 2319 αὐτοῦ
607 2286 674 2340 τῆς
697 2298 765 2320 πο-

104 2329 242 2368 λιτείας
248 2326 495 2386 ἐκβληθέντα
525 2327 577 2371 (ἇς
599 2330 765 2385 ψεύστην

104 2374 168 2409 καὶ
195 2375 322 2420 τρίτον
352 2376 428 2410 τῶν
465 2374 540 2411 απὸ
575 2377 646 2433 τῆς
676 2375 765 2435 άλη-

103 2421 216 2462 θείας
241 2420 422 2477 εἰδώλων,
457 2419 527 2462 τός
529 2420 652 2462 αυτὸς
680 2422 764 2469 ε’φη,

105 2465 266 2512 μιμητὴν
297 2464 391 2502 ὄντα
406 2465 586 2513 Ι”.Ομηρον
621 2466 656 2502 et
679 2471 766 2504 Pro-

106 2512 177 2547 cius
204 2513 239 2547 in
265 2513 490 2571 Oivsp.368‚
505 2516 563 2550 15:
591 2513 610 2549 6
629 2513 667 2550 ἐν
687 2517 765 2550 Πο-

106 2558 222 2606 λιτείᾳ
245 2559 369 2603 τρίτος
393 2557 470 2594 ἀπὸ
493 2562 558 2604 τῆς
585 2559 765 2605 ἀληθείας

106 2594 352 2648 δεικνύμενος.
401 2607 454 2641 cf.
472 2606 519 2641 ib.
539 2619 578 2665 p.
590 2608 679 2643 405:
708 2606 765 2642 ε’ν-

104 2651 235 2685 ταῦθα
248 2650 307 2708 δὴ
338 2650 469 2687 λοιπὸν
497 2649 642 2698 ε’πιρῤεῖ
670 2666 765 2688 παν-

105 2697 220 2730 τοίων
240 2695 453 2755 ἐρωτήσεων
475 2699 634 2758 πλῆθοέ,
659 2700 765 2740 τίνας

108 2739 326 2778 ἐπαίδευσεν
348 2742 537 2801 Όμηρος,
577 2745 679 2788 εἴπερ
714 2744 763 2791 μή

104 2788 264 2849 μιμητὴς
284 2788 424 2833 μόνον,
449 2787 541 2824 ἀλλὰ
567 2791 630 2825 καὶ
659 2792 764 2836 δημι-

107 2832 239 2880 ονργὸς
265 2837 438 2877 παιδείας
468 2834 657 2882 ἀληθοῦς,
690 2839 765 2873 τίσι

825 903 901 937 τῶν
931 902 1076 938 πόλεων
1108 903 1217 940 εθετο
1245 905 1403 964 νόμους,
1435 908 1491 947 τίς

826 948 986 992 πόλεμος
1005 949 1057 984 δι’
1079 964 1133 985 εκε
1139 955 1219 986 ῖνον
1241 951 1410 1008 ἐπράχθη
1427 966 1491 988 κα-

825 996 1014 1038 λῶς,τίνες
1035 997 1114 1031 ἰδία
1135 999 1201 1042 τῆς
1219 996 1383 1056 Ομήρου
1404 1012 1490 1034 παι-

826 1042 928 1080 δείας
971 1033 1256 1078 απολελαύκασι.
1304 1044 1400 1090 πρὸς
1443 1044 1489 1090 δὴ

824 1087 945 1121 ταῦτα
978 1087 1104 1123 πάντα
1143 1090 1206 1124 ’και
1245 1090 1291 1125 τὰ
1331 1093 1491 1126 τοιαῦτα

825 1132 1011 1188 φήσομεν,
1038 1132 1095 1170 ὁτι
1122 1136 1184 1170 καὶ
1206 1134 1249 1171 τὸ
1275 1138 1393 1182 μῆκος
1420 1139 1489 1172 τοῦ

823 1177 962 1228 χρόνου
982 1186 1049 1213 e'tc.

873 1222 920 1269 εἴ]
936 1232 1016 1259 ante
1030 1223 1107 1260 α’πό
1100 1228 1188 1272 τῆς
1200 1225 1490 1273 οἷληθείαςᾞὶηᾶ.

824 1272 865 1305 Β.
892 1272 984 1307 Μοη.
1012 1272 1053 1306 C.
1087 1272 1133 1330 ης
1166 1274 1271 1308 Arist.
1297 1277 1372 1310 cod.
1396 1277 1491 1310 Mon.

870 1314 980 1362 πέρι]
1025 1319 1109 1361 περὶ
1148 1320 1245 1354 Vind.
1287 1322 1328 1357 Ε.
1395 1323 1490 1358 Male

824 1363 941 1396 Astius
966 1365 999 1396 in
1024 1370 1106 1398 tert.
1125 1373 1289 1401 commate
1307 1371 1386 1401 ante
1406 1365 1491 1412 α’ρε-

824 1409 893 1452 τῆς
918 1410 1028 1453 posito
1054 1409 1139 1454 πέρι
1162 1413 1338 1447 delendum
1363 1419 1492 1448 censet.

826 1456 966 1488 Comma
998 1457 1110 1500 potius
1143 1464 1223 1502 post
1252 1458 1338 1503 πέρι
1364 1472 1492 1505 ponen-

826 1502 901 1533 dum
927 1506 992 1541 est
1016 1508 1055 1535 ut
1078 1504 1226 1538 ostendit
1255 1506 1490 1550 Morgenster-

826 1548 911 1580 nius.
969 1548 1115 1582 Virtutis
1155 1551 1242 1583 enim
1277 1552 1489 1596 potissimum

825 1593 1038 1626 simulacrum
1063 1606 1150 1637 esse,
1170 1597 1265 1630 cuius
1283 1605 1402 1632 auctor
1418 1603 1489 1632 ter-

824 1639 909 1671 tium
945 1651 965 1672 a
997 1641 1145 1674 veritati
1181 1642 1294 1676 locum
1327 1644 1491 1687 obtineat,

825 1696 891 1717 non
915 1685 1000 1718 adeo
1025 1698 1165 1721 necesse
1189 1694 1262 1731 est,
1286 1693 1324 1723 ut
1348 1696 1490 1744 propte-

825 1742 884 1764 rea
940 1727 1098 1787 αρετῆς
1102 1736 1281 1790 praeponi
1316 1735 1488 1791 debuerit,

823 1787 934 1830 neque
957 1778 1063 1812 veiba
1088 1774 1132 1812 ὃν
1148 1778 1193 1824 δὴ
1219 1781 1381 1826 μιμητὴν
1401 1778 1488 1826 (ὅρι-

825 1820 974 1864 σάμεθα
994 1835 1058 1857 non
1080 1825 1123 1858 ad
1148 1810 1326 1861 cuiuslibet
1350 1828 1489 1862 simula-

823 1869 872 1901 cri
905 1870 1100 1904 effectorem
1118 1872 1486 1924 pe1tinent.Magis

822 1926 904 1948 veno
928 1915 1095 1950 intererat
1116 1917 1150 1950 in
1176 1919 1237 1960 eis,
1262 1932 1350 1965 quae
1376 1920 1485 1954 virtu-

822 1964 890 1993 tem
924 1967 1104 2006 spectant,
1132 1964 1316 1999 Homerum
1347 1967 1486 2001 tertium

825 2017 846 2040 a
868 2008 1015 2041 veritate
1039 2020 1113 2042 esse
1135 2011 1378 2047 demonstrare.
1413 2013 1487 2046 Ita-

825 2064 892 2097 que
916 2054 1022 2096 haec,
1048 2067 1137 2100 quae
1162 2058 1263 2101 vulgo
1288 2059 1486 2093 indistincte

823 2099 1001 2152 leguntur,
1031 2113 1105 2134 cuin
1136 2103 1408 2147 Morgensternio
1432 2104 1487 2138 di-

823 2145 938 2180 stinxi.
995 2147 1089 2181 Idem
1115 2148 1146 2181 in
1176 2160 1243 2182 sec.
1270 2151 1354 2184 fecit
1378 2151 1488 2184 Stall-

821 2191 985 2226 baumius.
1033 2194 1103 2227 Sed
1122 2207 1209 2240 quae
1231 2196 1356 2229 ibidem
1375 2197 1486 2231 Hein-

823 2236 919 2271 dorfi‘i
944 2239 1055 2282 gratia
1079 2241 1121 2273 de
1144 2242 1400 2294 praepositione
1420 2255 1483 2278 πε-

823 2282 860 2326 ρὶ
884 2285 1050 2328 protulit,
1086 2287 1129 2319 ad
1154 2287 1226 2321 eius
1258 2288 1323 2322 viri
1349 2290 1484 2324 dubita-

821 2330 945 2363 tionem
969 2343 1035 2365 non
1058 2332 1199 2366 faciunt.

869 2371 927 2432 ὃν]
955 2389 1008 2410 ων
1031 2378 1134 2411 Arist.
1165 2380 1249 2422 (non
1271 2379 1393 2427 Dind.)

869 2419 939 2467 δή]
975 2424 1035 2457 δεῖ
1058 2425 1161 2458 Αιίεῐ.
1191 2425 1266 2459 cod.
1292 2427 1416 2464 Baroc.
1441 2428 1485 2462 D.

822 2466 867 2512 δὴ
894 2468 957 2502 και
982 2470 1110 2504 Euseb.

866 2514 929 2548 καὶ
951 2513 1144 2560 δεύτερος]
1173 2516 1236 2551 και
1255 2530 1320 2552 non
1345 2530 1487 2566 expres-

820 2572 893 2593 sum
918 2573 937 2594 a
962 2561 1091 2595 Ficino.

868 2601 995 2651 ἦσθα]
1033 2605 1149 2642 οἶσθα
1182 2609 1280 2643 Vind.
1319 2611 1359 2645 F.
1407 2616 1487 2646 ante

822 2665 911 2687 corr.
936 2655 1011 2689 Ald.
1035 2655 1116 2689 Bas.
1142 2656 1196 2689 ab.

867 2698 1093 2744 γιγνώσκειν]
1118 2713 1186 2745 γιν.
1213 2702 1313 2736 Vind.
1325 2703 1371 2738 E.
1376 2675 1485 2738 Μ.οι1

824 2745 864 2779 C.
907 2746 1011 2779 Arist.
1062 2747 1146 2789 (non
1186 2748 1307 2794 Dind.)
1355 2750 1482 2784 Euseb.

821 2804 969 2826 narrare
995 2792 1070 2826 Fic.

868 2839 974 2883 ποῖα]
1003 2835 1120 2874 ὁποῖα
1141 2840 1246 2874 Arist.
