1764 3176
425 138 758 188 CIVITAS
805 140 930 184 LIB.
975 141 1088 184 vfll.
1130 143 1199 183 564

1446 146 1503 186 87

120 257 254 303 ὀθον,
285 248 342 293 ἄν
374 250 422 296 δὲ
451 250 738 309 ἐγγένησθον,
767 249 888 305 ὅπως
917 250 984 296 ὅτι
1013 250 1189 309 τάχιστα
1217 252 1298 306 ξὺν
1327 250 1503 298 αὐτοῖσι

117 323 209 371 τοῖς
249 318 423 375 κηρίοις
462 318 815 388 ἐκτετμήσεσθον.

893 320 986 363 Ναὶ
1024 320 1085 377 μοὶ
1125 322 1237 375 Δία,
1276 315 1305 379 ἦ
1346 319 1392 366 δ’
1436 320 1501 374 ὃς,

111 383 367 430 παντάπασί
404 403 465 443 γε.
519 388 624 432 ᾨδε
664 388 840 440 τοίνυν,
879 381 935 445 ἦν
964 385 1009 432 δ’
1041 387 1146 444 ἐγώ,
1182 389 1407 446 λάβωμεν,
1437 388 1502 436 ἵν’

109 452 448 510 εὐκρινέστερον
485 455 649 510 ἴδωμεν
689 452 717 498 ὃ
757 454 1023 513 βουλόμεθα.
1084 460 1213 509 Πῶςς
1247 461 1382 514 Τριχῆ
1411 459 1502 502 δια-

107 521 374 578 στησώμεθα
402 525 464 583 τῷ
492 521 610 580 λόγῳ
641 523 1060 581 δημοκρατουμένην
1080 524 1225 578 πόλιν,
1253 525 1398 581 ὥσπερ
1419 520 1504 570 οὖν

110 590 188 634 καὶ
226 590 320 646 ἔχει.
375 591 426 634 ἓν
461 591 542 647 μὲν
577 589 663 647 γάρ
701 606 789 635 που
825 591 875 635 τό
919 596 1126 637 τοιοῦτον
1154 593 1280 650 γένος
1307 593 1358 637 ἐν
1387 591 1501 651 αὐτῇ
1521 595 1560 637 D

108 658 324 716 ἐμφύεται
352 657 415 703 δι’
443 657 648 711 ἐξουσίαν
677 657 761 704 οὐκ
789 659 993 715 ἔλαττον,
1024 659 1052 718 ἢ
1081 661 1130 706 ἐν
1154 665 1208 719 τῇ
1241 659 1498 718 ὀλιγαρχου-

110 831 152 854 ex
175 818 329 854 Bekkeri
352 817 535 852 secundum
558 817 639 853 Par.
661 818 701 855 A.
719 820 774 854 fa-

109 870 166 901 cta
188 864 422 900 emendatione
451 876 515 910 pro
540 863 703 908 vulgata,
734 868 775 899 ut

109 912 178 954 ait,
215 908 477 956 μελιττουργὸν
518 910 690 953 exhibuit,
729 911 773 945 de

107 958 315 992 Florentinis
348 957 447 991 libris
476 967 642 1002 nusquam
665 958 773 991 verba

109 1005 203 1039 fecit.
250 1002 418 1049 Equidem
441 1014 507 1036 non
530 1002 666 1044 dubito,
690 1003 772 1048 quin

107 1048 370 1093 μελιττουργὸν
392 1048 523 1095 pariter
542 1060 583 1083 ac
599 1048 666 1082 mei
685 1049 773 1082 scri-

106 1102 204 1142 ptum
236 1096 405 1137 habeant,
439 1095 543 1140 idque
573 1098 612 1127 ut
642 1100 772 1128 certum

107 1141 231 1188 apiarii
267 1153 386 1175 nomen
419 1140 539 1182 alteri,
581 1140 670 1185 quod
714 1141 771 1185 api

107 1187 235 1232 magis,
291 1199 392 1232 quam
434 1186 558 1224 homini
601 1187 771 1228 convenit,

103 1234 366 1279 praeferendum
396 1236 490 1277 puto.
539 1231 692 1266 Eandem
727 1232 769 1265 ob

105 1291 259 1314 caussam
318 1280 352 1312 in
377 1309 385 1325 x
399 1277 635 1323 Theophrasti
689 1277 768 1311 hist.

104 1326 211 1371 plant.
244 1326 283 1359 L.
310 1325 372 1360 VI.
407 1336 440 1359 c.
463 1325 497 1359 2.
533 1324 567 1367 §.
591 1325 625 1358 3.
668 1323 770 1357 unius

103 1372 231 1406 codicis
257 1370 434 1405 Urbinatis
466 1370 642 1404 lectionem
672 1370 770 1412 μελι-

102 1429 267 1498 1‘331'223-3'50
302 1429 352 1497 Γ
345 1417 559 1496 ὲῗῗιῒὲᾱιῖἒ
562 1414 769 1507 ²3Z21’2‘22‘53

103 1522 179 1544 esse
209 1513 325 1544 censet
357 1509 564 1543 Schaeferus
596 1508 640 1541 ad
663 1507 769 1552 Apol-

103 1557 169 1591 lon.
193 1556 306 1591 Rhod.
327 1556 374 1589 T.
398 1555 446 1589 II.
477 1565 512 1599 p.
540 1555 616 1588 130.
642 1557 677 1587 et
707 1564 768 1596 με·

104 1603 308 1647 λιτουργεῖν
346 1601 381 1634 in
412 1599 549 1634 scholiis
580 1599 768 1644 antiquitus

103 1648 206 1682 editis
239 1648 283 1682 ad
315 1647 397 1691 Arg.
431 1646 458 1680 Ι.
493 1657 526 1680 v.
552 1647 630 1679 880.
677 1645 768 1679 idem

102 1706 199 1736 esse,
243 1693 332 1739 quod
368 1690 450 1736 μέλι
483 1688 702 1735 ἐργάζεσθαι
733 1691 767 1724 in

105 1739 286 1780 parisinis,
325 1739 360 1773 in
391 1737 502 1771 indice
533 1737 579 1771 ib.
616 1749 651 1781 p.
684 1738 765 1772 668.

101 1786 227 1820 docuit.
252 1782 545 1827 Μελιττουργίας
567 1783 658 1828 apud
686 1782 766 1816 Ari-

102 1831 262 1866 stotelem
284 1830 385 1864 Polit.
410 1829 450 1863 L.
474 1829 503 1863 I.
536 1841 566 1862 c.
590 1829 624 1863 4.
650 1840 683 1873 p.
707 1830 766 1870 20,

105 1880 159 1913 12.
181 1876 312 1912 Goettl.
332 1879 490 1909 constans
508 1874 609 1909 lectio
629 1880 684 1908 est
705 1886 766 1908 ea-

101 1924 246 1969 demque
281 1934 302 1957 a
336 1922 495 1955 Bekkero
534 1932 569 1966 p.
594 1922 696 1955 1258.
729 1921 768 1962 b,

103 1972 157 2006 18.
191 1971 338 2003 servata.
384 1964 666 2011 Μελιττουργὸν
705 1978 764 2000 ea-

100 2015 175 2050 dem
184 2013 429 2060 significatione
441 2013 690 2057 metaphrastes
700 2012 765 2046 Ni-

100 2061 218 2097 candri
239 2061 346 2095 Ther.
370 2072 405 2105 p.
424 2061 505 2095 361.
530 2059 583 2092 ed.
603 2058 764 2093 Schneid.

99 2109 198 2150 dixit,
210 2107 367 2141 laudatus
390 2118 411 2140 a
424 2105 612 2139 Schaefero
636 2105 671 2139 in
683 2106 764 2138 Ste-

99 2154 204 2200 phani
221 2152 381 2197 ed.Angl.
403 2156 438 2185 et
455 2150 655 2185 Aristoteles
671 2151 762 2185 Bek-

101 2200 178 2234 keri
195 2211 229 2245 p.
241 2199 319 2235 623.
331 2199 365 2239 b.
379 2200 432 2233 19.
455 2197 532 2232 Nec
553 2197 678 2230 desunt
693 2198 764 2230 for-

99 2258 176 2280 mae
201 2244 383 2279 communis
399 2241 657 2287 μελισσουργὸς
670 2268 679 2286 ,
700 2254 763 2286 με-

99 2290 311 2336 λισσουργία
317 2295 382 2324 etc.
392 2289 562 2334 exempla:
572 2291 761 2332 μελιτουρ-

99 2336 165 2384 γὸς
173 2339 271 2372 homo
281 2347 444 2382 nusquam
452 2341 606 2380 apparet,
616 2335 680 2368 nisi
690 2337 761 2369 for-

100 2392 136 2421 te
144 2384 235 2430 apud
247 2383 435 2417 Varronem
449 2382 491 2415 de
501 2393 538 2414 re
549 2386 634 2415 rust.
645 2381 685 2415 L.
697 2381 758 2414 111.

100 2443 130 2467 c.
145 2433 201 2466 16.
225 2432 259 2472 ἓ.
271 2430 305 2465 3.
323 2428 381 2462 uhi
404 2428 461 2462 alii
480 2428 671 2473 meliturgi,
689 2427 761 2469 alii,

99 2488 185 2523 quos
217 2475 445 2510 Schneiderus
479 2474 655 2518 sequitur,
688 2485 760 2507 mc-

70 2517 71 2521 *
98 2523 240 2569 litturgi
275 2521 446 2555 exhibent.
491 2521 562 2553 Sed
601 2520 759 2564 quicquid

99 2571 142 2605 de
180 2569 246 2603 hoc
291 2570 481 2608 statuatur,
526 2571 643 2600 nostro
684 2566 758 2599 loco

97 2615 197 2651 unius
220 2615 300 2650 Par.
322 2613 362 2647 A.
385 2612 519 2646 incerta
543 2611 759 2653 auctoritate,

96 2673 201 2709 quum
224 2672 290 2694 non
313 2661 457 2700 constet,
479 2670 501 2692 a
524 2670 591 2703 quo
614 2658 757 2691 alterum

97 2721 118 2742 τ
142 2707 174 2742 ei
197 2705 403 2747 accesserit,
432 2705 604 2753 vulgqam
637 2703 757 2738 lectio—

97 2766 174 2790 nem
196 2764 263 2787 non
286 2755 390 2785 muto.

143 2801 408 2857 ἐγγενήσεσθον
417 2807 431 2854 ]
453 2807 507 2843 Ita
516 2808 597 2842 Par.
606 2807 647 2844 A.
656 2807 755 2844 Vind.

829 821 936 855 BEF.
960 822 1049 866 Ang.
1070 822 1112 856 Β.
1139 822 1219 857 Vat.
1238 822 1284 856 Η.
1301 822 1394 856 Flor.
1421 822 1497 856 RV.

829 871 865 900 et
888 878 909 901 a.
931 878 974 901 m.
999 879 1052 913 pr.
1078 869 1164 902 Ven.
1188 869 1229 903 C.
1254 866 1499 913 ἐγγίγνησθον

828 912 922 947 Mon.
961 913 1002 947 B.
1042 914 1138 948 Flor.
1181 915 1226 950 U.
1272 912 1498 959 ἐγγένησθον

830 958 953 1004 reliqui
982 959 1118 994 codices
1153 964 1188 994 et
1221 961 1299 997 Ald.
1335 963 1416 995 Bas.
1443 961 1497 995 ab.

826 1005 951 1048 Steph.
974 1006 1048 1039 Ast.

875 1048 923 1084 ἄν
948 1049 988 1084 δὲ
1013 1048 1263 1095 ἐγγένησθον]
1300 1047 1348 1084 ἂν
1378 1048 1416 1085 δὲ
1442 1049 1496 1095 ἐγ-

827 1094 1055 1140 γενήσεσθον
1102 1098 1203 1133 Vind.
1247 1098 1288 1131 F.
1333 1099 1418 1141 Ang.
1456 1099 1495 1131 B.

827 1143 922 1176 Flor.
954 1143 1092 1179 ACRV.
1124 1155 1190 1177 om.
1223 1143 1309 1177 Lob.
1336 1145 1417 1179 Vat.
1447 1144 1494 1178 M.

827 1192 862 1221 et
885 1201 906 1222 a
930 1199 973 1221 m.
997 1201 1048 1233 pr.
1087 1190 1128 1222 B.
1165 1190 1324 1244 V‚en.³C.
1350 1195 1385 1223 et
1409 1201 1428 1223 a
1454 1201 1495 1223 m.

826 1234 996 1324 {55:52¹}
1023 1235 1183 1315 ffl‘onf‘ss‘i
1212 1247 1308 1315 ἕιῖζῖ.
1332 1235 1493 1316 ῧῗῖεἱῖἑ

825 1327 904 1361 Vat.
926 1326 965 1358 B.
992 1338 1013 1359 a
1036 1338 1080 1359 m.
1104 1339 1131 1361 s.
1156 1323 1180 1371 ἢ
1206 1327 1284 1361 Par.
1304 1328 1346 1361 D.
1369 1340 1387 1361 a
1404 1340 1446 1361 in.
1466 1339 1492 1361 s.

872 1367 996 1416 ὅπως]
1022 1370 1154 1416 μήπως
1180 1373 1265 1408 Lob.
1292 1374 1368 1406 Vat.
1388 1374 1470 1407 ΒΜ.

871 1416 961 1461 ξὺν]
998 1416 1066 1452 σύν
1108 1419 1201 1453 Μοη.
1225 1420 1267 1453 Β.
1308 1420 1387 1453 Par.
1415 1420 1492 1454 DK.

825 1463 1070 1509 (Florentini)
1119 1469 1155 1498 et
1201 1465 1367 1499 editiones
1412 1470 1492 1500 ante

824 1509 1028 1545 Bekkerum.

871 1553 1042 1600 αὐτοῖσι]
1070 1553 1202 1596 αὐτοῖς
1227 1557 1312 1590 Lob.
1330 1556 1431 1591 Vind.
1449 1557 1489 1590 F.

823 1601 905 1635 Vat.
927 1602 1006 1636 ΒΜ.
1030 1604 1118 1646 Ang.
1144 1603 1184 1637 B.
1207 1603 1300 1636 Flor.
1315 1603 1489 1638 ACRTV.

823 1647 946 1691 Steph.
979 1649 1053 1681 Ast.
1085 1659 1137 1694 pr.
1170 1660 1240 1696 sec.
1277 1648 1333 1682 Cf.
1360 1649 1436 1684 Vol.
1461 1649 1490 1682 Ι.

824 1705 857 1738 p.
882 1695 971 1734 222,
994 1694 1029 1727 b.

822 1735 1185 1818 νῑξέτεῖςμήὲῗισθοῆ]
1202 1739 1281 1818 viii³1
1315 1739 1487 1819 riarfflss'

820 1830 992 1865 ACRTV.
1012 1799 1300 1875 ἐκτὲτμήσεσθαι
1325 1832 1423 1865 Vind.
1443 1832 1488 1865 Ε.

820 1873 1079 1920 ἐκτετμήσθων
1114 1877 1192 1911 vat.
1225 1877 1275 1912 M.
1319 1875 1487 1921 ἐκτετμῆ-

820 1923 917 1956 σθον
962 1923 1086 1968 reliqui
1133 1935 1209 1957 cum
1256 1923 1357 1958 editis
1409 1927 1488 1957 ante

820 1969 1026 2003 Bekkerum.
1051 1965 1351 2013 (ἕκτετμῆσθονς
1383 1970 1486 2014 Ald.)

821 2011 1072 2058 ἐκτέτμησθον
1088 2015 1205 2049 Astius
1217 2016 1251 2048 in
1271 2019 1351 2050 tert.
1365 2027 1488 2050 secun-

820 2061 899 2094 dum
924 2061 1188 2103 Buttlnannum,
1213 2061 1256 2095 de
1281 2074 1348 2106 quo
1366 2074 1398 2096 v.
1409 2062 1487 2097 Vol.

820 2107 866 2141 Il.
889 2118 924 2151 p.
945 2108 1024 2149 263,
1048 2119 1080 2141 a.
1105 2108 1200 2141 Idem
1219 2107 1337 2141 Astius
1363 2107 1430 2142 iam
1451 2108 1486 2142 in

820 2164 888 2186 sec.
923 2148 971 2186 ὃὶν
1004 2159 1083 2198 post
1127 2149 1230 2193 ὅπως
1272 2154 1487 2189 inserendum

820 2199 983 2233 censebat
1017 2211 1160 2245 eamque
1194 2199 1420 2234 coniecturam
1450 2200 1486 2235 in

819 2248 902 2280 tert.
922 2244 1047 2278 iterum
1074 2244 1263 2290 proposuit.

863 2290 951 2335 Δία]
964 2287 1010 2325 δι”
1019 2291 1105 2325 Lob.
1119 2291 1218 2325 Vind.
1230 2291 1387 2325 BE.Vat.
1397 2291 1482 2325 HM.

868 2337 1006 2381 Τριχῆ]
1031 2334 1134 2381 τριχῆ
1161 2335 1200 2370 δὲ
1226 2337 1324 2372 Vind.
1345 2337 1386 2371 F.
1409 2349 1483 2381 τρι-

815 2382 862 2427 χῆ
889 2380 928 2416 δὲ
953 2385 1040 2427 Ang.
1065 2385 1106 2417 B.
1133 2383 1268 2428 (Τριχῇ
1293 2383 1484 2425 Bekkerus,

818 2429 933 2463 Astius
958 2429 991 2462 in
1014 2434 1093 2463 tert.
1118 2432 1154 2463 et
1173 2429 1450 2474 Stanbaumius.)

863 2483 1174 2531 διαστησώμεθα]
1201 2485 1481 2532 διαστησάμεθ·α

817 2535 906 2567 Veu.
927 2534 969 2566 B.

862 2578 912 2625 τῷ
939 2575 1057 2624 λόγῳ]
1085 2591 1150 2612 om.
1179 2579 1255 2614 Fic.

858 2622 921 2668 ἓν]
949 2622 988 2658 ἐν
1016 2625 1112 2659 Vind.
1135 2625 1178 2659 F.

814 2718 843 2750 B
860 2671 1060 2751 τξῖιιέῦτῑείν]
1085 2671 1237 2705 τοιοῦτο
1267 2671 1353 2706 Lob.
1381 2670 1477 2704 Vind.

846 2743 854 2751 .
911 2728 931 2750 a
951 2742 959 2751 .
1026 2742 1034 2750 .

813 2759 1167 2843 ν,ὀ(ξιγέᾼηωυιιένη1
1213 2759 1477 2806 ὀλιγαρκομένη
1499 2761 1538 2803 D

845 2821 881 2843 m
908 2834 915 2841 .
973 2835 981 2844 .
