1764 3176
270 133 353 174 182

717 128 1195 174 PLATo-NIS

270 257 315 284 τε
338 240 411 284 καὶ
441 238 586 285 ἀνέσει
611 241 801 298 ψέγεται,
833 241 941 286 ὅταν
972 242 1020 286 ἐν
1049 240 1172 300 αὐτῷ
1204 241 1369 285 δειλίαν
1388 240 1547 299 ἐμποιῇ
1558 259 1570 292 3
1605 243 1659 285 Τί

269 306 382 364 μήνς
413 310 634 353 Κολακεία
662 309 803 354 δὲκαὶ
830 309 1116 366 ἀνελευθερία
1145 307 1224 366 οὐχ
1258 307 1364 353 ὅταν
1386 327 1451 361 τις
1469 308 1520 354 τὸ
1548 308 1656 353 αὐτὸ

271 379 418 428 τοῦτο,
443 375 491 420 τὸ
514 380 758 434 θυμοειδὲς,
781 378 869 423 ὑπὸ
891 382 952 435 τῷ
983 378 1165 435 ὀχλώδει
1185 378 1328 437 θηρίῳ
1348 382 1453 436 ποιῇ
1478 378 1551 422 καὶ
1572 377 1657 421 ἔνε-

272 460 330 487 κα
357 443 592 500 χρημάτων
619 447 692 490 καὶ
721 451 798 504 τῆς
823 446 992 491 ἐκείνου
1026 446 1264 501 ἀπληστίας
1287 446 1657 502 προπηλακιζόμε-

211 518 242 559 C
271 529 353 556 νον
384 512 506 571 ἐθίζῃ
540 514 586 559 ἐκ
606 515 710 558 νέου
740 514 838 558 ἀντὶ
861 515 1037 565 λέοντος
1058 516 1252 571 πίθηκον
1277 515 1507 568 γίγνεσθαι
1518 532 1529 565 3
1559 514 1727 557 Καὶ51ο

272 580 403 636 μάλα,
427 581 524 638 ἔφη.
567 584 796 626 Βαναυσία
819 582 866 626 δὲ
885 583 958 626 καὶ
975 583 1239 638 χειροτεχνία
1260 580 1332 625 δια
1353 584 1407 633 τί,
1432 584 1527 634 οἴει,
1551 580 1660 626 ὄνει-

273 651 350 700 δος
371 649 520 705 φέρεις
550 651 579 707 ἢ
602 650 663 694 δι’
686 649 794 694 ἄλλο
817 667 858 693 τι
875 648 1088 706 φήσομεν,
1108 650 1136 705 ἢ
1153 649 1261 693 ὅταν
1284 666 1349 701 τις
1371 648 1555 701 ἀσθενὲς
1578 650 1660 706 φύ-

272 731 336 761 σει
370 718 443 776 ἔχῃ
474 718 522 761 τό
562 722 642 762 τοῦ
673 720 899 775 βελτίστου
930 716 1068 769 εἶδος,
1109 718 1216 762 ὥστε
1251 718 1308 774 μὴ
1352 717 1407 761 ἂν
1438 716 1659 761 δύνασθαι

272 785 419 842 ἄρχειν
449 789 538 829 τῶν
567 785 614 829 ἐν
645 784 764 843 αὐτῷ
783 785 1059 844 θρεμμάτων,
1084 785 1193 831 ἀλλὰ
1218 785 1483 842 θεραπεύειν
1501 786 1660 837 ἐκεῖνα,

271 968 339 1002 qua
361 958 474 1001 ipsum
498 957 600 999 illud,
634 957 729 991 cuius
754 957 851 992 modo
885 958 936 991 ni-

270 1003 372 1037 miam
390 1003 682 1057 reprehenderant
705 1004 936 1046 intentionem,

269 1049 370 1083 etiam
402 1049 526 1083 remitti
558 1050 656 1083 nimis
688 1062 790 1095 posse
822 1050 936 1084 decla-

270 1100 388 1137 ratur,
412 1107 453 1129 ex
477 1107 545 1149 quo
570 1108 652 1130 sane
675 1100 820 1141 apparet
844 1097 936 1130 idem

270 1153 366 1182 esse,
399 1153 466 1175 non
502 1141 606 1175 aliud.
664 1142 808 1176 Accedit
844 1143 935 1196 quod

269 1186 384 1232 paullo
416 1190 514 1241 post,
551 1188 611 1221 ubi
645 1188 792 1222 eiusdem
825 1189 935 1244 partis

269 1233 388 1267 vitium
421 1233 529 1267 simile
561 1238 862 1278 commemoratur,
889 1232 932 1269 τὸ

271 1275 365 1313 αὐτὸ
393 1279 508 1313 τοῦτο
533 1279 608 1313 sine
633 1280 868 1314 controversia
887 1281 938 1314 le-

269 1325 373 1370 gitur.

316 1372 378 1414 τε]
415 1370 478 1406 int.
516 1383 606 1405 vers.
650 1371 751 1406 Vind.
785 1372 829 1406 Ε.
872 1384 937 1408 om.

271 1417 348 1451 vat.
374 1417 423 1451 M.

314 1460 483 1507 ψέγεται]
508 1474 574 1498 om.
601 1463 677 1498 Fic.

316 1509 480 1552 δειλίαν]
533 1509 707 1544 δουλείαν
749 1509 850 1544 Vind.
893 1510 938 1546 E.

268 1556 494 1590 timiditatem
525 1560 559 1589 et
585 1557 768 1611 ignaviam
791 1556 867 1590 Fic.

321 1602 366 1635 Τί
389 1598 484 1645 μήν,·
497 1602 510 1646 ]
545 1599 667 1646 τιμήν.
693 1603 793 1637 Stob.
817 1602 938 1637 Trinc.

269 1659 337 1683 om.
362 1647 436 1682 Pal.
461 1648 500 1681 A.

313 1693 514 1748 Κολακεία]
541 1688 566 1738 ἦ
590 1706 622 1729 κ.
647 1694 734 1728 Lob.
760 1695 842 1729 vat.
864 1693 914 1730 Μ.

317 1736 562 1795 ἀνελευθερία
599 1752 668 1795 ουχ
705 1737 823 1784 όταν]
856 1753 939 1775 ανε-

269 1785 466 1841 λευθερία,
513 1782 581 1829 οὐχ
625 1783 719 1820 ὅταν
758 1788 839 1822 Bas.
881 1788 937 1822 ab.

268 1831 388 1911 {te-ph.
424 1828 668 1876 ἀνελευθερία
714 1829 804 1876 ου’χ,
845 1828 938 1867 ὅταν

300 1877 398 1911 stius.

317 1921 359 1957 τὸ
386 1919 625 1966 θυμοειδες,]
667 1920 710 1958 τὸ
749 1936 815 1958 om.
850 1924 937 1959 Lob.

269 1969 370 2002 Vind.
405 1969 477 2003 BF.
513 1969 591 2004 Vat
616 1969 694 2003 ΒΜ.
731 1973 767 2003 et
801 1975 939 2015 poterat

271 2014 390 2049 omitti.
437 2015 614 2049 commata
638 2019 781 2060 propter
809 2016 938 2050 articu„

270 2061 338 2094 lum
362 2061 559 2095 necessaria
582 2061 827 2107 circumposuit
847 2063 940 2097 Bek-

269 2107 386 2142 kerus.

317 2153 371 2197 τῷ
399 2150 569 2197 ὀχλώδει]
590 2153 642 2200 τῷ
669 2150 816 2198 ὄχλόδει
840 2155 939 2188 Stob.

272 2199 392 2281 grino.
439 2201 658 2235 turbulentae
691 2202 940 2246 multiplicique

304 2257 337 2279 lc

319 2290 424 2347 ποιῇ]
452 2304 516 2326 om.
542 2292 640 2326 Stob.
666 2292 786 2326 Trinc.

320 2334 458 2394 ἐθίζῃ]
476 2335 591 2379 ἐθίζει
615 2338 715 2373 Vind.
747 2339 818 2373 BF.
844 2338 936 2372 Flor.

273 2383 415 2416 ACRT.
441 2381 588 2440 ἐρεθίζῃ
612 2384 685 2418 Pal.
710 2387 751 2419 A.

211 2427 244 2469 C
318 2428 394 2462 Καὶ
418 2428 530 2473 μάλα,
557 2428 655 2475 ἔφη]
683 2443 746 2465 om.
772 2431 844 2464 Pal.
868 2432 911 2465 A.

321 2473 384 2508 διὰ
411 2476 466 2520 τί]
501 2476 602 2510 διατί
631 2478 716 2511 Lob.
741 2477 841 2513 Vind.
865 2477 938 2512 BF.

273 2521 353 2556 Bas.
396 2522 429 2555 b.
483 2521 583 2556 διατὶ
630 2523 731 2558 Vind.
771 2524 814 2558 E.
861 2523 936 2557 Ald.

272 2568 352 2602 Bas.
379 2579 410 2600 a.

319 2609 478 2668 ὄνειδος]
505 2609 642 2668 ὄνηδος
664 2614 739 2648 Α1(1.

318 2656 436 2703 φέρει]
463 2657 592 2703 φέρειν
621 2660 723 2697 Vind.
750 2661 825 2696 EF.
850 2661 935 2705 Ang.

271 2705 600 2740 B.F101·.ACTV.

317 2746 340 2794 ἢ
362 2748 416 2786 δι’
438 2747 527 2785 ἄλλο
547 2764 581 2786 τι
599 2750 777 2796 φήσομεν,
796 2748 836 2797 ἢ]
856 2758 937 2787 tunc

272 2803 362 2832 certe
391 2798 477 2832 haec
505 2799 542 2832 in
564 2800 660 2833 nobis
684 2801 836 2843 infamia
859 2799 935 2834 Fic.

993 951 1020 1002 ἦ
1044 955 1101 992 δι’
1128 960 1195 994 etc.
1242 957 1345 993 Vind.
1373 957 1418 992 E.
1443 957 1662 1002 quemadom-

994 1005 1072 1038 dum
1106 1004 1225 1038 Astius
1258 1004 1293 1038 in
1326 1007 1408 1037 tert
1444 1004 1660 1038 scribendum

994 1056 1122 1084 censet.
1170 1051 1215 1083 At
1238 1050 1322 1084 nihil
1346 1050 1559 1095 frequentius
1578 1061 1661 1094 par—

993 1096 1100 1130 ticula
1123 1091 1147 1140 ἢ
1179 1096 1269 1130 inter
1300 1097 1386 1130 duas
1417 1096 1661 1141 interrogatio-

992 1154 1066 1186 nes,
1091 1154 1235 1188 quarum
1258 1143 1369 1177 altera
1392 1142 1538 1187 priorem
1563 1142 1663 1195 qnasi

992 1200 1095 1243 {uper
1099 1200 1281 1223 vacaneam
1301 1188 1420 1230 tollat,
1442 1188 1660 1232 interposita.

991 1234 1014 1277 η’
1040 1235 1131 1268 iusto
1150 1234 1312 1269 maiorem
1330 1235 1580 1270 contentionem
1598 1235 1662 1268 ha-

992 1281 1102 1314 beret.
1561 1297 1562 1301 =

1039 1328 1109 1370 τις]
1135 1326 1190 1366 τίς
1215 1327 1315 1361 Stob.
1340 1325 1461 1361 Trinc.

1041 1370 1211 1417 ἀσθενὲς]
1237 1370 1404 1416 ἀσθενὴς
1416 1372 1515 1407 Stob.
1529 1371 1604 1405 cod.
1618 1372 1662 1406 B.

1042 1417 1126 1470 ἔχῃ]
1150 1417 1221 1462 ἔχει
1245 1419 1349 1454 Vind.
1375 1419 1414 1452 F.

1042 1464 1166 1509 εἶδος]
1193 1476 1259 1500 om.
1285 1464 1385 1498 Vind.
1411 1465 1486 1500 ΒΕ.
1511 1466 1592 1501 Vat.
1615 1464 1661 1498 H.

995 1511 1087 1546 Flor.
1111 1511 1252 1545 ACTV.

1042 1555 1161 1603 αὐτῷ]
1187 1557 1241 1590 Ita
1260 1556 1345 1591 Lob.
1362 1556 1464 1590 Vind.
1478 1556 1550 1590 EF.
1565 1556 1662 1591 Mon.

994 1603 1036 1637 Β.
1063 1604 1174 1647 (Flor.
1196 1603 1402 1638 ACRTUV.
1428 1603 1506 1636 Par.
1527 1602 1571 1636 K.
1591 1614 1660 1636 sec.

995 1650 1091 1695 Bip.)
1116 1650 1215 1683 Stob.
1241 1649 1314 1683 Fic.
1340 1648 1415 1691 (eo)
1442 1652 1477 1682 et
1501 1648 1584 1684 editi
1601 1660 1663 1682 an-

994 1698 1031 1729 te
1053 1695 1205 1737 Astium‚
1226 1695 1286 1740 qui
1310 1692 1415 1741 αυτῷ
1441 1706 1462 1728 a
1486 1695 1663 1740 Stephano

997 1746 1113 1775 annot.
1136 1754 1170 1786 p.
1188 1743 1245 1776 27.
1272 1730 1541 1775 commendatum
1565 1752 1663 1774 rece-

995 1787 1056 1833 pit.
1104 1788 1199 1821 Idem
1224 1787 1404 1821 Bekkerus
1438 1799 1482 1820 ne
1516 1798 1663 1821 comme-

994 1837 1125 1867 morato
1147 1833 1281 1878 quidem
1303 1834 1411 1867 altero
1432 1836 1467 1867 et
1486 1833 1663 1867 Stallban-

995 1879 1080 1913 mius
1104 1881 1271 1920 fecerunt,
1300 1892 1375 1924 ego,
1400 1891 1603 1925 quamquam
1626 1879 1662 1912 in

994 1925 1094 1961 Vind.
1113 1926 1154 1958 B.
1181 1922 1285 1959 αὑτῶ
1309 1926 1474 1971 scriptum
1498 1930 1562 1966 est,
1580 1937 1663 1969 pro-

995 1974 1115 2015 pterea
1167 1972 1361 2005 faciendum
1411 1983 1477 2004 non
1531 1970 1661 2015 putavi,

994 2017 1086 2060 quod
1139 2018 1282 2051 verbum
1335 2014 1495 2060 δυ’νηται
1554 2028 1662 2060 prope

996 2063 1097 2095 finem
1128 2063 1263 2107 periodi
1289 2063 1437 2107 positum
1460 2074 1500 2095 eo
1525 2062 1661 2096 facilius

997 2108 1039 2141 ad
1074 2108 1147 2141 eius
1172 2108 1305 2142 initium
1339 2114 1374 2142 et
1407 2108 1450 2142 ad
1476 2104 1569 2142 ὅταν
1594 2121 1662 2151 τις,

996 2166 1063 2199 quo
1088 2154 1212 2196 debet,
1237 2155 1362 2187 leferri
1396 2165 1497 2208 posse
1522 2155 1663 2188 videba-

996 2204 1065 2241 tur,
1092 2212 1157 2254 quo
1184 2200 1308 2235 certius
1332 2200 1523 2245 interpositx
1546 2200 1661 2234 infmi—

995 2246 1056 2279 tivi
1080 2243 1272 2280 δύνασθαι
1304 2246 1492 2280 subiectum
1516 2244 1559 2280 τὸ
1589 2247 1659 2280 τοῦ

995 2292 1185 2350 βελτίστου
1210 2289 1309 2331 εἶδος
1333 2305 1409 2326 esse
1432 2297 1628 2351 appareret.

1042 2338 1104 2372 καὶ
1137 2337 1185 2372 τὰ
1212 2336 1470 2383 θωπεύματα]
1515 2337 1579 2372 καὶ
1612 2336 1661 2372 τοὶ

994 2382 1246 2428 θωπευόμενα
1280 2385 1374 2419 Mon.
1403 2386 1442 2418 B.
1519 2385 1661 2418 Comma

995 2434 1074 2464 ante
1098 2432 1183 2464 haec
1207 2432 1249 2464 ab
1276 2431 1372 2464 Astio
1396 2431 1565 2464 sublatum
1590 2443 1660 2464 rne-

996 2477 1062 2509 rito
1086 2477 1238 2510 restitum
1260 2477 1562 2532 Bekkerus‚q}1{a
1594 2478 1660 2510 θε-

996 2520 1173 2566 ραπεύειν
1196 2526 1234 2556 ut
1253 2519 1379 2566 ἄρχειν
1400 2523 1443 2556 ad
1468 2520 1660 2556 δύνασθαι

996 2569 1230 2610 referendum,
1258 2581 1326 2602 non
1352 2581 1426 2602 cum
1448 2566 1659 2612 μανθάνειν

996 2615 1261 2659 coniungendum
1286 2618 1350 2649 est.

1043 2642 1192 2705 αὐτῶν]
1229 2658 1348 2695 αυτὸν
1384 2659 1470 2693 Lob.
1503 2660 1590 2693 Ven.
1617 2660 1657 2694 C.

995 2707 1074 2741 Par.
1100 2708 1143 2740 K.
1169 2720 1236 2741 sec.
1264 2707 1374 2740 Bekk.
1400 2707 1479 2740 Vat.
1506 2706 1554 2740 M.
1580 2709 1615 2738 et
1637 2717 1658 2740 a

995 2765 1038 2788 m.
1067 2765 1118 2797 pr.
1144 2755 1184 2787 B.
1210 2759 1245 2787 et
1267 2753 1348 2789 Par.
1367 2753 1408 2787 D.
1437 2749 1536 2786 αὐτὰ
1562 2751 1654 2786 Mon.

995 2799 1034 2834 B.
1059 2799 1151 2834 Flor.
1176 2799 1220 2833 U.
