1764 3176
202 96 286 136 116

659 88 1130 132 PLATONIS

204 201 418 254 αὔξουσαί
477 218 521 246 τε
570 202 643 245 καὶ
690 201 929 282 τρέφουσαι
976 199 1125 244 πόθου
1169 197 1352 254 κέντρον
1399 182 1579 253 ἐμποιή-

205 285 314 317 σωσι
352 275 414 329 τῷ
448 272 636 325 κηφῆνι,
676 268 774 313 τότε
824 269 875 326 δὴ
916 268 1230 323 δορυφορεῖταί
1269 281 1314 310 τε
1361 264 1450 310 ὑπὸ
1496 283 1580 322 μα-

139 343 175 384 Β
205 343 302 392 νίας
347 339 421 382 καὶ
466 339 618 393 οἰστρᾷ
659 331 788 388 οὗτος
830 336 852 379 ὁ
893 334 1138 391 προστάτης
1175 338 1252 391 τῆς
1293 339 1452 390 ψυχῆς,

204 408 281 452 ἐάν
318 423 440 456 τινας
474 406 521 448 ἐν
561 403 678 462 αὐτῷ
719 405 848 458 δόξας
888 403 915 460 ἢ
954 404 1186 459 ἐπιθυμίας
1222 401 1336 459 λάβῃ
1374 400 1583 456 ποιουμέ-

203 492 284 526 νας
334 472 519 530 χρηστάς
566 472 640 515 καὶ
692 472 754 515 ἔτι
806 471 1196 527 ἐπαισχυνομένας,
1245 469 1486 513 ἀποκτείνει
1537 483 1582 511 τε

204 544 279 587 καὶ
309 542 386 594 ε’ξω
417 539 530 585 ω’θεῖ
555 537 664 594 παρ’
697 538 850 584 αὑτοῦ.
870 539 950 590 ἕως
982 538 1036 581 ἂν
1067 537 1244 595 καθήρῃ
1276 535 1584 594 σωφροσύνης,

205 611 362 666 μανίας
393 609 439 653 δὲ
466 606 674 664 πληρώση
706 608 908 651 ἐπακτοῦ.
963 610 1208 658 Παντελῶς.
1244 607 1350 661 ε’φη,
1373 620 1586 688 τυραννι-

206 683 290 723 κοῦ
321 676 484 732 ἀνδρὸς
524 676 658 731 λέγεις
697 676 878 731 γένεσιν.

931 670 1033 728 Ἆρ’
1064 670 1170 725 οὖν,
1208 669 1265 730 ἦν
1296 672 1336 718 δ’
1368 671 1477 729 ἐγώ,
1509 670 1586 715 καὶ

206 748 256 791 τὸ
295 746 430 790 πάλαι
467 742 538 788 δια
581 743 629 786 τό
670 747 874 786 τοιοῦτον
911 741 1130 795 τύραννος
1169 740 1191 785 ὁ
1211 741 1352 796 ’Ἑρως
1389 741 1584 797 stipatam

208 819 250 858 Κ
253 811 474 858 ινδυνεύει
483 845 494 866 ,
537 811 634 867 ἔφη.

206 1065 300 1093 eum,
321 1052 379 1097 qui
404 1048 528 1093 αὔξων
555 1048 720 1094 ἐμποιεῖν
740 1049 814 1084 τινί
831 1061 868 1083 τι

206 1100 360 1140 dicatur,
384 1098 419 1131 id
443 1099 553 1143 ipsum
585 1109 710 1141 augere
735 1097 867 1140 signifi-

207 1145 294 1186 cari,
325 1144 377 1177 cui
410 1144 537 1188 aliquid
565 1143 752 1187 ingeneret.
811 1143 868 1175 In-

206 1191 492 1225 valescentevero
515 1191 592 1222 fuco
614 1194 648 1222 et
667 1188 762 1222 nimis
782 1188 867 1222 alias

205 1249 268 1282 per
293 1236 496 1280 cupiditates
521 1241 695 1268 crescente
719 1234 791 1268 eius
809 1234 867 1267 de-

206 1282 364 1316 siderium
388 1293 521 1326 quoque
552 1280 726 1314 immodice
751 1279 869 1332 augeri

206 1339 346 1362 necesse
370 1331 441 1368 est,
468 1332 571 1371 atque
595 1327 642 1360 ita
667 1327 697 1359 ei
722 1338 787 1359 non
804 1329 869 1358 iam

205 1372 332 1413 πόθος
356 1373 515 1417 simplex,
552 1372 612 1405 sed
636 1369 765 1406 πόθου
789 1369 869 1405 κέν-

207 1432 295 1464 τρον
323 1416 538 1462 ἐμποιεῖται.
572 1438 616 1442 -
641 1419 705 1451 Pro
729 1417 870 1461 κηφῆνι

206 1467 242 1500 in
264 1451 359 1499 Vind.
382 1465 420 1498 F.
446 1464 576 1507 κιφῆνι
600 1464 763 1509 sciiptum
784 1470 848 1497 est.

253 1509 352 1555 τότε]
375 1508 420 1544 τό
445 1508 483 1544 δὲ
516 1510 609 1543 Vind.
636 1511 676 1544 F.

252 1558 312 1601 τε]
352 1557 439 1589 Huic
480 1556 514 1589 in
546 1556 632 1590 Lob.
667 1562 747 1589 ante
784 1565 871 1588 corr.

208 1603 272 1637 καὶ
294 1603 448 1636 additum
473 1608 558 1635 erat.

256 1648 411 1694 οἰστρᾷ]
448 1644 567 1691 ΰστρᾶ
598 1646 698 1680 Vind.
736 1646 776 1680 F.
819 1644 873 1679 οἴ-

211 1705 322 1748 στρου
349 1698 435 1738 Ang.
456 1694 495 1748 Β.
676 1737 684 1745 ·

215 1752 371 1820 1ιὲἶῖτέ
376 1740 388 1784 ]
398 1751 487 1818 ..5AE
497 1739 576 1819 31ζὲ
571 1740 604 1772 b
597 1739 661 1817 ab‘
676 1737 873 1823 ωὲιυέῗῖζῗ

213 1833 319 1866 totius
350 1831 448 1864 animi
479 1830 619 1875 imperio
651 1829 778 1874 potitus
808 1835 872 1869 est,

213 1877 371 1923 quicquid
395 1877 429 1910 in
453 1877 563 1910 animo
587 1874 846 1920 deprehendit,
837 1886 873 1907 m

213 1935 249 1958 se
274 1923 526 1978 deprehendere
549 1922 680 1955 dicitur.

258 1967 371 2011 δόξας
394 1964 435 2012 ἢ]
460 1965 598 2011 δοξάση
624 1966 722 2000 Vind.
747 1966 792 1999 F.

260 2013 371 2072 λάβῃ]
400 2012 579 2068 λαμβάνει
603 2013 695 2046 Flor.
720 2013 763 2046 T.

261 2057 589 2104 ἐπαισχυνομένας]
613 2055 874 2102 ἐπαισχυνόμε-

215 2119 280 2147 νος
303 2107 402 2142 Vind.
428 2108 469 2140 B.
494 2106 586 2139 Flor.
609 2105 681 2139 AV.

263 2150 397 2197 αὑτοῦ]
423 2149 484 2186 αὖ.
508 2152 631 2240 ἰίᾱεηιμ
645 2150 702 2205 qui
727 2160 840 2195 supra.

262 2199 397 2243 μανίας
425 2195 490 2241 δὲ]
517 2196 578 2231 καὶ
669 2195 707 2230 δὲ
731 2197 810 2230 Par.
836 2196 875 2228 A.

218 2245 318 2279 Vind.
351 2245 389 2278 B.
432 2245 462 2276 V
465 2250 510 2277 at.
553 2244 596 2276 H.
605 2209 732 2276 μΒῚοτ.
769 2242 876 2275 ACV.

218 2303 305 2336 quae
326 2290 568 2334 particularum
589 2288 809 2332 comparatiO,
821 2299 878 2320 ra-

219 2337 289 2370 rior
312 2337 368 2369 ina
392 2336 543 2369 Platonis
578 2336 610 2368 in
639 2334 753 2375 libris,
779 2344 878 2378 quam

220 2382 310 2428 apud
335 2382 418 2415 aiios
452 2381 658 2425 sciiptores,
678 2381 737 2414 sed
762 2379 880 2413 eadem

221 2432 394 2473 potestate
423 2427 582 2470 praedita
617 2428 676 2470 (cf.
712 2426 751 2459 L.
780 2426 808 2458 Ι.
845 2436 878 2469 p.

221 2475 300 2509 335.
326 2476 365 2507 Α.
401 2480 435 2505 et
471 2484 556 2517 quos
580 2473 671 2507 locos
697 2471 812 2505 Astius
838 2471 880 2504 ad

222 2520 308 2564 Leg.
333 2531 364 2564 p.
391 2519 446 2553 54.
468 2519 650 2559 indicavit,
675 2518 819 2551 Theaet.
846 2528 879 2560 p.

224 2567 303 2645 171.
322 2555 361 2598 Ε.
386 2564 516 2597 Phileb.
541 2576 573 2609 p.
598 2566 650 2599 13.
673 2565 713 2597 Β.
735 2564 817 2607 Leg.
838 2563 878 2595 L.

245 2623 312 2656 ..p
337 2611 416 2645 637.
441 2610 480 2645 Β.
505 2611 544 2643 C.
571 2610 617 2643 ΙΙ.
649 2611 727 2645 665.
752 2608 879 2643 B.111.

225 2660 304 2693 682.
317 2656 356 2689 C.
383 2657 462 2691 696.
480 2657 520 2688 A.
546 2657 623 2691 699.
641 2657 681 2690 B.
707 2655 879 2689 1111.708.

226 2705 266 2737 A.
295 2723 340 2727 —
368 2703 414 2735 ib.
449 2713 481 2746 p.
502 2703 580 2736 721.
601 2702 642 2734 D.
675 2700 737 2735 καὶ
761 2712 881 2734 secun-

226 2750 304 2782 dum
328 2749 408 2782 Par.
432 2748 471 2780 A.
499 2759 574 2781 cum
603 2748 760 2781 Bekkero
783 2746 881 2781 omit-

699 811 902 862 Οὐκοῦν,
945 805 979 853 ὦ
1019 812 1141 865 φίλε,
1170 806 1317 861 εἷπον,
1347 809 1420 852 καὶ
1447 813 1584 864 μεθυ-

145 890 177 932 C
208 883 328 934 σθεὶς
371 879 481 936 ἀνὴρ
522 878 787 934 τυραννικόν
826 895 868 921 τι
906 876 1116 935 φρόνημα
1152 878 1282 933 ἴσχεις

1320 875 1449 932 Ἴσχει
1487 874 1584 932 γάρ.

924 1051 1062 1085 tendum
1091 1050 1228 1084 videtur
1253 1049 1314 1093 -)
1350 1049 1393 1082 ab
1425 1047 1586 1081 hocloco

925 1098 1034 1131 aliena
1068 1103 1130 1130 est.
1189 1095 1268 1129 Non
1299 1094 1407 1139 magis
1429 1106 1492 1127 και
1515 1105 1587 1137 μα-

924 1143 1007 1183 νίας
1039 1140 1083 1187 δή
1114 1141 1342 1187 probandum,
1367 1141 1457 1186 quod
1484 1139 1585 1173 Vind.

925 1191 969 1223 E.
994 1190 1141 1223 exhibet.
1172 1188 1294 1242 Itaque
1318 1187 1381 1220 nisi
1403 1187 1493 1219 forte
1508 1185 1586 1219 Pla-

924 1242 1037 1268 tonem
1062 1246 1128 1268 non
1153 1231 1192 1267 δε
1212 1230 1400 1277 πληρώσῃ,
1426 1232 1485 1265 sed
1507 1231 1587 1265 δια-

924 1278 1097 1325 πληρώσῃ
1121 1279 1299 1323 scripsisse
1319 1281 1482 1319 v,o!umus
1498 1276 1590 1322 quod

924 1330 1063 1360 verbum
1093 1327 1126 1358 in
1154 1325 1325 1358 codicibus
1350 1324 1492 1357 Diodori
1517 1323 1588 1357 Sic.

926 1374 966 1406 L.
985 1372 1061 1406 XV.
1088 1384 1117 1404 e.
1136 1373 1191 1406 78.
1217 1375 1303 1404 extr.
1330 1377 1467 1403 exstans
1485 1370 1589 1402 WVes-

927 1418 1091 1461 selingius
1126 1417 1245 1450 merito
1285 1418 1430 1460 probat,
1470 1426 1589 1460 quam-

929 1476 1031 1509 quam
1056 1463 1224 1496 Diodorus
1250 1462 1305 1495 illo
1338 1462 1410 1495 loco
1445 1473 1524 1495 usus
1549 1472 1589 1494 eo

929 1522 983 1543 ess
988 1523 1003 1540 1·
1036 1520 1101 1542 non
1133 1509 1288 1550 xidetur,
1323 1519 1423 1541 unum
1455 1508 1518 1540 hoc
1548 1518 1591 1540 ex

930 1556 1083 1600 pluribus
1115 1554 1340 1599 interpolatae
1389 1554 1423 1586 in
1455 1552 1592 1597 optimis

931 1612 1066 1647 quoque
1099 1601 1195 1634 libris
1228 1600 1370 1644 copulae
1403 1600 1592 1643 exempium

930 1648 1100 1680 habemus.
1151 1647 1206 1680 Cf.
1235 1646 1311 1681 Vol.
1330 1645 1359 1679 L
1392 1658 1427 1690 p.
1447 1646 1535 1687 420,
1558 1645 1593 1679 b.

930 1695 1018 1734 432,
1045 1704 1076 1727 a.

971 1735 1172 1793 πληρώσῃ]
1198 1734 1395 1781 πληρώσας
1417 1737 1498 1770 Par.
1522 1736 1569 1770 K.

971 1778 1047 1827 AQ’
1059 1785 1071 1827 ]
1099 1780 1146 1826 ἄρ
1191 1784 1290 1816 Vind.
1315 1783 1355 1816 F.

930 1841 1032 1909 Βῆοι
1021 1829 1170 1874 οὗτον]
1208 1829 1358 1863 τοιοῦτο
1392 1829 1478 1863 Lob.
1510 1829 1590 1864 Vat

975 1919 1057 1964 γάρ.
1081 1919 1171 1964 Καὶ]
1197 1918 1281 1964 γὰρ,
1306 1933 1369 1954 και
1393 1920 1467 1954 Ald.

976 1965 1265 2010 ὑποκεκινηκὼς]
1290 1964 1490 2009 νενικηκώς
1505 1965 1590 1999 Lob.

931 2014 1009 2046 V.at
1034 2013 1113 2046 ΒΜ.

977 2056 1109 2101 μόνον]
1133 2054 1259 2100 μόνων
1283 2057 1368 2100 Ang.
1379 2057 1419 2090 Β.
1443 2056 1536 2090 Flor.
1549 2056 1591 2089 R.

977 2104 1094 2160 θεῶν]
1121 2103 1236 2145 θεῶν,
1262 2103 1383 2136 Stallb.
1408 2114 1477 2136 sec.

980 2147 1170 2193 ἐπιχειρεῖ]
1198 2146 1391 2192 ἐπιχειρεῖν
1414 2148 1493 2183 Ald.
1514 2148 1594 2181 Bas.

933 2197 987 2231 ab.

979 2238 1070 2296 μάλ’
1081 2241 1093 2284 ]
1121 2238 1221 2284 μαλοι
1245 2240 1344 2275 Vind.
1366 2240 1409 2274 F.

982 2285 1035 2331 δὲ]
1061 2285 1105 2329 δὴ
1135 2287 1227 2321 Mon.
1250 2288 1290 2319 B.
1318 2286 1409 2320 Flor.
1432 2286 1477 2319 U.

983 2332 1184 2376 δαιμόνιε,]
1211 2334 1350 2366 Comma
1376 2344 1396 2366 a
1419 2331 1595 2383 Stephano

939 2384 974 2412 et
1012 2379 1256 2412 recentioribus
1301 2378 1448 2422 (antiqui
1453 2389 1530 2411 ores
1564 2389 1592 2410 ω

939 2423 1106 2468 δαιμόνιε
1144 2422 1238 2468 ἀνὴρ
1263 2421 1434 2478 ακριβιός
1447 2424 1472 2456 si
1478 2436 1519 2456 ne
1542 2423 1596 2456 di-

935 2472 1116 2504 stinctione
1141 2472 1281 2513 habent)
1309 2477 1388 2515 post
1411 2466 1505 2513 οἷνὴρ
1533 2481 1594 2513 po-

936 2518 1035 2550 situm
1079 2529 1152 2550 cum
1185 2517 1408 2550 Stallbaumio
1449 2517 1484 2549 in
1525 2527 1595 2568 sec:

937 2564 998 2596 hoc
1031 2565 1105 2596 loco
1139 2563 1228 2603 feci,
1264 2563 1342 2615 quia
1376 2561 1541 2606 scriptor,
1565 2559 1595 2594 si

937 2613 1073 2654 praeter
1104 2609 1378 2642 consuetudinem
1402 2619 1475 2641 cum
1499 2606 1595 2640 adie-

937 2655 1026 2688 ctivo
1051 2652 1219 2697 δαιμόνιε
1246 2653 1402 2698 coniungi
1427 2654 1489 2686 hoc
1513 2653 1595 2686 sub-

936 2700 1117 2733 stantivum
1149 2700 1330 2741 xoiuisset‚
1367 2683 1596 2751 ambiguitatis

937 2746 1098 2780 vitandae
1130 2757 1250 2780 caussa
1286 2742 1374 2788 ἄνερ
1396 2744 1531 2789 potius,
1557 2748 1595 2776 ut

1496 333 1569 377 καὶ
1582 339 1648 373 503
