1764 3176
433 152 775 197 CIVITAS
813 153 1166 197 LIB.V111.563
1424 158 1473 197 Sl

100 262 403 321 ξυγκαθιὲντες
429 269 522 318 τοῖς
550 263 668 318 νέοις
695 263 979 321 εὐτραπελίας
1006 281 1051 310 τε
1079 264 1154 309 καὶ
1170 266 1479 321 χαριεντισμοῦ
1506 268 1541 310 Β

99 333 404 389 ἐμπίπλανται,
446 334 710 391 μιμούμενοι
737 333 845 385 τούς
872 334 1026 385 νέους,
1066 334 1140 376 ἵνα
1168 331 1221 388 δὴ
1252 331 1310 387 μή
1342 333 1481 375 δοκῶ-

98 413 168 446 σιν
199 400 343 456 ἀηδεῖς
375 399 487 446 εἶναι
516 403 625 458 μηδὲ
657 403 919 446 δεσποτικοί.
982 399 1115 444 Πάνυ
1145 400 1224 456 μὲν
1254 396 1353 452 οὖν,
1384 400 1480 457 ἔφη.

102 469 163 514 Τό
194 470 241 514 δέ
270 486 339 531 γε,
369 463 426 526 ἦν
457 469 503 514 δ’
532 469 640 525 ἐγώ,
671 470 876 526 ἔσχατον,
908 463 943 512 ὦ
976 469 1102 524 φίλε,
1132 471 1206 523 τῆς
1231 469 1481 523 ἐλευθερίας

96 542 178 582 τοῦ
208 537 433 594 πλήθους,
471 537 578 581 ὅσον
606 539 798 594 γίγνεται
828 537 875 580 ἐν
903 539 958 593 τῇ
987 535 1169 592 τοιαύτῃ
1200 534 1340 586 πόλει,
1375 535 1481 580 ὅταν

97 607 151 664 δὴ
191 607 235 650 οἷ
274 605 510 662 ἐωνημένοι
548 605 620 648 καὶ
665 607 710 649 αἱ
747 604 990 661 ἐωνημέναι
1026 603 1163 659 μηδὲν
1194 597 1324 659 ἦττον
1361 603 1481 647 ἐλεύ-

95 680 224 730 θεροι
255 668 336 720 ὦσι
364 678 453 718 τῶν
481 671 749 729 πριαμένων.
790 673 838 716 ἐν
874 672 1049 728 γυναιξὶ
1079 670 1125 714 δὲ
1165 669 1275 725 πρὸς
1315 669 1482 726 ἄνδρας

95 744 169 788 καὶ
198 742 383 797 ἀνδράσι
421 741 532 797 πρὸς
568 746 782 796 γυναῖκας
821 739 902 796 ὅση
941 738 969 795 ἡ
1005 739 1208 794 ἰσονομία
1247 738 1320 782 καὶ
1359 738 1479 782 ἐλευ-
1509 749 1512 754 ’

94 813 225 865 θερία
269 813 484 868 γίγνεται,
535 807 688 866 ὀλίγου
734 804 1025 862 ἐπελαθόμεθ’
1078 809 1227 851 εἰπεῖν.
1301 804 1482 865 Οὐκοῦν

94 879 196 925 κατ’
237 879 481 937 Αἰσχύλον,
520 878 629 935 ἔφη,
666 877 855 934 ἐροῦμεν
895 875 963 920 ὅτι
1000 878 1086 919 νῦν
1123 870 1225 932 ἦλθ’
1266 873 1336 917 ἐπὶ
1374 873 1476 919 στό-
1506 879 1538 921 G

141 1047 166 1095 ἡ
192 1049 384 1096 ἰσονομία]
417 1047 441 1095 ἢ
476 1062 542 1086 om.
563 1049 649 1084 Lob.
676 1050 755 1084 Vat.

94 1097 173 1131 ΒΜ.
206 1098 299 1131 Flor.
324 1098 369 1131 T.

141 1141 267 1186 ὀλίγον
301 1138 584 1186 ἐπελαθόμεθ’]
632 1137 757 1184 ὀλίγον

92 1185 362 1232 ἔπελαθόμεθα
392 1190 483 1235 Lob.¹

139 1259 208 1281 κατ
220 1243 229 1256 ’
253 1243 453 1289 Αἰσχύλον]
477 1248 641 1289 παταισχ.
654 1243 754 1276 Vind.

92 1293 134 1326 F.
158 1294 214 1327 Cf.
226 1292 412 1336 Aeschylus
435 1291 488 1325 ed.
513 1291 654 1324 Schiitz.
679 1289 757 1325 Vol.

94 1339 137 1375 V.
160 1350 192 1383 p.
217 1340 298 1373 229.
321 1349 374 1383 sq.
729 1339 731 1342 ⁴

141 1392 257 1440 ἦλθ’]
282 1389 399 1440 ἦλθεν
416 1393 516 1427 Vind.
536 1394 578 1428 B.
603 1393 688 1427 Ven.
712 1393 755 1426 B.

97 1443 191 1477 Flor.
222 1442 267 1476 T.
309 1442 390 1475 item
432 1440 634 1474 Plutarchus
668 1442 755 1472 erot.

93 1500 127 1534 p.
151 1489 231 1524 763.
242 1489 283 1524 B.
308 1494 343 1521 et
365 1486 577 1521 Themistius
602 1497 653 1520 or.
670 1485 752 1518 1111.

91 1546 126 1580 p.
151 1536 207 1570 52.
230 1535 271 1567 Β.
296 1544 439 1579 quorum
462 1532 611 1578 priorem
636 1531 755 1564 Victo-

91 1581 162 1614 rius
194 1581 236 1616 V.
260 1580 301 1615 L.
337 1580 399 1613 XI.
427 1580 480 1613 16.
513 1578 659 1612 Latinae
683 1578 754 1610 for—

92 1626 204 1660 mulae
237 1627 327 1670 quod
358 1627 395 1658 in
419 1626 560 1659 buccam
588 1623 755 1667 originem

93 1684 136 1707 ex
169 1673 233 1706 hac
266 1674 404 1706 Graeca
434 1674 613 1715 repetens,
638 1672 754 1714 poste-

92 1719 217 1752 riorem
240 1718 398 1751 Butlerus
425 1717 458 1750 in
482 1716 604 1749 Aesch.
631 1717 753 1758 fragm.

93 1765 213 1798 eadem
227 1770 330 1798 ¹usum
355 1775 430 1797 esse
451 1762 586 1802 docuit3
611 1761 669 1806 qui
691 1760 753 1793 mi-

92 1811 128 1845 hi
153 1811 251 1845 ambo
275 1821 341 1843 non
363 1809 514 1849 aliunde,
541 1807 605 1841 nisi
630 1819 671 1840 ex
691 1806 754 1839 hoc

94 1856 244 1891 Platonis
267 1856 354 1896 loco,
377 1855 461 1888 dicti
489 1853 668 1896 Aeschylei
693 1863 755 1885 no-

89 1902 204 1937 titiam
242 1904 278 1935 et
305 1900 619 1945 interpretationem
663 1909 756 1943 eam-

91 1960 159 1994 que
197 1948 322 1993 partim
360 1947 523 1980 veriorem
556 1944 755 1978 Victoriana

92 1995 224 2040 cepisse
253 1994 420 2027 videntur.
479 1992 558 2026 Non
591 1991 677 2024 enim
701 1994 753 2023 te-

91 2052 184 2074 mere
217 2040 496 2084 negligenterque
530 2049 591 2070 nec
620 2037 754 2070 delectu

90 2087 159 2120 ullo
181 2086 426 2121 sententiarum
450 2085 586 2125 habito,
611 2083 670 2117 sed
695 2094 753 2115 01·-

91 2133 170 2167 dine
202 2144 242 2166 ac
273 2135 426 2177 tempore
446 2131 665 2164 dicendorum
687 2128 752 2162 mi-

92 2191 156 2213 nus
178 2178 277 2212 anxie
299 2179 480 2212 observato
504 2182 542 2209 ut
565 2175 601 2209 in
624 2186 753 2208 sermo-

92 2237 136 2259 ne
164 2223 326 2258 familiari
355 2223 450 2268 loqui
481 2235 518 2257 se
552 2221 753 2255 Adimantus

91 2275 206 2305 monet
228 2270 373 2314 ideoque
406 2280 471 2302 non
501 2268 642 2301 moleste
671 2269 752 2308 fert,

91 2317 183 2363 quod
225 2316 387 2350 Socrates
428 2316 470 2348 de
511 2314 685 2348 mulierum
719 2319 755 2346 et

91 2363 242 2397 virorum
292 2361 501 2407 aequalitate
558 2371 646 2394 nunc
692 2359 752 2392 de-

92 2420 181 2444 mum
211 2411 250 2441 ut
280 2419 366 2452 pene
400 2407 525 2441 oblitus
556 2407 661 2439 verba
698 2406 752 2438 fa-

92 2455 173 2488 ciat.
208 2454 263 2487 Cf.
291 2454 327 2488 h.
354 2455 396 2489 V.
420 2465 454 2497 p.
479 2453 557 2487 451.
583 2453 624 2486 Β.
650 2452 689 2484 C.
717 2454 775 2484 etv

93 2500 207 2534 VIIII.
228 2501 303 2535 571.
321 2500 358 2533 Β.
405 2500 516 2543 Atque
541 2498 656 2531 codem
682 2509 751 2530 mo-

92 2547 135 2580 do
156 2547 358 2580 Plutarchus
383 2541 403 2579 ὃ
425 2545 554 2578 τοίνυν
579 2541 617 2577 ἐν
641 2540 749 2588 ἀρχῇ,

90 2592 219 2637 inquit,
239 2589 370 2635 καιρὸν
389 2588 457 2647 εἶχε
477 2589 643 2635 ῥηθῆναι
658 2591 749 2633 μᾶλ-

92 2640 176 2680 λον,
203 2635 291 2672 οὐδὲ
311 2638 393 2680 νῦν,
423 2637 502 2670 επεί
525 2633 563 2681 γ’
590 2635 659 2669 οὐν
681 2636 750 2679 (ita

91 2684 308 2728 Stephanus3
342 2684 402 2717 sed
426 2683 501 2716 Ald.
526 2686 561 2716 et
584 2683 665 2716 Bas.
690 2679 750 2715 ἐπὶ

91 2730 186 2764 νοῦν
210 2730 357 2771 habent,
388 2729 477 2774 quod
510 2741 550 2761 ex
576 2725 654 2761 ἐπεὶ
680 2728 749 2761 νῦν

92 2780 203 2810 ortum
226 2787 304 2810 esse
325 2776 465 2820 potuit.)
489 2768 606 2819 ἦλθεν
627 2771 685 2807 ἐπὶ
706 2770 749 2807 τὸ

93 2819 213 2866 στόμα
243 2819 328 2856 κατ’
351 2818 550 2865 Αἰσχύλον,
584 2816 750 2865 ἅῤῥητον

165 2881 372 2922 Pasa-roms
410 2880 487 2920 ΟΡ.
510 2879 585 2919 ΙΙΙ.

814 1044 1025 1090 ἐασεινῂμοι
1049 1044 1160 1079 δοκῶ.
1189 1047 1224 1078 et
1245 1044 1477 1078 Themistius:

813 1092 876 1126 καὶ
910 1091 978 1137 οὐν
1010 1089 1135 1135 ἐπειδὴ
1175 1089 1265 1124 κατ’
1299 1088 1478 1134 Αἰσχύλον

812 1139 885 1172 νῦν
906 1138 1024 1181 η’λθεν
1047 1135 1107 1171 ἐπὶ
1138 1134 1181 1170 τὸ
1212 1133 1331 1179 στόμα
1355 1134 1376 1171 ὃ
1405 1134 1477 1170 πά-

813 1186 873 1218 λαι
906 1182 1036 1228 ἐχρῆν,
1070 1181 1132 1216 καὶ
1167 1180 1204 1224 ἐξ
1236 1180 1352 1226 ἀρχῆς
1387 1179 1477 1226 ὑμῖν

813 1227 881 1274 ἐγώ
913 1226 1165 1273 συνεορτάζω,
1211 1225 1257 1262 οὔ
1280 1240 1345 1271 μοι
1375 1228 1476 1262 δοκῶ

813 1274 867 1310 ἔτι
903 1272 1234 1318 ἀπολιμπάνεσθαι
1271 1275 1340 1319 τῆς
1371 1274 1477 1319 βασι-

814 1321 916 1366 λικῆς
936 1319 1187 1365 πανηγύρεως.
1212 1321 1281 1354 Sed
1303 1333 1391 1366 quae
1411 1322 1475 1354 So-

813 1374 926 1402 crates
958 1368 1138 1401 Adimanto
1174 1368 1376 1410 respondet,
1413 1367 1477 1399 Vi·-

812 1416 998 1448 ctor-ianam
1030 1414 1344 1457 interpretationem
1378 1412 1476 1446 Lati-
1503 1417 1504 1421 ’

811 1472 945 1506 uaeque
991 1460 1155 1493 fornmlae
1189 1459 1475 1503 comparationem

810 1518 876 1540 nou
911 1506 1044 1540 omnino
1077 1506 1225 1550 ineptam
1259 1517 1335 1538 esse
1359 1513 1474 1538 osten-

811 1554 905 1586 dunt.
954 1552 1023 1592 Qui
1058 1551 1135 1585 dum
1168 1562 1205 1584 se
1230 1550 1280 1584 sic
1305 1551 1395 1596 loqui
1420 1552 1476 1584 af-

809 1600 935 1639 firmat,
960 1602 998 1630 ut
1022 1598 1108 1631 alter
1131 1597 1312 1630 secundum
1323 1597 1475 1640 Aeschy-

809 1645 877 1678 lum
909 1643 1067 1683 volebat,
1104 1655 1179 1676 nam
1213 1643 1313 1675 etiam
1346 1643 1475 1675 bestia-

809 1702 884 1724 rum
914 1690 1108 1723 libertatem
1140 1692 1476 1721 commemoraturum

810 1748 906 1775 esse,
941 1735 1006 1768 iam
1042 1746 1107 1768 non
1139 1735 1291 1767 ordinem
1323 1734 1475 1768 incurio-

810 1783 881 1815 sius
903 1782 1065 1822 habitum,
1089 1780 1148 1814 sed
1172 1780 1322 1824 ipsorum
1348 1781 1473 1813 verbo-

810 1839 883 1861 rum
925 1827 1096 1871 agrestius
1130 1826 1321 1859 sonantium
1366 1826 1473 1860 licen-

809 1874 888 1907 tiam
915 1877 1055 1906 excusat
1094 1876 1128 1905 ct
1151 1872 1314 1906 hactenus
1338 1883 1474 1917 quoque

810 1916 896 1953 κατ’
931 1916 1111 1962 Αἰσχύλον
1141 1917 1362 1951 sermocinari
1393 1929 1473 1962 pro-

809 1966 939 2000 fitetur.
985 1965 1124 1998 Minime
1155 1976 1237 1997 vero
1261 1963 1329 2005 „in
1355 1964 1473 1998 eadem

809 2011 976 2045 sententia
997 2011 1221 2055 explicdndff
1239 2010 1368 2043 versari
1391 2009 1472 2042 Dio-

810 2058 928 2101 nysius
988 2057 1270 2090 Halicarnasseus
1318 2055 1486 2090 Victorio'

807 2104 917 2137 videri
950 2104 1116 2143 debebat,
1159 2102 1216 2147 qui
1249 2102 1291 2134 de
1324 2112 1471 2145 compos.

808 2151 905 2183 verb.
939 2161 972 2194 p.
999 2151 1051 2183 12.
1085 2148 1222 2182 Schaef.
1248 2147 1283 2180 εἰ
1301 2144 1472 2190 μέλλουσι

808 2192 858 2239 μή
879 2196 979 2239 πᾶν,
1015 2191 1074 2228 ὅτι
1094 2206 1154 2227 κεν
1179 2190 1243 2227 ἐπ’
1270 2190 1472 2237 ἀκαιρίμαν

808 2242 976 2286 γλῶσσαν
1005 2239 1093 2279 ἔπος
1126 2238 1237 2284 ἔλθῃ,
1263 2236 1377 2284 λέγειν
1404 2251 1470 2272 non

809 2287 1015 2327 excusandi,
1085 2287 1143 2319 sed
1201 2285 1470 2329 reprehendendi

809 2346 930 2368 caussa
962 2333 1044 2367 dicit
1078 2332 1206 2377 pariter
1238 2334 1341 2375 atque
1365 2332 1470 2365 Athe-

808 2392 913 2415 naeus
945 2380 985 2414 L.
1011 2379 1052 2411 V.
1086 2390 1119 2422 p.
1153 2379 1230 2411 217.
1257 2378 1297 2410 (ἶ.
1332 2382 1368 2410 et
1397 2377 1469 2410 Lu—

808 2428 925 2460 cianus
949 2437 1059 2471 quom.
1086 2424 1165 2457 hist.
1191 2434 1320 2456 consor.
1358 2435 1387 2456 c.
1412 2425 1468 2458 32.

806 2474 851 2506 Τ.
883 2473 947 2506 ΙΙΙ.
983 2484 1017 2516 p.
1049 2473 1127 2505 204.
1165 2469 1278 2502 Lehm.
1313 2472 1349 2502 et
1382 2469 1468 2502 rhet.

806 2522 978 2564 praecept.
1012 2528 1041 2550 e.
1071 2516 1122 2549 18.
1146 2515 1191 2548 T.
1217 2515 1295 2549 VII.
1330 2526 1363 2559 p.
1388 2516 1468 2550 228.

803 2565 925 2600 iisdem
946 2561 1101 2605 anonymi
1122 2564 1244 2604 poetae
1264 2560 1376 2594 verbis
1397 2561 1466 2600 usi;

805 2623 894 2656 quae
918 2622 960 2643 an
986 2607 1140 2651 Aeschyli
1175 2606 1261 2647 siut,
1295 2606 1468 2640 Victorius

805 2669 870 2691 non
911 2653 1155 2689 affirmaverit:
1197 2652 1353 2698 equidem
1394 2663 1467 2685 cum

804 2701 980 2737 Dindorfio
1005 2700 1066 2744 (ad
1091 2698 1258 2732 Athenaei
1281 2698 1302 2731 l.
1316 2698 1364 2741 c.)
1388 2698 1468 2731 Pin-

805 2750 880 2784 dari
903 2747 1016 2793 potius
1033 2745 1247 2779 crediderim.

852 2813 913 2851 ἐπὶ
937 2808 1077 2859 στόμα]
1104 2809 1286 2855 ἐπιστόμα
1309 2808 1410 2846 Vind.
1422 2809 1465 2843 Ε.

1248 2869 1281 2909 F
