1764 3176
161 216 170 232 ,
415 179 753 223 CIVITAS
793 181 914 223 LIB.
936 181 1168 223 Vllll.585

1406 184 1485 224 161

103 289 211 335 κότα
237 289 287 334 τό
317 288 492 348 ἀληθῶς
530 291 643 342 ἄνως
690 291 770 335 Mo?
801 290 878 335 Δί’
911 291 994 336 οὐκ
1024 292 1176 348 ἔγωγε,
1199 292 1313 376 ἔφη,
1342 292 1485 345 ἄλλως

104 357 228 414 οἶμαι
269 356 479 415 οἰηθῆναι
519 359 576 403 ἂν
613 359 691 404 τὸν
730 362 949 403 τοιοῦτον.

101 427 227 484 ἔφην,
259 425 465 483 φέροιτο,
498 427 617 471 κάτω
657 425 697 470 τ’
728 426 785 470 ἂν
815 429 953 471 οἴοιτο
984 427 1197 483 φέρεσθαι
1226 428 1299 471 καὶ
1339 426 1483 485 ἀληθῆ
1511 436 1547 477 Ε

1015 358 1128 404 ”Αλλ
1173 360 1210 403 εἰ
1247 358 1381 404 πάλιν
1421 360 1468 417 γ’
1474 394 1483 412 ,

103 496 268 543 οἴοιτο,·
305 498 409 545 Πῶς
437 493 521 551 γαρ
552 494 609 538 οὔ
619 512 630 544 3
665 493 844 539 Οὐκοῦν
883 498 1021 538 ταῦτα
1057 495 1218 550 πάσχοι
1257 496 1314 539 ἂν
1342 495 1486 540 πάντα

102 562 175 607 διὰ
210 560 260 605 τὸ
291 562 349 619 μή
387 563 588 618 ἔμπειρος
628 560 740 607 εἶναι
768 566 849 607 τοῦ
884 561 1109 620 ’ἀληθινῶς
1146 562 1236 605 ἄνω
1277 579 1320 607 τε
1360 563 1486 616 ὄντος

100 631 176 674 καὶ
206 630 254 673 ἐν
287 631 402 686 μέσῳ
432 631 505 674 καὶ
535 629 677 680 uvimu-
707 635 859 687 Δῆλον
889 628 957 687 δή.

1020 627 1266 684 Θαυμάζοις
1303 629 1358 674 ἂν
1389 627 1485 681 οὖν,

102 699 138 742 εἰ
167 699 241 742 καὶ
271 696 444 752 ἄπειροι
472 697 678 754 ἀληθείας
707 698 804 753 περὶ
833 702 1011 742 πολλῶν
1031 715 1076 742 τε
1104 697 1249 742 ἄλλων
1268 699 1326 754 μὴ
1350 697 1486 756 ὑγιεῖς

102 764 232 817 δόξας
271 765 417 821 ἔχουσι
461 766 573 819 πρός
613 782 657 810 τε
697 765 866 822 ἡδονήν
902 766 974 810 καὶ
1013 766 1158 822 λύπην
1198 767 1273 810 καὶ
1315 767 1366 811 τὸ
1406 785 1481 824 με-

101 832 207 886 ταξὺ
261 834 429 877 τούτων
488 834 603 878 οὕτω
656 833 918 883 διάκεινται,
970 834 1078 877 ὥστε
1129 832 1237 876 ὅταν
1285 835 1365 891 μὲν
1413 835 1484 879 ἐπὶ

99 901 149 944 τὸ
200 900 400 958 λυπηρὸν
448 902 689 958 φέρωνται,
729 899 873 958 ἀληθῆ
908 918 951 945 τε
990 903 1159 945 οἴονται
1195 902 1269 946 καὶ
1306 907 1369 963 τῷ
1410 903 1483 948 ὄν-
1507 913 1574 947 585

101 985 144 1012 τι
181 972 447 1019 λυποῦνται,
505 969 612 1014 ὅταν
664 969 710 1013 δὲ
765 969 851 1013 ἀπὸ
903 969 1044 1026 λύπης
1090 969 1158 1013 ἐπὶ
1203 969 1252 1013 τὸ
1303 972 1484 1027 μεταξύ,

103 1035 278 1093 σφόδρα
314 1036 393 1093 μὲν
430 1039 599 1082 οἴονται
638 1037 749 1092 πρὸς
777 1036 995 1093 πληρώσει
1037 1054 1081 1082 τε
1120 1038 1195 1081 καὶ
1235 1037 1377 1096 ἡδονῇ
1417 1042 1484 1096 γί-

101 1110 308 1160 γνεσθαι,
348 1104 493 1160 ὥσπερ
527 1106 601 1160 [δὲ]
642 1103 753 1160 πρὸς
781 1105 919 1160 μέλαν
949 1106 1087 1162 φαιὸν
1124 1103 1486 1160 ἀποσκοποῦντες

39 1221 50 1226 -
102 1230 184 1265 vat.
197 1230 247 1264 M.
277 1231 319 1264 In
343 1231 558 1265 Stallbaumii
581 1243 650 1265 sec.
671 1243 759 1266 coin-

102 1287 156 1309 ma
180 1281 259 1311 ante
283 1277 400 1311 haec·
393 1277 541 1321 positum
565 1281 626 1311 est.

149 1318 285 1377 ἔφη,]’
273 1320 363 1377 ε’φηε
386 1323 486 1358 vind.
507 1324 549 1356 E.
576 1321 622 1366 ἕφ
594 1335 658 1366 φ.η
686 1324 762 1357 Ald.

148 1364 279 1411 ἄλλως]
305 1365 380 1402 ἄλλ’
400 1380 451 1408 ως
474 1368 559 1402 Lob.
574 1369 672 1402 vind.
686 1370 762 1404 EF.

103 1417 139 1447 et
161 1418 241 1447 ante
259 1425 346 1448 corr.
361 1415 402 1448 Β.

146 1459 331 1494 τοιοῦτον.
354 1456 456 1506 Ἀλλ’]
480 1461 668 1503 τοιοῦτον,
685 1458 762 1495 ἀλλ’

148 1548 328 1604 &spon-03]
353 1549 506 1595 φέροιτο
532 1550 645 1596 κάτω,
672 1554 763 1587 Flor.

104 1596 145 1629 C.
180 1601 215 1630 et
256 1596 423 1631 editiones
464 1610 578 1632 omnes
620 1606 766 1652 excepta

102 1642 273 1684 Bekkeri,
306 1643 364 1687 qui
399 1655 484 1678 unus
515 1641 628 1678 πάλιν
661 1645 765 1690 idque

104 1688 259 1721 enclitico
283 1693 418 1722 auctum
442 1690 475 1725 h.
496 1691 516 1723 l.
543 1696 634 1725 retro
657 1691 765 1734 signi-

103 1734 210 1767 ficare
242 1734 420 1768 intellexit.
492 1736 552 1770 Sic
581 1737 764 1791 Emipides

103 1779 189 1813 Hec.
213 1780 292 1814 958.
317 1778 430 1814 πάλιν
447 1793 485 1815 τε
504 1794 566 1816 και
584 1780 711 1826 πρόσω
728 1786 766 1816 ut

105 1825 240 1859 diversa
263 1827 461 1883 composuit.
510 1827 565 1861 Cf
591 1829 764 1885 Aiistoph.

104 1871 174 1927 Eq.
218 1870 308 1905 499·
351 1871 415 1906 καὶ
452 1872 608 1929 νικήσας
650 1874 766 1914 αὐθις

105 1913 250 1951 ἐκεῖθεν
283 1915 395 1951 πάλιν
432 1930 484 1958 ως
512 1932 612 1963 ημας
640 1918 766 1960 ἔλθοις

104 1960 303 2018 στεφάνοις
320 1961 569 2005 κατάπαστος.
584 1966 671 2001 244:
689 1963 764 2000 ἀλλ’

107 2006 251 2051 ἀμύνου
291 2006 607 2068 κάπαναστρέφου
639 2011 764 2047 πάλιν.

104 2054 195 2088 Plut.
207 2056 296 2090 779·
323 2052 406 2089 αλλ’
430 2053 528 2091 αὐτοὶ
548 2055 674 2092 πάντα
693 2057 764 2092 πά-

105 2101 162 2134 λιν
200 2097 441 2158 ἀναστρέψας
471 2100 549 2158 ἐγὼ
574 2104 680 2146 δείξω
720 2102 763 2139 τὰ

106 2144 239 2180 λοιπὸν
273 2147 388 2181 πᾶσιν
418 2145 657 2193 ἀνθρώποις,
708 2147 766 2185 ὅτι

106 2187 208 2225 ἄκων
225 2189 384 2235 ἐμαυτὸν
402 2197 481 2234 τοῖς
499 2199 680 2252 πονηροῖς
692 2194 765 2231 ἐνε-

107 2236 422 2273 δίδουν.1’<“10111115
440 2239 552 2275 πάλιν
570 2240 607 2285 γ’
628 2245 766 2283 itm-‚um

106 2281 262 2327 φέροιτο
274 2285 464 2328 deferatur,
473 2299 575 2321 κατω
586 2286 769 2331 φέρεσθαι

107 2330 264 2364 deorsum
277 2332 369 2373 ferri
392 2331 638 2376 interpretatus
654 2339 718 2368 est.

153 2374 284 2420 οἴοιτο]
312 2376 424 2411 οἱέιτο
450 2390 526 2411 cum
551 2391 586 2413 οι
609 2392 711 2426 super
735 2392 766 2414 ει

104 2421 204 2458 Vind.
228 2421 268 2455 F.
294 2422 365 2456 οἴει
388 2423 485 2457 Vind.
509 2425 553 2460 E.

151 2464 300 2522 πασχοι]
325 2479 456 2512 πασχει
479 2470 570 2505 Flor.
595 2473 638 2506 R.

150 2509 214 2568 μη]
246 2516 398 2548 nondum
419 2515 496 2550 Fic.

152 2554 276 2613 ὄντος]
301 2573 418 2600 οντως
441 2562 540 2597 Vind.
564 2563 608 2597 F.
633 2575 721 2598 corr.

151 2602 294 2650 κάτως]
327 2604 438 2640 κάτω.
470 2608 545 2642 Ald.
592 2609 631 2643 In
664 2610 762 2644 vind.

105 2650 151 2685 F.
175 2651 266 2685 nulla
287 2652 513 2707 interpunctio
540 2659 603 2688 est.

154 2692 315 2741 ἄπειροι]
343 2697 380 2732 οὶ
411 2694 446 2732 ἅ.
481 2700 577 2734 Viud.
602 2701 641 2734 F.
677 2702 763 2746 Ang.

106 2742 147 2776 B.
170 2743 267 2776 Flor.
288 2744 331 2778 R.

140 2784 281 2843 ὑγιεῖς]
304 2785 418 2844 υγιεὶς
444 2790 523 2824 Bas.
549 2793 602 2826 ab.

152 2831 278 2880 δόξας]
304 2833 413 2878 δόξαι
434 2837 511 2872 Ald.
537 2838 616 2872 Bas.
642 2840 695 2873 ab.

184 2893 388 2935 PLA'roms
418 2894 491 2935 ΟΡ.
524 2895 597 2936 III.

865 1230 1000 1275 ἔχουσι]
1027 1229 1131 1274 ἔχωσι
1163 1232 1249 1267 Lob.
1274 1234 1354 1268 vat.
1384 1235 1432 1270 Μ.

865 1277 928 1311 καὶ
948 1276 1008 1321 τὸ]
1030 1278 1137 1311 nocivo
1158 1278 1243 1313 Lob.

866 1323 1028 1378 οἴονται]
1053 1323 1207 1358 οἰωνται
1230 1325 1311 1360 Bas.
1336 1326 1389 1359 ab.

866 1370 916 1412 τῷ
941 1365 1036 1413 ὄντι]
1061 1369 1196 1404 τωόντι
1223 1371 1323 1406 Vind.
1348 1372 1390 1405 Ε.

865 1414 908 1450 τὸ
926 1413 1079 1470 μεταξυ]
1103 1415 1284 1459 τομεταξύ
1306 1417 1405 1451 idem.

865 1459 1050 1505 πληρώσει
1076 1473 1114 1495 τε
1141 1462 1204 1496 καὶ
1228 1460 1366 1508 ἡδονῇ]
1391 1462 1485 1508 πλή-

823 1507 935 1550 ρωσίν
956 1519 995 1541 τε
1012 1520 1074 1541 και
1085 1505 1229 1552 ηδονην
1248 1510 1339 1543 Mon.
1354 1510 1392 1543 B.
1405 1511 1484 1545 Par.

822 1553 898 1586 DK.
923 1554 1014 1587 Flor.
1037 1555 1082 1588 U.
1108 1560 1251 1587 etam.
1277 1567 1304 1589 s.
1337 1557 1421 1590 ven.
1442 1557 1484 1591 C.

823 1599 879 1633 Cf.
904 1605 1024 1633 notata
1048 1600 1090 1633 ad
1118 1600 1275 1636 1,.1111
1304 1613 1336 1646 p.
1349 1603 1425 1637 567.
1443 1605 1484 1636 A.

867 1646 1078 1689 γίγνεσθαι]
1114 1646 1184 1689 γίν.
1221 1647 1316 1681 Vind.
1349 1648 1388 1683 B.
1421 1648 1485 1683 καὶ

821 1691 1012 1734 γίγνεσθαι
1046 1692 1235 1725 Pa1.DK.
1271 1705 1337 1726 sec.
1372 1694 1482 1728 ssekk.

821 1735 1005 1790 φέρεσθαι
1025 1738 1117 1772 Mon.
1142 1739 1182 1771 Β.
1209 1738 1300 1772 Flor.
1326 1740 1370 1773 U.

869 1779 991 1826 ὥσπερ
1021 1780 1137 1828 [cm]
1181 1784 1388 1819 Particulam
1431 1785 1484 1828 δὲ,

821 1839 920 1873 quam
952 1829 1053 1873 vulgo
1084 1829 1117 1862 in
1151 1830 1354 1864 editionibus
1389 1837 1425 1866 et
1449 1833 1485 1867 in

821 1875 992 1919 plerisque
1025 1875 1196 1909 codicibus
1230 1876 1384 1910 omissam
1413 1879 1486 1923 pri-

820 1932 895 1954 mus
919 1933 959 1954 ex
985 1921 1078 1956 Mon.
1104 1922 1145 1955 B.
1171 1922 1325 1956 exhibuit
1347 1924 1484 1958 Bekke-

820 1977 901 2007 rus,
932 1970 1003 2001 tum
1027 1966 1141 2001 Astius
1171 1967 1205 2001 111
1237 1972 1317 2003 tert.
1353 1973 1388 2003 et
1413 1972 1484 2004 suf-

818 2013 978 2057 fragante
1017 2013 1112 2046 Flor.
1146 2014 1190 2047 U.
1239 2015 1484 2050 Stallbaumius

822 2059 966 2104 recepit,
988 2071 1030 2093 ne
1051 2060 1147 2093 nobis
1171 2059 1307 2104 quidem
1327 2062 1484 2096 omitten-

823 2105 898 2138 dam
939 2105 1155 2150 putavimus,
1195 2105 1274 2150 quia
1314 2108 1370 2140 vel
1409 2120 1484 2142 eam

821 2151 929 2195 ipsam
956 2151 1010 2184 vel
1043 2151 1154 2185 simile
1183 2151 1266 2196 quid
1298 2164 1318 2186 a
1341 2153 1484 2188 Platone

822 2197 997 2241 scriptum,
1020 2209 1086 2230 non
1111 2197 1296 2231 orationem
1321 2202 1389 2232 tam
1414 2201 1484 2234 dis-

822 2242 977 2284 solutam,
997 2255 1099 2287 quam
1122 2243 1223 2287 vulgo
1248 2248 1334 2285 erat,
1358 2247 1483 2280 factam

823 2300 900 2322 esse
931 2289 1114 2322 verisimile
1138 2297 1200 2322 est.
1248 2290 1316 2323 Sed
1342 2303 1385 2324 ne
1407 2293 1483 2337 plus

824 2334 877 2377 ei,
907 2346 1009 2379 quam
1044 2335 1258 2369 coniecturae
1297 2338 1486 2372 auctorita-

820 2386 891 2414 tem
911 2380 1112 2422 tribuamus,
1136 2381 1288 2414 codicum
1311 2384 1399 2417 ratio
1419 2384 1484 2418 hoc

820 2426 895 2471 ipso
927 2426 961 2460 111
991 2427 1065 2460 loco
1105 2426 1204 2460 valde
1237 2427 1290 2460 sui
1332 2429 1486 2464 similium

821 2473 990 2507 admonet.
1057 2473 1106 2506 Ac
1151 2476 1266 2517 potest
1307 2475 1407 2509 etiam
1445 2488 1485 2511 τε

820 2522 900 2563 post
923 2514 1046 2562 ὥσπερ
1071 2518 1125 2551 vel
1148 2517 1212 2553 καὶ
1235 2524 1315 2554 ante
1333 2521 1370 2554 id
1391 2523 1486 2556 exci-

820 2565 933 2607 disse,
967 2576 1034 2609 quo
1069 2564 1301 2608 supplemento
1343 2567 1485 2602 Ficinus

820 2622 902 2644 usus
925 2615 959 2644 et
984 2611 1268 2654 quemadmodum
1287 2613 1411 2657 posuit,
1429 2614 1485 2647 cui

820 2655 921 2689 lectio
945 2656 1024 2690 Par.
1047 2655 1123 2689 DK.
1152 2658 1302 2700 proxime
1338 2671 1484 2693 comme-

825 2705 957 2736 morata
986 2702 1227 2746 quodammodo
1258 2705 1364 2738 favet.
1411 2706 1485 2739 Ita-

821 2760 889 2792 que
928 2748 1068 2782 uncinos
1103 2748 1243 2783 adhibui
1279 2753 1317 2784 ut
1353 2751 1430 2787 Vol.
1455 2751 1482 2786 I.

867 2836 961 2883 πρὸς
969 2837 1083 2883 μέλαν
1092 2838 1209 2884 φαιὸν
1220 2837 1484 2877 ἀποσκοποῦν-

1234 2900 1264 2939 L

1508 1329 1574 1364 585
