<?xml version="1.0" encoding="UTF-8"?>
<!DOCTYPE html PUBLIC "-//W3C//DTD XHTML 1.0 Transitional//EN"
    "http://www.w3.org/TR/xhtml1/DTD/xhtml1-transitional.dtd">
<html xmlns="http://www.w3.org/1999/xhtml" xml:lang="en" lang="en">
 <head>
  <title>
</title>
<meta http-equiv="Content-Type" content="text/html;charset=utf-8" />
  <meta name='ocr-system' content='tesseract 3.04.00' />
  <meta name='ocr-capabilities' content='ocr_page ocr_carea ocr_par ocr_line ocrx_word'/>
</head>
<body>
  <div class='ocr_page' id='page_1' title='image "./operagraecerecen01platuoft_0381.png"; bbox 0 0 1764 3176; ppageno 0'>
   <div class='ocr_carea' id='block_1_1' title="bbox 472 158 1526 202">
    <p class='ocr_par' dir='ltr' id='par_1_1' title="bbox 472 158 1526 202">
     <span class='ocr_line' id='line_1_1' title="bbox 472 158 1526 202; baseline -0.002 0"><span class='ocrx_word' id='word_1_1' title='bbox 472 158 808 202; x_wconf 87' lang='lat' dir='ltr'><strong>CIVITAS</strong></span> <span class='ocrx_word' id='word_1_2' title='bbox 838 158 961 201; x_wconf 93' lang='lat' dir='ltr'><strong>LIB</strong></span> <span class='ocrx_word' id='word_1_3' title='bbox 988 158 1049 201; x_wconf 91' lang='lat' dir='ltr'><strong>X.</strong></span> <span class='ocrx_word' id='word_1_4' title='bbox 1083 163 1151 198; x_wconf 85' lang='lat'><strong>603</strong></span> <span class='ocrx_word' id='word_1_5' title='bbox 1414 160 1526 200; x_wconf 50' lang='lat'>225&lt;</span> 
     </span>
    </p>
   </div>
   <div class='ocr_carea' id='block_1_2' title="bbox 108 265 1499 327">
    <p class='ocr_par' dir='ltr' id='par_1_2' title="bbox 108 265 1499 327">
     <span class='ocr_line' id='line_1_2' title="bbox 108 265 1499 327; baseline -0.004 -11"><span class='ocrx_word' id='word_1_6' title='bbox 108 269 407 326; x_wconf 80' lang='grc' dir='ltr'><em>πιστεύσωμεν</em></span> <span class='ocrx_word' id='word_1_7' title='bbox 438 270 486 314; x_wconf 79' lang='grc' dir='ltr'><strong>ἐκ</strong></span> <span class='ocrx_word' id='word_1_8' title='bbox 523 274 600 327; x_wconf 81' lang='grc' dir='ltr'><em>τῆς</em></span> <span class='ocrx_word' id='word_1_9' title='bbox 636 273 876 326; x_wconf 80' lang='grc' dir='ltr'><em>γραφικῆς,</em></span> <span class='ocrx_word' id='word_1_10' title='bbox 921 267 1031 313; x_wconf 76' lang='grc' dir='ltr'><em>ἀλλὰ</em></span> <span class='ocrx_word' id='word_1_11' title='bbox 1066 271 1140 315; x_wconf 85' lang='grc' dir='ltr'><em>καὶ</em></span> <span class='ocrx_word' id='word_1_12' title='bbox 1180 269 1248 314; x_wconf 78' lang='grc' dir='ltr'><strong>ἐπ’</strong></span> <span class='ocrx_word' id='word_1_13' title='bbox 1292 266 1399 312; x_wconf 81' lang='grc' dir='ltr'><em>αὐτὸ</em></span> <span class='ocrx_word' id='word_1_14' title='bbox 1440 265 1499 312; x_wconf 83' lang='grc' dir='ltr'><em>αὖ</em></span> 
     </span>
    </p>
   </div>
   <div class='ocr_carea' id='block_1_3' title="bbox 110 335 1559 396">
    <p class='ocr_par' dir='ltr' id='par_1_3' title="bbox 110 335 1559 396">
     <span class='ocr_line' id='line_1_3' title="bbox 110 335 1559 396; baseline -0.004 -11"><span class='ocrx_word' id='word_1_15' title='bbox 110 342 307 396; x_wconf 76' lang='grc' dir='ltr'><em>ἔλθωμεν</em></span> <span class='ocrx_word' id='word_1_16' title='bbox 333 342 409 394; x_wconf 84' lang='grc' dir='ltr'><em>τῆς</em></span> <span class='ocrx_word' id='word_1_17' title='bbox 440 341 639 389; x_wconf 83' lang='grc' dir='ltr'><em>διανοίας</em></span> <span class='ocrx_word' id='word_1_18' title='bbox 667 342 823 389; x_wconf 81' lang='grc' dir='ltr'><em>τοῦτο,</em></span> <span class='ocrx_word' id='word_1_19' title='bbox 857 339 891 394; x_wconf 75' lang='grc' dir='ltr'><em>ᾧ</em></span> <span class='ocrx_word' id='word_1_20' title='bbox 921 342 1180 394; x_wconf 81' lang='grc' dir='ltr'><em>προσομιλεῖ</em></span> <span class='ocrx_word' id='word_1_21' title='bbox 1205 336 1234 395; x_wconf 83' lang='grc' dir='ltr'><em>ἦ</em></span> <span class='ocrx_word' id='word_1_22' title='bbox 1265 340 1343 393; x_wconf 84' lang='grc' dir='ltr'><em>τῆς</em></span> <span class='ocrx_word' id='word_1_23' title='bbox 1373 335 1496 392; x_wconf 87' lang='grc' dir='ltr'><em>ποιή-</em></span> <span class='ocrx_word' id='word_1_24' title='bbox 1527 341 1559 384; x_wconf 89' lang='lat' dir='ltr'>C</span> 
     </span>
    </p>
   </div>
   <div class='ocr_carea' id='block_1_4' title="bbox 111 403 1496 464">
    <p class='ocr_par' dir='ltr' id='par_1_4' title="bbox 111 403 1496 464">
     <span class='ocr_line' id='line_1_4' title="bbox 111 403 1496 464; baseline -0.006 -10"><span class='ocrx_word' id='word_1_25' title='bbox 111 421 237 459; x_wconf 84' lang='grc' dir='ltr'><em>σεως</em></span> <span class='ocrx_word' id='word_1_26' title='bbox 245 406 481 464; x_wconf 85' lang='grc' dir='ltr'><em>μιμητικὴ,</em></span> <span class='ocrx_word' id='word_1_27' title='bbox 504 408 578 453; x_wconf 82' lang='grc' dir='ltr'><em>καὶ</em></span> <span class='ocrx_word' id='word_1_28' title='bbox 606 409 770 463; x_wconf 80' lang='grc' dir='ltr'><em>ἴδωμεν</em></span> <span class='ocrx_word' id='word_1_29' title='bbox 800 410 998 462; x_wconf 84' lang='grc' dir='ltr'><em>φαῦλον,</em></span> <span class='ocrx_word' id='word_1_30' title='bbox 1029 403 1057 459; x_wconf 82' lang='grc' dir='ltr'><em>ἢ</em></span> <span class='ocrx_word' id='word_1_31' title='bbox 1087 405 1335 449; x_wconf 84' lang='grc' dir='ltr'><em>σπουδαῖόν</em></span> <span class='ocrx_word' id='word_1_32' title='bbox 1364 404 1496 447; x_wconf 81' lang='grc' dir='ltr'><em>ἐστιν.</em></span> 
     </span>
    </p>
   </div>
   <div class='ocr_carea' id='block_1_5' title="bbox 107 473 366 531">
    <p class='ocr_par' dir='ltr' id='par_1_5' title="bbox 107 473 366 531">
     <span class='ocr_line' id='line_1_5' title="bbox 107 473 366 531; baseline -0.004 -10.983"><span class='ocrx_word' id='word_1_33' title='bbox 107 474 231 520; x_wconf 79' lang='grc' dir='ltr'><strong>Ἀλλά</strong></span> <span class='ocrx_word' id='word_1_34' title='bbox 269 473 366 531; x_wconf 83' lang='grc' dir='ltr'>χρή.</span> 
     </span>
    </p>
   </div>
   <div class='ocr_carea' id='block_1_6' title="bbox 426 469 1498 531">
    <p class='ocr_par' dir='ltr' id='par_1_6' title="bbox 426 469 1498 531">
     <span class='ocr_line' id='line_1_6' title="bbox 426 469 1498 531; baseline -0.002 -12.977"><span class='ocrx_word' id='word_1_35' title='bbox 426 469 531 518; x_wconf 78' lang='grc' dir='ltr'><strong>Ὧδε</strong></span> <span class='ocrx_word' id='word_1_36' title='bbox 570 474 623 531; x_wconf 76' lang='grc' dir='ltr'><strong>δή</strong></span> <span class='ocrx_word' id='word_1_37' title='bbox 663 474 952 530; x_wconf 82' lang='grc' dir='ltr'><em>προθώμεθα.</em></span> <span class='ocrx_word' id='word_1_38' title='bbox 1002 471 1296 528; x_wconf 74' lang='grc' dir='ltr'><em>πράττοντας,</em></span> <span class='ocrx_word' id='word_1_39' title='bbox 1337 472 1498 529; x_wconf 79' lang='grc' dir='ltr'><em>φαμὲν,</em></span> 
     </span>
    </p>
   </div>
   <div class='ocr_carea' id='block_1_7' title="bbox 106 540 1497 736">
    <p class='ocr_par' dir='ltr' id='par_1_7' title="bbox 106 540 1497 736">
     <span class='ocr_line' id='line_1_7' title="bbox 109 540 1497 599; baseline -0.004 -10"><span class='ocrx_word' id='word_1_40' title='bbox 109 541 378 598; x_wconf 74' lang='grc' dir='ltr'><em>ἀνθρώπους</em></span> <span class='ocrx_word' id='word_1_41' title='bbox 420 547 610 599; x_wconf 83' lang='grc' dir='ltr'><em>μιμεῖται</em></span> <span class='ocrx_word' id='word_1_42' title='bbox 652 541 680 599; x_wconf 86' lang='grc' dir='ltr'><strong><em>ἡ</em></strong></span> <span class='ocrx_word' id='word_1_43' title='bbox 729 542 936 599; x_wconf 79' lang='grc' dir='ltr'><em>μιμητική</em></span> <span class='ocrx_word' id='word_1_44' title='bbox 986 544 1159 598; x_wconf 84' lang='grc' dir='ltr'><em>βιαίους</em></span> <span class='ocrx_word' id='word_1_45' title='bbox 1214 540 1243 598; x_wconf 80' lang='grc' dir='ltr'><strong><em>ἢ</em></strong></span> <span class='ocrx_word' id='word_1_46' title='bbox 1292 541 1497 593; x_wconf 79' lang='grc' dir='ltr'><em>ἑκουσίας</em></span> 
     </span>
     <span class='ocr_line' id='line_1_8' title="bbox 107 608 1497 690; baseline -0.002 -34"><span class='ocrx_word' id='word_1_47' title='bbox 107 611 284 667; x_wconf 83' lang='grc' dir='ltr'><em>πραξεις</em></span> <span class='ocrx_word' id='word_1_48' title='bbox 315 612 391 656; x_wconf 82' lang='grc' dir='ltr'><em>καὶ</em></span> <span class='ocrx_word' id='word_1_49' title='bbox 429 610 477 655; x_wconf 78' lang='grc' dir='ltr'><strong>ἐκ</strong></span> <span class='ocrx_word' id='word_1_50' title='bbox 513 614 597 655; x_wconf 84' lang='grc' dir='ltr'><em>τοῦ</em></span> <span class='ocrx_word' id='word_1_51' title='bbox 634 625 841 690; x_wconf 81' lang='grc' dir='ltr'><em>πραττειν</em></span> <span class='ocrx_word' id='word_1_52' title='bbox 879 610 910 668; x_wconf 77' lang='grc' dir='ltr'><strong><em>ἦ</em></strong></span> <span class='ocrx_word' id='word_1_53' title='bbox 940 611 990 654; x_wconf 88' lang='grc' dir='ltr'><strong>εὐ</strong></span> <span class='ocrx_word' id='word_1_54' title='bbox 1022 610 1255 667; x_wconf 80' lang='grc' dir='ltr'><em>οἰομένους</em></span> <span class='ocrx_word' id='word_1_55' title='bbox 1293 608 1321 666; x_wconf 82' lang='grc' dir='ltr'><em>ἢ</em></span> <span class='ocrx_word' id='word_1_56' title='bbox 1350 613 1497 661; x_wconf 76' lang='grc' dir='ltr'><em>κακῶς</em></span> 
     </span>
     <span class='ocr_line' id='line_1_9' title="bbox 106 676 1496 736; baseline -0.002 -11"><span class='ocrx_word' id='word_1_57' title='bbox 106 679 374 736; x_wconf 77' lang='grc' dir='ltr'><em>πεπραγέναι</em></span> <span class='ocrx_word' id='word_1_58' title='bbox 411 680 487 723; x_wconf 80' lang='grc' dir='ltr'><em>καὶ</em></span> <span class='ocrx_word' id='word_1_59' title='bbox 527 695 574 723; x_wconf 88' lang='grc' dir='ltr'><em>εν</em></span> <span class='ocrx_word' id='word_1_60' title='bbox 611 677 788 729; x_wconf 86' lang='grc' dir='ltr'><em>τούτοις</em></span> <span class='ocrx_word' id='word_1_61' title='bbox 819 676 873 734; x_wconf 78' lang='grc' dir='ltr'><strong>δὴ</strong></span> <span class='ocrx_word' id='word_1_62' title='bbox 903 682 1036 721; x_wconf 80' lang='grc' dir='ltr'><em>πᾶσιν</em></span> <span class='ocrx_word' id='word_1_63' title='bbox 1065 677 1093 736; x_wconf 84' lang='grc' dir='ltr'><strong><em>ἢ</em></strong></span> <span class='ocrx_word' id='word_1_64' title='bbox 1130 677 1437 735; x_wconf 81' lang='grc' dir='ltr'><em>λυπουμένους</em></span> <span class='ocrx_word' id='word_1_65' title='bbox 1467 676 1496 734; x_wconf 78' lang='grc' dir='ltr'><strong><em>ἢ</em></strong></span> 
     </span>
    </p>
   </div>
   <div class='ocr_carea' id='block_1_8' title="bbox 106 740 1256 806">
    <p class='ocr_par' dir='ltr' id='par_1_8' title="bbox 106 740 1256 806">
     <span class='ocr_line' id='line_1_10' title="bbox 106 740 1256 806; baseline -0.003 -14"><span class='ocrx_word' id='word_1_66' title='bbox 106 749 353 806; x_wconf 85' lang='grc' dir='ltr'><em>χαίροντας.</em></span> <span class='ocrx_word' id='word_1_67' title='bbox 393 745 455 804; x_wconf 85' lang='grc' dir='ltr'><em>μή</em></span> <span class='ocrx_word' id='word_1_68' title='bbox 483 763 524 790; x_wconf 87' lang='grc' dir='ltr'><strong>τι</strong></span> <span class='ocrx_word' id='word_1_69' title='bbox 554 745 661 791; x_wconf 74' lang='grc' dir='ltr'><em>ἄλλο</em></span> <span class='ocrx_word' id='word_1_70' title='bbox 692 740 721 803; x_wconf 81' lang='grc' dir='ltr'><em>ᾗ</em></span> <span class='ocrx_word' id='word_1_71' title='bbox 751 745 873 802; x_wconf 76' lang='grc' dir='ltr'><em>παρὰ</em></span> <span class='ocrx_word' id='word_1_72' title='bbox 902 749 1063 799; x_wconf 65' lang='grc' dir='ltr'><em>ταῦτα,</em></span> <span class='ocrx_word' id='word_1_73' title='bbox 1099 744 1256 790; x_wconf 83' lang='grc' dir='ltr'>Οὐδέν.</span> 
     </span>
    </p>
   </div>
   <div class='ocr_carea' id='block_1_9' title="bbox 109 905 774 999">
    <p class='ocr_par' dir='ltr' id='par_1_9' title="bbox 109 905 773 999">
     <span class='ocr_line' id='line_1_11' title="bbox 154 905 773 963; baseline -0.003 -20"><span class='ocrx_word' id='word_1_74' title='bbox 154 906 339 953; x_wconf 85' lang='grc' dir='ltr'><em>ποιήσεως</em></span> <span class='ocrx_word' id='word_1_75' title='bbox 379 907 576 963; x_wconf 85' lang='grc' dir='ltr'><em>μιμητικὴ]</em></span> <span class='ocrx_word' id='word_1_76' title='bbox 614 919 654 944; x_wconf 88' lang='grc' dir='ltr'><strong>π.</strong></span> <span class='ocrx_word' id='word_1_77' title='bbox 682 905 705 952; x_wconf 84' lang='grc' dir='ltr'><em>ἦ</em></span> <span class='ocrx_word' id='word_1_78' title='bbox 735 920 773 952; x_wconf 87' lang='grc' dir='ltr'>μ.</span> 
     </span>
     <span class='ocr_line' id='line_1_12' title="bbox 109 953 774 999; baseline -0.003 -9"><span class='ocrx_word' id='word_1_79' title='bbox 109 956 194 991; x_wconf 86' lang='lat' dir='ltr'><strong>ven.</strong></span> <span class='ocrx_word' id='word_1_80' title='bbox 220 957 259 989; x_wconf 92' lang='lat' dir='ltr'><strong>B.</strong></span> <span class='ocrx_word' id='word_1_81' title='bbox 288 957 369 989; x_wconf 85' lang='lat' dir='ltr'><strong>Bas.</strong></span> <span class='ocrx_word' id='word_1_82' title='bbox 393 956 427 989; x_wconf 90' lang='lat' dir='ltr'><strong>b.</strong></span> <span class='ocrx_word' id='word_1_83' title='bbox 458 953 643 999; x_wconf 82' lang='grc' dir='ltr'><em>μιμήσεως</em></span> <span class='ocrx_word' id='word_1_84' title='bbox 666 966 774 998; x_wconf 91' lang='grc' dir='ltr'><em>ποιη-</em></span> 
     </span>
    </p>
   </div>
   <div class='ocr_carea' id='block_1_10' title="bbox 109 999 367 1045">
    <p class='ocr_par' dir='ltr' id='par_1_10' title="bbox 109 999 367 1045">
     <span class='ocr_line' id='line_1_13' title="bbox 109 999 367 1045; baseline 0 -10"><span class='ocrx_word' id='word_1_85' title='bbox 109 999 191 1045; x_wconf 78' lang='grc' dir='ltr'><em>τικὴ</em></span> <span class='ocrx_word' id='word_1_86' title='bbox 218 1002 297 1035; x_wconf 87' lang='lat' dir='ltr'><strong>Par.</strong></span> <span class='ocrx_word' id='word_1_87' title='bbox 321 1001 367 1036; x_wconf 88' lang='lat' dir='ltr'><strong>K.</strong></span> 
     </span>
    </p>
   </div>
   <div class='ocr_carea' id='block_1_11' title="bbox 154 1055 727 1149">
    <p class='ocr_par' dir='ltr' id='par_1_11' title="bbox 154 1055 727 1149">
     <span class='ocr_line' id='line_1_14' title="bbox 154 1055 727 1102; baseline 0 -10"><span class='ocrx_word' id='word_1_88' title='bbox 154 1057 230 1102; x_wconf 80' lang='grc' dir='ltr'><em>καὶ]</em></span> <span class='ocrx_word' id='word_1_89' title='bbox 257 1055 351 1092; x_wconf 79' lang='grc' dir='ltr'><em>οἷλλά</em></span> <span class='ocrx_word' id='word_1_90' title='bbox 375 1057 439 1093; x_wconf 81' lang='grc' dir='ltr'><em>καὶ</em></span> <span class='ocrx_word' id='word_1_91' title='bbox 461 1059 548 1092; x_wconf 93' lang='lat' dir='ltr'><strong>Lob.</strong></span> <span class='ocrx_word' id='word_1_92' title='bbox 571 1059 651 1093; x_wconf 88' lang='lat' dir='ltr'><strong>Vat.</strong></span> <span class='ocrx_word' id='word_1_93' title='bbox 677 1057 727 1092; x_wconf 90' lang='lat' dir='ltr'><strong>M.</strong></span> 
     </span>
     <span class='ocr_line' id='line_1_15' title="bbox 155 1105 577 1149; baseline -0.002 -10"><span class='ocrx_word' id='word_1_94' title='bbox 155 1105 318 1149; x_wconf 83' lang='grc' dir='ltr'><em>φαῦλον]</em></span> <span class='ocrx_word' id='word_1_95' title='bbox 344 1105 379 1139; x_wconf 82' lang='grc' dir='ltr'><strong>εἰ</strong></span> <span class='ocrx_word' id='word_1_96' title='bbox 400 1117 440 1149; x_wconf 84' lang='grc' dir='ltr'><strong>φ.</strong></span> <span class='ocrx_word' id='word_1_97' title='bbox 465 1105 577 1138; x_wconf 89' lang='lat' dir='ltr'><strong>iidem.</strong></span> 
     </span>
    </p>
   </div>
   <div class='ocr_carea' id='block_1_12' title="bbox 109 1167 775 1322">
    <p class='ocr_par' dir='ltr' id='par_1_12' title="bbox 109 1167 775 1322">
     <span class='ocr_line' id='line_1_16' title="bbox 154 1167 775 1218; baseline -0.006 -8"><span class='ocrx_word' id='word_1_98' title='bbox 154 1169 204 1218; x_wconf 80' lang='grc' dir='ltr'><strong>ἦ]</strong></span> <span class='ocrx_word' id='word_1_99' title='bbox 229 1167 258 1218; x_wconf 74' lang='grc' dir='ltr'><em>ἦ</em></span> <span class='ocrx_word' id='word_1_100' title='bbox 275 1172 339 1208; x_wconf 81' lang='grc' dir='ltr'><em>καὶ</em></span> <span class='ocrx_word' id='word_1_101' title='bbox 362 1173 475 1208; x_wconf 85' lang='lat' dir='ltr'><strong>iidem.</strong></span> <span class='ocrx_word' id='word_1_102' title='bbox 499 1172 562 1207; x_wconf 83' lang='grc' dir='ltr'><em>καὶ</em></span> <span class='ocrx_word' id='word_1_103' title='bbox 585 1173 666 1207; x_wconf 88' lang='lat' dir='ltr'><strong>Vat.</strong></span> <span class='ocrx_word' id='word_1_104' title='bbox 691 1174 732 1207; x_wconf 90' lang='lat' dir='ltr'><strong>B.</strong></span> <span class='ocrx_word' id='word_1_105' title='bbox 754 1184 775 1206; x_wconf 87' lang='lat' dir='ltr'><strong>a</strong></span> 
     </span>
     <span class='ocr_line' id='line_1_17' title="bbox 109 1231 230 1265; baseline 0 -12"><span class='ocrx_word' id='word_1_106' title='bbox 109 1231 154 1254; x_wconf 86' lang='lat' dir='ltr'><strong>m.</strong></span> <span class='ocrx_word' id='word_1_107' title='bbox 177 1231 230 1265; x_wconf 87' lang='lat' dir='ltr'><strong>pr.</strong></span> 
     </span>
     <span class='ocr_line' id='line_1_18' title="bbox 157 1274 627 1322; baseline -0.006 -11"><span class='ocrx_word' id='word_1_108' title='bbox 157 1274 269 1322; x_wconf 77' lang='grc' dir='ltr'><em>ἐστιν]</em></span> <span class='ocrx_word' id='word_1_109' title='bbox 296 1274 394 1311; x_wconf 76' lang='grc' dir='ltr'><em>ἔστιν</em></span> <span class='ocrx_word' id='word_1_110' title='bbox 419 1276 522 1309; x_wconf 76' lang='lat' dir='ltr'><strong>‘&#39;vind.</strong></span> <span class='ocrx_word' id='word_1_111' title='bbox 546 1275 590 1310; x_wconf 90' lang='lat' dir='ltr'><strong>F.</strong></span> <span class='ocrx_word' id='word_1_112' title='bbox 624 1292 627 1295; x_wconf 95' lang='lat'>·</span> 
     </span>
    </p>
   </div>
   <div class='ocr_carea' id='block_1_13' title="bbox 110 1342 690 1390">
    <p class='ocr_par' dir='ltr' id='par_1_13' title="bbox 110 1342 690 1390">
     <span class='ocr_line' id='line_1_19' title="bbox 110 1342 690 1390; baseline -0.009 -9"><span class='ocrx_word' id='word_1_113' title='bbox 110 1378 112 1381; x_wconf 90' lang='lat'><strong>.</strong></span> <span class='ocrx_word' id='word_1_114' title='bbox 155 1342 178 1390; x_wconf 79' lang='grc' dir='ltr'><em>ἢ</em></span> <span class='ocrx_word' id='word_1_115' title='bbox 205 1344 394 1390; x_wconf 78' lang='grc' dir='ltr'><em>μιμητικὴ]</em></span> <span class='ocrx_word' id='word_1_116' title='bbox 420 1345 456 1379; x_wconf 81' lang='grc' dir='ltr'><strong>εἰ</strong></span> <span class='ocrx_word' id='word_1_117' title='bbox 476 1357 512 1388; x_wconf 91' lang='grc' dir='ltr'><em>μ.</em></span> <span class='ocrx_word' id='word_1_118' title='bbox 538 1345 623 1379; x_wconf 88' lang='lat' dir='ltr'><strong>Ven.</strong></span> <span class='ocrx_word' id='word_1_119' title='bbox 650 1343 690 1377; x_wconf 87' lang='lat' dir='ltr'><strong>C.</strong></span> 
     </span>
    </p>
   </div>
   <div class='ocr_carea' id='block_1_14' title="bbox 156 1411 750 1468">
    <p class='ocr_par' dir='ltr' id='par_1_14' title="bbox 156 1411 750 1468">
     <span class='ocr_line' id='line_1_20' title="bbox 156 1411 750 1468; baseline -0.005 -20"><span class='ocrx_word' id='word_1_120' title='bbox 156 1411 339 1468; x_wconf 69' lang='grc' dir='ltr'><em>ἑκουσίας]</em></span> <span class='ocrx_word' id='word_1_121' title='bbox 367 1411 559 1452; x_wconf 80' lang='grc' dir='ltr'><em>εκουσίους</em></span> <span class='ocrx_word' id='word_1_122' title='bbox 581 1412 678 1467; x_wconf 84' lang='lat' dir='ltr'><strong>Flor.</strong></span> <span class='ocrx_word' id='word_1_123' title='bbox 703 1412 750 1446; x_wconf 92' lang='lat' dir='ltr'><strong>T.</strong></span> 
     </span>
    </p>
   </div>
   <div class='ocr_carea' id='block_1_15' title="bbox 107 1456 773 1541">
    <p class='ocr_par' dir='ltr' id='par_1_15' title="bbox 107 1456 773 1541">
     <span class='ocr_line' id='line_1_21' title="bbox 107 1456 773 1541; baseline -0.005 -47"><span class='ocrx_word' id='word_1_124' title='bbox 107 1506 140 1540; x_wconf 76' lang='lat' dir='ltr'><strong>V</strong></span> <span class='ocrx_word' id='word_1_125' title='bbox 153 1458 395 1541; x_wconf 54' lang='grc' dir='ltr'><em>σέεἶῖαγέναι]</em></span> <span class='ocrx_word' id='word_1_126' title='bbox 414 1456 672 1503; x_wconf 77' lang='grc' dir='ltr'><em>πεπραγμέναι</em></span> <span class='ocrx_word' id='word_1_127' title='bbox 687 1458 773 1492; x_wconf 91' lang='lat' dir='ltr'><strong>Lob.</strong></span> 
     </span>
     <span class='ocr_line' id='line_1_22' title="bbox 142 1518 160 1541; baseline 0 0"><span class='ocrx_word' id='word_1_128' title='bbox 142 1518 160 1541; x_wconf 83' lang='lat' dir='ltr'><strong>a</strong></span> 
     </span>
    </p>
   </div>
   <div class='ocr_carea' id='block_1_16' title="bbox 130 1561 703 1609">
    <p class='ocr_par' dir='ltr' id='par_1_16' title="bbox 130 1561 703 1609">
     <span class='ocr_line' id='line_1_23' title="bbox 130 1561 703 1609; baseline -0.003 -11"><span class='ocrx_word' id='word_1_129' title='bbox 130 1591 133 1594; x_wconf 36' lang='lat'><strong>⁴</strong></span> <span class='ocrx_word' id='word_1_130' title='bbox 155 1562 217 1609; x_wconf 85' lang='grc' dir='ltr'><strong>δὴ]</strong></span> <span class='ocrx_word' id='word_1_131' title='bbox 242 1561 291 1608; x_wconf 90' lang='grc' dir='ltr'><em>μὴ</em></span> <span class='ocrx_word' id='word_1_132' title='bbox 318 1563 419 1597; x_wconf 85' lang='lat' dir='ltr'><strong>Vind.</strong></span> <span class='ocrx_word' id='word_1_133' title='bbox 442 1563 518 1596; x_wconf 84' lang='lat' dir='ltr'><strong>BE.</strong></span> <span class='ocrx_word' id='word_1_134' title='bbox 543 1562 636 1596; x_wconf 93' lang='lat' dir='ltr'><strong>Mon.</strong></span> <span class='ocrx_word' id='word_1_135' title='bbox 663 1562 703 1596; x_wconf 92' lang='lat' dir='ltr'><strong>C.</strong></span> 
     </span>
    </p>
   </div>
   <div class='ocr_carea' id='block_1_17' title="bbox 109 1628 775 1714">
    <p class='ocr_par' dir='ltr' id='par_1_17' title="bbox 109 1628 775 1713">
     <span class='ocr_line' id='line_1_24' title="bbox 154 1628 775 1676; baseline -0.005 -10"><span class='ocrx_word' id='word_1_136' title='bbox 154 1633 269 1666; x_wconf 83' lang='grc' dir='ltr'><em>πᾶσιν</em></span> <span class='ocrx_word' id='word_1_137' title='bbox 292 1628 342 1676; x_wconf 82' lang='grc' dir='ltr'><strong>ἢ]</strong></span> <span class='ocrx_word' id='word_1_138' title='bbox 376 1631 470 1666; x_wconf 81' lang='grc' dir='ltr'><em>πᾶσι</em></span> <span class='ocrx_word' id='word_1_139' title='bbox 492 1631 596 1665; x_wconf 86' lang='lat' dir='ltr'><strong>iidem</strong></span> <span class='ocrx_word' id='word_1_140' title='bbox 627 1634 662 1664; x_wconf 86' lang='lat' dir='ltr'><strong>et</strong></span> <span class='ocrx_word' id='word_1_141' title='bbox 694 1631 775 1666; x_wconf 85' lang='lat' dir='ltr'><strong>Vat.</strong></span> 
     </span>
     <span class='ocr_line' id='line_1_25' title="bbox 109 1678 354 1714; baseline 0 -2"><span class='ocrx_word' id='word_1_142' title='bbox 109 1678 156 1713; x_wconf 87' lang='lat' dir='ltr'><strong>H.</strong></span> <span class='ocrx_word' id='word_1_143' title='bbox 185 1679 281 1714; x_wconf 84' lang='lat' dir='ltr'><strong>Flor.</strong></span> <span class='ocrx_word' id='word_1_144' title='bbox 307 1679 354 1713; x_wconf 90' lang='lat' dir='ltr'><strong>T.</strong></span> 
     </span>
    </p>
   </div>
   <div class='ocr_carea' id='block_1_18' title="bbox 108 1726 776 2884">
    <p class='ocr_par' dir='ltr' id='par_1_18' title="bbox 108 1726 776 2884">
     <span class='ocr_line' id='line_1_26' title="bbox 157 1726 775 1779; baseline -0.005 -10"><span class='ocrx_word' id='word_1_145' title='bbox 157 1733 207 1779; x_wconf 89' lang='grc' dir='ltr'><em>μή</em></span> <span class='ocrx_word' id='word_1_146' title='bbox 230 1747 268 1769; x_wconf 92' lang='grc' dir='ltr'><strong>τι</strong></span> <span class='ocrx_word' id='word_1_147' title='bbox 291 1730 380 1768; x_wconf 80' lang='grc' dir='ltr'><em>ἄλλο</em></span> <span class='ocrx_word' id='word_1_148' title='bbox 403 1727 430 1779; x_wconf 79' lang='grc' dir='ltr'><strong><em>ᾖ</em></strong></span> <span class='ocrx_word' id='word_1_149' title='bbox 446 1731 549 1777; x_wconf 83' lang='grc' dir='ltr'><em>παρὰ</em></span> <span class='ocrx_word' id='word_1_150' title='bbox 570 1733 691 1767; x_wconf 82' lang='grc' dir='ltr'><em>ταῦτα</em></span> <span class='ocrx_word' id='word_1_151' title='bbox 702 1734 725 1778; x_wconf 83' lang='grc'><strong>;]</strong></span> <span class='ocrx_word' id='word_1_152' title='bbox 749 1726 775 1778; x_wconf 78' lang='grc' dir='ltr'><em>ᾗ</em></span> 
     </span>
     <span class='ocr_line' id='line_1_27' title="bbox 110 1780 775 1816; baseline -0.006 0"><span class='ocrx_word' id='word_1_153' title='bbox 110 1794 176 1816; x_wconf 84' lang='grc' dir='ltr'><em>οηι.</em></span> <span class='ocrx_word' id='word_1_154' title='bbox 194 1781 309 1816; x_wconf 80' lang='lat' dir='ltr'><strong>vind.</strong></span> <span class='ocrx_word' id='word_1_155' title='bbox 334 1781 379 1815; x_wconf 91' lang='lat' dir='ltr'><strong>E.</strong></span> <span class='ocrx_word' id='word_1_156' title='bbox 420 1780 514 1814; x_wconf 92' lang='lat' dir='ltr'><strong>Mon.</strong></span> <span class='ocrx_word' id='word_1_157' title='bbox 539 1781 579 1813; x_wconf 93' lang='grc' dir='ltr'><strong>Β.</strong></span> <span class='ocrx_word' id='word_1_158' title='bbox 613 1780 704 1813; x_wconf 86' lang='lat' dir='ltr'><strong>Flor.</strong></span> <span class='ocrx_word' id='word_1_159' title='bbox 729 1780 775 1813; x_wconf 93' lang='lat' dir='ltr'><strong>U.</strong></span> 
     </span>
     <span class='ocr_line' id='line_1_28' title="bbox 111 1825 775 1870; baseline -0.005 -9"><span class='ocrx_word' id='word_1_160' title='bbox 111 1833 150 1862; x_wconf 89' lang='lat' dir='ltr'><strong>et</strong></span> <span class='ocrx_word' id='word_1_161' title='bbox 173 1828 323 1861; x_wconf 84' lang='lat' dir='ltr'><strong>fortasse</strong></span> <span class='ocrx_word' id='word_1_162' title='bbox 339 1825 450 1859; x_wconf 90' lang='lat' dir='ltr'><strong>Ficini</strong></span> <span class='ocrx_word' id='word_1_163' title='bbox 469 1826 587 1866; x_wconf 83' lang='lat' dir='ltr'>codex,</span> <span class='ocrx_word' id='word_1_164' title='bbox 605 1826 662 1870; x_wconf 91' lang='lat' dir='ltr'><strong>qui</strong></span> <span class='ocrx_word' id='word_1_165' title='bbox 681 1831 775 1859; x_wconf 90' lang='lat' dir='ltr'><strong>certe</strong></span> 
     </span>
     <span class='ocr_line' id='line_1_29' title="bbox 110 1871 772 1918; baseline -0.008 -10"><span class='ocrx_word' id='word_1_166' title='bbox 110 1877 148 1908; x_wconf 81' lang='lat' dir='ltr'><strong>in‘</strong></span> <span class='ocrx_word' id='word_1_167' title='bbox 168 1873 452 1918; x_wconf 76' lang='lat' dir='ltr'>interpretatione</span> <span class='ocrx_word' id='word_1_168' title='bbox 475 1872 615 1905; x_wconf 87' lang='lat' dir='ltr'><strong>verbum</strong></span> <span class='ocrx_word' id='word_1_169' title='bbox 641 1871 772 1904; x_wconf 86' lang='lat' dir='ltr'><strong>omisit.</strong></span> 
     </span>
     <span class='ocr_line' id='line_1_30' title="bbox 111 1917 772 1964; baseline -0.006 -10"><span class='ocrx_word' id='word_1_170' title='bbox 111 1932 159 1954; x_wconf 85' lang='lat' dir='ltr'><strong>an</strong></span> <span class='ocrx_word' id='word_1_171' title='bbox 184 1920 281 1953; x_wconf 81' lang='lat' dir='ltr'><strong>aliud</strong></span> <span class='ocrx_word' id='word_1_172' title='bbox 304 1917 515 1964; x_wconf 83' lang='lat' dir='ltr'><strong>quicquam?</strong></span> <span class='ocrx_word' id='word_1_173' title='bbox 546 1918 586 1951; x_wconf 87' lang='lat' dir='ltr'><strong>ln</strong></span> <span class='ocrx_word' id='word_1_174' title='bbox 610 1917 708 1952; x_wconf 87' lang='lat' dir='ltr'><strong>Vind.</strong></span> <span class='ocrx_word' id='word_1_175' title='bbox 728 1917 772 1950; x_wconf 89' lang='lat' dir='ltr'><strong>F</strong></span> 
     </span>
     <span class='ocr_line' id='line_1_31' title="bbox 111 1959 769 2009; baseline -0.008 -9"><span class='ocrx_word' id='word_1_176' title='bbox 111 1967 198 2009; x_wconf 82' lang='lat' dir='ltr'><strong>Ang.</strong></span> <span class='ocrx_word' id='word_1_177' title='bbox 216 1966 255 1999; x_wconf 90' lang='lat' dir='ltr'><strong>B.</strong></span> <span class='ocrx_word' id='word_1_178' title='bbox 280 1971 316 1998; x_wconf 85' lang='lat' dir='ltr'><strong>et</strong></span> <span class='ocrx_word' id='word_1_179' title='bbox 340 1964 413 1998; x_wconf 86' lang='lat' dir='ltr'><strong>Ald.</strong></span> <span class='ocrx_word' id='word_1_180' title='bbox 437 1964 516 1997; x_wconf 81' lang='lat' dir='ltr'><strong>Bas.</strong></span> <span class='ocrx_word' id='word_1_181' title='bbox 543 1965 597 1996; x_wconf 86' lang='lat' dir='ltr'><strong>ab.</strong></span> <span class='ocrx_word' id='word_1_182' title='bbox 622 1959 645 2006; x_wconf 82' lang='grc' dir='ltr'><em>ἢ</em></span> <span class='ocrx_word' id='word_1_183' title='bbox 667 1963 769 2008; x_wconf 81' lang='grc' dir='ltr'><strong>ριοῂ</strong></span> 
     </span>
     <span class='ocr_line' id='line_1_32' title="bbox 108 1978 773 2065; baseline -0.006 -19"><span class='ocrx_word' id='word_1_184' title='bbox 108 1978 247 2065; x_wconf 74' lang='lat' dir='ltr'><strong>legigtur.</strong></span> <span class='ocrx_word' id='word_1_185' title='bbox 280 2009 504 2044; x_wconf 89' lang='lat' dir='ltr'><strong>Coniunctivo</strong></span> <span class='ocrx_word' id='word_1_186' title='bbox 529 2009 618 2043; x_wconf 84' lang='lat' dir='ltr'><strong>ratio</strong></span> <span class='ocrx_word' id='word_1_187' title='bbox 637 2014 773 2042; x_wconf 88' lang='lat' dir='ltr'><strong>consta-</strong></span> 
     </span>
     <span class='ocr_line' id='line_1_33' title="bbox 109 2054 772 2112; baseline -0.003 -21"><span class='ocrx_word' id='word_1_188' title='bbox 109 2054 181 2099; x_wconf 81' lang='lat' dir='ltr'><strong>b&#39;it,</strong></span> <span class='ocrx_word' id='word_1_189' title='bbox 206 2057 235 2091; x_wconf 90' lang='lat' dir='ltr'><strong>si</strong></span> <span class='ocrx_word' id='word_1_190' title='bbox 257 2055 492 2112; x_wconf 82' lang='lat' dir='ltr'><strong>interrogandi</strong></span> <span class='ocrx_word' id='word_1_191' title='bbox 517 2055 552 2089; x_wconf 87' lang='lat' dir='ltr'><strong>vi</strong></span> <span class='ocrx_word' id='word_1_192' title='bbox 584 2055 772 2099; x_wconf 82' lang='lat' dir='ltr'>praeditam</span> 
     </span>
     <span class='ocr_line' id='line_1_34' title="bbox 109 2082 772 2157; baseline -0.005 -20"><span class='ocrx_word' id='word_1_193' title='bbox 109 2103 311 2157; x_wconf 77' lang='lat' dir='ltr'>particulam</span> <span class='ocrx_word' id='word_1_194' title='bbox 327 2099 377 2146; x_wconf 80' lang='grc' dir='ltr'><em>μή</em></span> <span class='ocrx_word' id='word_1_195' title='bbox 388 2082 671 2135; x_wconf 52' lang='lat' dir='ltr'><strong>s”coniunctionem</strong></span> <span class='ocrx_word' id='word_1_196' title='bbox 696 2113 772 2135; x_wconf 82' lang='lat' dir='ltr'><strong>esse</strong></span> 
     </span>
     <span class='ocr_line' id='line_1_35' title="bbox 111 2147 771 2192; baseline -0.006 -8"><span class='ocrx_word' id='word_1_197' title='bbox 111 2149 275 2184; x_wconf 82' lang='lat' dir='ltr'><strong>statueris</strong></span> <span class='ocrx_word' id='word_1_198' title='bbox 310 2149 353 2182; x_wconf 86' lang='lat' dir='ltr'><strong>ad</strong></span> <span class='ocrx_word' id='word_1_199' title='bbox 383 2148 522 2181; x_wconf 86' lang='lat' dir='ltr'><strong>verbum</strong></span> <span class='ocrx_word' id='word_1_200' title='bbox 555 2147 693 2192; x_wconf 86' lang='lat' dir='ltr'>aliquod</span> <span class='ocrx_word' id='word_1_201' title='bbox 728 2147 771 2181; x_wconf 89' lang='lat' dir='ltr'><strong>ti-</strong></span> 
     </span>
     <span class='ocr_line' id='line_1_36' title="bbox 110 2193 770 2238; baseline -0.005 -8"><span class='ocrx_word' id='word_1_202' title='bbox 110 2195 222 2231; x_wconf 84' lang='lat' dir='ltr'><strong>mendi</strong></span> <span class='ocrx_word' id='word_1_203' title='bbox 245 2195 302 2228; x_wconf 88' lang='lat' dir='ltr'><strong>vel</strong></span> <span class='ocrx_word' id='word_1_204' title='bbox 324 2193 433 2228; x_wconf 81' lang='lat' dir='ltr'><strong>simile</strong></span> <span class='ocrx_word' id='word_1_205' title='bbox 456 2194 681 2234; x_wconf 82' lang='lat' dir='ltr'><strong>referendam,</strong></span> <span class='ocrx_word' id='word_1_206' title='bbox 703 2205 770 2238; x_wconf 91' lang='lat' dir='ltr'><strong>quo</strong></span> 
     </span>
     <span class='ocr_line' id='line_1_37' title="bbox 110 2239 771 2292; baseline -0.005 -16"><span class='ocrx_word' id='word_1_207' title='bbox 110 2242 237 2276; x_wconf 87' lang='lat' dir='ltr'><strong>verbo</strong></span> <span class='ocrx_word' id='word_1_208' title='bbox 255 2239 408 2292; x_wconf 89' lang='lat' dir='ltr'><strong>quamvis</strong></span> <span class='ocrx_word' id='word_1_209' title='bbox 441 2239 562 2273; x_wconf 83' lang='lat' dir='ltr'><strong>omisso</strong></span> <span class='ocrx_word' id='word_1_210' title='bbox 597 2239 771 2273; x_wconf 85' lang='lat' dir='ltr'><strong>continea-</strong></span> 
     </span>
     <span class='ocr_line' id='line_1_38' title="bbox 111 2284 772 2329; baseline -0.003 -8"><span class='ocrx_word' id='word_1_211' title='bbox 111 2291 169 2321; x_wconf 85' lang='lat' dir='ltr'><strong>tur</strong></span> <span class='ocrx_word' id='word_1_212' title='bbox 192 2284 426 2329; x_wconf 76' lang='lat' dir='ltr'><strong>interrogatiO.</strong></span> <span class='ocrx_word' id='word_1_213' title='bbox 458 2285 544 2318; x_wconf 89' lang='lat' dir='ltr'><strong>Sed</strong></span> <span class='ocrx_word' id='word_1_214' title='bbox 569 2297 636 2329; x_wconf 89' lang='lat' dir='ltr'><strong>quo</strong></span> <span class='ocrx_word' id='word_1_215' title='bbox 665 2285 772 2319; x_wconf 85' lang='lat' dir='ltr'><strong>minus</strong></span> 
     </span>
     <span class='ocr_line' id='line_1_39' title="bbox 111 2331 774 2384; baseline -0.003 -17"><span class='ocrx_word' id='word_1_216' title='bbox 111 2333 146 2367; x_wconf 88' lang='lat' dir='ltr'><strong>id</strong></span> <span class='ocrx_word' id='word_1_217' title='bbox 170 2338 378 2372; x_wconf 87' lang='lat' dir='ltr'><strong>statuamus,</strong></span> <span class='ocrx_word' id='word_1_218' title='bbox 403 2342 503 2384; x_wconf 80' lang='lat' dir='ltr'><strong>quum</strong></span> <span class='ocrx_word' id='word_1_219' title='bbox 531 2342 614 2364; x_wconf 92' lang='lat' dir='ltr'><strong>usus</strong></span> <span class='ocrx_word' id='word_1_220' title='bbox 638 2331 774 2374; x_wconf 80' lang='lat' dir='ltr'><strong>linguae</strong></span> 
     </span>
     <span class='ocr_line' id='line_1_40' title="bbox 112 2376 774 2433; baseline -0.003 -20"><span class='ocrx_word' id='word_1_221' title='bbox 112 2379 248 2419; x_wconf 84' lang='lat' dir='ltr'><strong>obstat,</strong></span> <span class='ocrx_word' id='word_1_222' title='bbox 272 2377 335 2433; x_wconf 89' lang='lat' dir='ltr'><strong>qui</strong></span> <span class='ocrx_word' id='word_1_223' title='bbox 358 2376 442 2410; x_wconf 88' lang='lat' dir='ltr'><strong>satis</strong></span> <span class='ocrx_word' id='word_1_224' title='bbox 468 2380 663 2410; x_wconf 81' lang='lat' dir='ltr'><strong>constanter</strong></span> <span class='ocrx_word' id='word_1_225' title='bbox 686 2378 774 2411; x_wconf 82' lang='lat' dir='ltr'><strong>indi-</strong></span> 
     </span>
     <span class='ocr_line' id='line_1_41' title="bbox 113 2421 774 2467; baseline -0.003 -8"><span class='ocrx_word' id='word_1_226' title='bbox 113 2425 262 2460; x_wconf 85' lang='lat' dir='ltr'><strong>cativum</strong></span> <span class='ocrx_word' id='word_1_227' title='bbox 292 2421 340 2466; x_wconf 92' lang='grc' dir='ltr'><em>μὴ</em></span> <span class='ocrx_word' id='word_1_228' title='bbox 379 2423 601 2466; x_wconf 77' lang='lat' dir='ltr'><strong>interroganti</strong></span> <span class='ocrx_word' id='word_1_229' title='bbox 631 2423 774 2467; x_wconf 83' lang='lat' dir='ltr'><strong>iungere</strong></span> 
     </span>
     <span class='ocr_line' id='line_1_42' title="bbox 113 2470 774 2513; baseline -0.003 -8"><span class='ocrx_word' id='word_1_230' title='bbox 113 2470 221 2512; x_wconf 84' lang='lat' dir='ltr'><strong>solet,</strong></span> <span class='ocrx_word' id='word_1_231' title='bbox 248 2474 325 2503; x_wconf 87' lang='lat' dir='ltr'><strong>tum</strong></span> <span class='ocrx_word' id='word_1_232' title='bbox 360 2480 480 2513; x_wconf 82' lang='lat' dir='ltr'><strong>parum</strong></span> <span class='ocrx_word' id='word_1_233' title='bbox 513 2475 774 2503; x_wconf 86' lang='lat' dir='ltr'><strong>consentaneum</strong></span> 
     </span>
     <span class='ocr_line' id='line_1_43' title="bbox 111 2515 774 2560; baseline -0.002 -10"><span class='ocrx_word' id='word_1_234' title='bbox 111 2516 248 2551; x_wconf 85' lang='lat' dir='ltr'><strong>videtur</strong></span> <span class='ocrx_word' id='word_1_235' title='bbox 271 2515 396 2558; x_wconf 74' lang='lat' dir='ltr'><strong>verba,</strong></span> <span class='ocrx_word' id='word_1_236' title='bbox 406 2526 508 2560; x_wconf 87' lang='lat' dir='ltr'><strong>quae</strong></span> <span class='ocrx_word' id='word_1_237' title='bbox 532 2515 679 2548; x_wconf 88' lang='lat' dir='ltr'><strong>verentis</strong></span> <span class='ocrx_word' id='word_1_238' title='bbox 704 2516 774 2549; x_wconf 85' lang='lat' dir='ltr'><strong>sint</strong></span> 
     </span>
     <span class='ocr_line' id='line_1_44' title="bbox 113 2561 774 2605; baseline -0.002 -8"><span class='ocrx_word' id='word_1_239' title='bbox 113 2574 177 2597; x_wconf 88' lang='lat' dir='ltr'><strong>nec</strong></span> <span class='ocrx_word' id='word_1_240' title='bbox 207 2562 312 2595; x_wconf 87' lang='lat' dir='ltr'><strong>ullum</strong></span> <span class='ocrx_word' id='word_1_241' title='bbox 342 2561 618 2604; x_wconf 81' lang='lat' dir='ltr'><strong>interrogationis</strong></span> <span class='ocrx_word' id='word_1_242' title='bbox 642 2561 774 2605; x_wconf 86' lang='lat' dir='ltr'><strong>signum</strong></span> 
     </span>
     <span class='ocr_line' id='line_1_45' title="bbox 113 2607 775 2653; baseline 0 -11"><span class='ocrx_word' id='word_1_243' title='bbox 113 2619 199 2653; x_wconf 89' lang='lat' dir='ltr'><strong>prae</strong></span> <span class='ocrx_word' id='word_1_244' title='bbox 235 2618 274 2641; x_wconf 89' lang='lat' dir='ltr'><strong>se</strong></span> <span class='ocrx_word' id='word_1_245' title='bbox 307 2609 441 2647; x_wconf 83' lang='lat' dir='ltr'><strong>ferant,</strong></span> <span class='ocrx_word' id='word_1_246' title='bbox 475 2618 550 2640; x_wconf 87' lang='lat' dir='ltr'><strong>cum</strong></span> <span class='ocrx_word' id='word_1_247' title='bbox 581 2607 775 2652; x_wconf 84' lang='lat' dir='ltr'><strong>interroga-</strong></span> 
     </span>
     <span class='ocr_line' id='line_1_46' title="bbox 114 2653 774 2698; baseline 0.002 -11"><span class='ocrx_word' id='word_1_248' title='bbox 114 2654 208 2687; x_wconf 84' lang='lat' dir='ltr'><strong>tione</strong></span> <span class='ocrx_word' id='word_1_249' title='bbox 240 2653 372 2698; x_wconf 90' lang='lat' dir='ltr'><strong>potius,</strong></span> <span class='ocrx_word' id='word_1_250' title='bbox 404 2664 504 2697; x_wconf 84' lang='lat' dir='ltr'><strong>quam</strong></span> <span class='ocrx_word' id='word_1_251' title='bbox 540 2664 614 2686; x_wconf 87' lang='lat' dir='ltr'><strong>cum</strong></span> <span class='ocrx_word' id='word_1_252' title='bbox 639 2653 774 2688; x_wconf 89' lang='lat' dir='ltr'><strong>dubita-</strong></span> 
     </span>
     <span class='ocr_line' id='line_1_47' title="bbox 112 2699 776 2754; baseline 0.002 -21"><span class='ocrx_word' id='word_1_253' title='bbox 112 2700 208 2733; x_wconf 83' lang='lat' dir='ltr'><strong>tione</strong></span> <span class='ocrx_word' id='word_1_254' title='bbox 239 2703 274 2733; x_wconf 88' lang='lat' dir='ltr'><strong>et</strong></span> <span class='ocrx_word' id='word_1_255' title='bbox 305 2699 430 2732; x_wconf 85' lang='lat' dir='ltr'><strong>timore</strong></span> <span class='ocrx_word' id='word_1_256' title='bbox 460 2699 678 2754; x_wconf 79' lang='lat' dir='ltr'><strong>pronuntiata</strong></span> <span class='ocrx_word' id='word_1_257' title='bbox 702 2701 776 2734; x_wconf 85' lang='lat' dir='ltr'><strong>exi-</strong></span> 
     </span>
     <span class='ocr_line' id='line_1_48' title="bbox 114 2744 776 2790; baseline -0.002 -10"><span class='ocrx_word' id='word_1_258' title='bbox 114 2746 266 2780; x_wconf 80' lang='lat' dir='ltr'><strong>stimate.</strong></span> <span class='ocrx_word' id='word_1_259' title='bbox 304 2744 414 2778; x_wconf 78' lang='lat' dir='ltr'><strong>Aliter</strong></span> <span class='ocrx_word' id='word_1_260' title='bbox 437 2745 540 2777; x_wconf 91' lang='lat' dir='ltr'><strong>habet</strong></span> <span class='ocrx_word' id='word_1_261' title='bbox 563 2756 631 2790; x_wconf 87' lang='lat' dir='ltr'><strong>res,</strong></span> <span class='ocrx_word' id='word_1_262' title='bbox 649 2749 676 2779; x_wconf 91' lang='lat' dir='ltr'><strong>si</strong></span> <span class='ocrx_word' id='word_1_263' title='bbox 693 2758 776 2790; x_wconf 90' lang='lat' dir='ltr'><strong>par-</strong></span> 
     </span>
     <span class='ocr_line' id='line_1_49' title="bbox 113 2788 775 2837; baseline 0.002 -13"><span class='ocrx_word' id='word_1_264' title='bbox 113 2791 251 2826; x_wconf 90' lang='lat' dir='ltr'><strong>ticulam</strong></span> <span class='ocrx_word' id='word_1_265' title='bbox 284 2788 332 2834; x_wconf 91' lang='grc' dir='ltr'><em>μὴ</em></span> <span class='ocrx_word' id='word_1_266' title='bbox 371 2790 547 2836; x_wconf 88' lang='lat' dir='ltr'><strong>praecedit</strong></span> <span class='ocrx_word' id='word_1_267' title='bbox 580 2790 673 2835; x_wconf 79' lang='grc' dir='ltr'><em>ἄρα,</em></span> <span class='ocrx_word' id='word_1_268' title='bbox 709 2804 775 2837; x_wconf 89' lang='lat' dir='ltr'><strong>quo</strong></span> 
     </span>
     <span class='ocr_line' id='line_1_50' title="bbox 114 2836 776 2884; baseline 0.003 -13"><span class='ocrx_word' id='word_1_269' title='bbox 114 2837 231 2872; x_wconf 79' lang='lat' dir='ltr'><strong>audito</strong></span> <span class='ocrx_word' id='word_1_270' title='bbox 254 2836 388 2871; x_wconf 83' lang='lat' dir='ltr'><strong>facilius</strong></span> <span class='ocrx_word' id='word_1_271' title='bbox 417 2837 577 2878; x_wconf 82' lang='lat' dir='ltr'><strong>verbum,</strong></span> <span class='ocrx_word' id='word_1_272' title='bbox 600 2849 667 2882; x_wconf 91' lang='lat' dir='ltr'><strong>quo</strong></span> <span class='ocrx_word' id='word_1_273' title='bbox 690 2849 776 2884; x_wconf 81' lang='lat' dir='ltr'><strong>opus</strong></span> 
     </span>
    </p>
   </div>
   <div class='ocr_carea' id='block_1_19' title="bbox 160 2894 579 2937">
    <p class='ocr_par' dir='ltr' id='par_1_19' title="bbox 160 2894 579 2937">
     <span class='ocr_line' id='line_1_51' title="bbox 160 2894 579 2937; baseline 0 -3"><span class='ocrx_word' id='word_1_274' title='bbox 160 2895 368 2937; x_wconf 72' lang='lat' dir='ltr'><strong>PLAToms</strong></span> <span class='ocrx_word' id='word_1_275' title='bbox 399 2894 579 2935; x_wconf 78' lang='lat'><strong>01».111.</strong></span> 
     </span>
    </p>
   </div>
   <div class='ocr_carea' id='block_1_20' title="bbox 1302 740 1496 801">
    <p class='ocr_par' dir='ltr' id='par_1_20' title="bbox 1302 740 1496 801">
     <span class='ocr_line' id='line_1_52' title="bbox 1302 740 1496 801; baseline 0.005 -13"><span class='ocrx_word' id='word_1_276' title='bbox 1302 740 1389 801; x_wconf 67' lang='grc' dir='ltr'><strong>Ἆρ’</strong></span> <span class='ocrx_word' id='word_1_277' title='bbox 1411 740 1496 789; x_wconf 78' lang='grc' dir='ltr'><strong>οὖν</strong></span> 
     </span>
    </p>
   </div>
   <div class='ocr_carea' id='block_1_21' title="bbox 824 908 1547 2882">
    <p class='ocr_par' dir='ltr' id='par_1_21' title="bbox 827 908 1547 2781">
     <span class='ocr_line' id='line_1_53' title="bbox 831 908 1498 955; baseline -0.004 -12"><span class='ocrx_word' id='word_1_278' title='bbox 831 912 905 950; x_wconf 89' lang='lat' dir='ltr'><strong>est,</strong></span> <span class='ocrx_word' id='word_1_279' title='bbox 928 908 1136 955; x_wconf 86' lang='lat' dir='ltr'><strong>subaudias,</strong></span> <span class='ocrx_word' id='word_1_280' title='bbox 1168 920 1231 941; x_wconf 89' lang='lat' dir='ltr'><strong>nec</strong></span> <span class='ocrx_word' id='word_1_281' title='bbox 1265 908 1391 942; x_wconf 88' lang='lat' dir='ltr'><strong>desunt</strong></span> <span class='ocrx_word' id='word_1_282' title='bbox 1416 918 1498 941; x_wconf 92' lang='lat' dir='ltr'><strong>con—</strong></span> 
     </span>
     <span class='ocr_line' id='line_1_54' title="bbox 829 952 1500 999; baseline -0.003 -11"><span class='ocrx_word' id='word_1_283' title='bbox 829 954 972 988; x_wconf 89' lang='lat' dir='ltr'><strong>iunctivi</strong></span> <span class='ocrx_word' id='word_1_284' title='bbox 998 959 1076 999; x_wconf 89' lang='lat' dir='ltr'><strong>post</strong></span> <span class='ocrx_word' id='word_1_285' title='bbox 1097 955 1172 998; x_wconf 73' lang='grc' dir='ltr'><em>ἄρα</em></span> <span class='ocrx_word' id='word_1_286' title='bbox 1191 952 1241 998; x_wconf 89' lang='grc' dir='ltr'><em>μὴ</em></span> <span class='ocrx_word' id='word_1_287' title='bbox 1264 954 1367 999; x_wconf 87' lang='lat' dir='ltr'><strong>positi</strong></span> <span class='ocrx_word' id='word_1_288' title='bbox 1385 965 1500 987; x_wconf 83' lang='lat' dir='ltr'><strong>exem-</strong></span> 
     </span>
     <span class='ocr_line' id='line_1_55' title="bbox 830 999 1499 1046; baseline -0.001 -13"><span class='ocrx_word' id='word_1_289' title='bbox 830 1001 906 1045; x_wconf 84' lang='lat' dir='ltr'><strong>pla:</strong></span> <span class='ocrx_word' id='word_1_290' title='bbox 930 1001 1101 1034; x_wconf 87' lang='lat' dir='ltr'><strong>Phaedon.</strong></span> <span class='ocrx_word' id='word_1_291' title='bbox 1128 1013 1161 1046; x_wconf 90' lang='lat' dir='ltr'><strong>p.</strong></span> <span class='ocrx_word' id='word_1_292' title='bbox 1182 1001 1237 1035; x_wconf 89' lang='grc'><strong>64.</strong></span> <span class='ocrx_word' id='word_1_293' title='bbox 1260 1001 1300 1033; x_wconf 92' lang='lat' dir='ltr'><strong>C.</strong></span> <span class='ocrx_word' id='word_1_294' title='bbox 1325 1001 1358 1033; x_wconf 92' lang='lat' dir='ltr'><strong>in</strong></span> <span class='ocrx_word' id='word_1_295' title='bbox 1382 999 1499 1033; x_wconf 81' lang='lat' dir='ltr'><strong>verbis</strong></span> 
     </span>
     <span class='ocr_line' id='line_1_56' title="bbox 833 1042 1497 1103; baseline -0.002 -24"><span class='ocrx_word' id='word_1_296' title='bbox 833 1046 908 1103; x_wconf 79' lang='grc' dir='ltr'><em>ἄρα</em></span> <span class='ocrx_word' id='word_1_297' title='bbox 942 1044 990 1091; x_wconf 80' lang='grc' dir='ltr'><em>μή</em></span> <span class='ocrx_word' id='word_1_298' title='bbox 1027 1042 1115 1080; x_wconf 83' lang='grc' dir='ltr'><em>α’λλο</em></span> <span class='ocrx_word' id='word_1_299' title='bbox 1148 1059 1183 1080; x_wconf 86' lang='grc' dir='ltr'><strong>τι</strong></span> <span class='ocrx_word' id='word_1_300' title='bbox 1216 1046 1241 1091; x_wconf 77' lang='grc' dir='ltr'><em>ᾖ</em></span> <span class='ocrx_word' id='word_1_301' title='bbox 1268 1042 1287 1080; x_wconf 87' lang='grc' dir='ltr'>ὁ</span> <span class='ocrx_word' id='word_1_302' title='bbox 1313 1043 1497 1088; x_wconf 74' lang='grc' dir='ltr'><em>θάνατος,</em></span> 
     </span>
     <span class='ocr_line' id='line_1_57' title="bbox 830 1089 1494 1135; baseline -0.003 -9"><span class='ocrx_word' id='word_1_303' title='bbox 830 1089 854 1135; x_wconf 78' lang='grc' dir='ltr'><em>ἢ</em></span> <span class='ocrx_word' id='word_1_304' title='bbox 891 1093 1028 1134; x_wconf 69' lang='lat' dir='ltr'><strong>tofi-503</strong></span> <span class='ocrx_word' id='word_1_305' title='bbox 1070 1092 1136 1127; x_wconf 91' lang='lat' dir='ltr'><strong>duo</strong></span> <span class='ocrx_word' id='word_1_306' title='bbox 1169 1096 1300 1125; x_wconf 80' lang='lat' dir='ltr'><strong>tantum</strong></span> <span class='ocrx_word' id='word_1_307' title='bbox 1344 1091 1494 1134; x_wconf 83' lang='lat' dir='ltr'><strong>codices,</strong></span> 
     </span>
     <span class='ocr_line' id='line_1_58' title="bbox 831 1137 1495 1182; baseline -0.003 -10"><span class='ocrx_word' id='word_1_308' title='bbox 831 1139 932 1173; x_wconf 92' lang='lat' dir='ltr'><strong>Vind.</strong></span> <span class='ocrx_word' id='word_1_309' title='bbox 950 1140 990 1172; x_wconf 91' lang='lat' dir='ltr'><strong>B.</strong></span> <span class='ocrx_word' id='word_1_310' title='bbox 1011 1143 1046 1172; x_wconf 90' lang='lat' dir='ltr'><strong>et</strong></span> <span class='ocrx_word' id='word_1_311' title='bbox 1070 1139 1164 1173; x_wconf 86' lang='lat' dir='ltr'><strong>Amb.</strong></span> <span class='ocrx_word' id='word_1_312' title='bbox 1191 1138 1229 1170; x_wconf 87' lang='lat' dir='ltr'><strong>B.</strong></span> <span class='ocrx_word' id='word_1_313' title='bbox 1235 1137 1293 1182; x_wconf 79' lang='grc' dir='ltr'><strong>,ᾖ</strong></span> <span class='ocrx_word' id='word_1_314' title='bbox 1323 1138 1495 1179; x_wconf 84' lang='lat' dir='ltr'><strong>omittunt,</strong></span> 
     </span>
     <span class='ocr_line' id='line_1_59' title="bbox 832 1184 1547 1229; baseline -0.003 -11"><span class='ocrx_word' id='word_1_315' title='bbox 832 1189 868 1218; x_wconf 91' lang='lat' dir='ltr'><strong>et</strong></span> <span class='ocrx_word' id='word_1_316' title='bbox 899 1184 1135 1229; x_wconf 86' lang='lat' dir='ltr'><strong>Xenophontis</strong></span> <span class='ocrx_word' id='word_1_317' title='bbox 1166 1184 1497 1228; x_wconf 75' lang='lat' dir='ltr'><strong>Oec0n.1111,4.</strong></span> <span class='ocrx_word' id='word_1_318' title='bbox 1545 1192 1547 1195; x_wconf 86' lang='grc'><em>·</em></span> 
     </span>
     <span class='ocr_line' id='line_1_60' title="bbox 831 1226 1499 1273; baseline -0.004 -9"><span class='ocrx_word' id='word_1_319' title='bbox 831 1242 947 1265; x_wconf 89' lang='lat' dir='ltr'><strong>omnes</strong></span> <span class='ocrx_word' id='word_1_320' title='bbox 970 1231 1132 1263; x_wconf 86' lang='lat' dir='ltr'><strong>exhibent</strong></span> <span class='ocrx_word' id='word_1_321' title='bbox 1155 1228 1251 1272; x_wconf 73' lang='grc' dir='ltr'><strong>ἄρα,</strong></span> <span class='ocrx_word' id='word_1_322' title='bbox 1278 1241 1349 1273; x_wconf 85' lang='grc' dir='ltr'><strong>εφη</strong></span> <span class='ocrx_word' id='word_1_323' title='bbox 1373 1226 1391 1263; x_wconf 92' lang='grc' dir='ltr'>ὁ</span> <span class='ocrx_word' id='word_1_324' title='bbox 1414 1229 1499 1262; x_wconf 78' lang='grc' dir='ltr'><strong>Σω-</strong></span> 
     </span>
     <span class='ocr_line' id='line_1_61' title="bbox 831 1274 1497 1319; baseline -0.003 -9"><span class='ocrx_word' id='word_1_325' title='bbox 831 1275 990 1319; x_wconf 76' lang='grc' dir='ltr'><em>κράτης,</em></span> <span class='ocrx_word' id='word_1_326' title='bbox 1031 1274 1081 1319; x_wconf 87' lang='grc' dir='ltr'><em>μὴ</em></span> <span class='ocrx_word' id='word_1_327' title='bbox 1123 1275 1383 1318; x_wconf 78' lang='grc' dir='ltr'><em>αἰσχυνθῶμεν</em></span> <span class='ocrx_word' id='word_1_328' title='bbox 1419 1275 1497 1308; x_wconf 78' lang='grc' dir='ltr'><em>τῶν</em></span> 
     </span>
     <span class='ocr_line' id='line_1_62' title="bbox 832 1319 1496 1366; baseline -0.003 -10"><span class='ocrx_word' id='word_1_329' title='bbox 832 1322 986 1366; x_wconf 78' lang='grc' dir='ltr'><em>Περσῶν</em></span> <span class='ocrx_word' id='word_1_330' title='bbox 1035 1319 1188 1366; x_wconf 82' lang='grc' dir='ltr'><em>βασιλέα</em></span> <span class='ocrx_word' id='word_1_331' title='bbox 1238 1319 1496 1365; x_wconf 80' lang='grc' dir='ltr'><em>μιμήσασθαι,·</em></span> 
     </span>
     <span class='ocr_line' id='line_1_63' title="bbox 831 1368 1499 1412; baseline -0.003 -10"><span class='ocrx_word' id='word_1_332' title='bbox 831 1380 942 1412; x_wconf 89' lang='lat' dir='ltr'><strong>neque</strong></span> <span class='ocrx_word' id='word_1_333' title='bbox 969 1368 1146 1412; x_wconf 79' lang='lat' dir='ltr'><strong>probabile</strong></span> <span class='ocrx_word' id='word_1_334' title='bbox 1179 1373 1253 1409; x_wconf 88' lang='lat' dir='ltr'><strong>est,</strong></span> <span class='ocrx_word' id='word_1_335' title='bbox 1286 1368 1376 1412; x_wconf 90' lang='lat' dir='ltr'><strong>quod</strong></span> <span class='ocrx_word' id='word_1_336' title='bbox 1401 1369 1499 1412; x_wconf 61' lang='lat' dir='ltr'><strong>Gra-</strong></span> 
     </span>
     <span class='ocr_line' id='line_1_64' title="bbox 832 1413 1498 1459; baseline -0.003 -12"><span class='ocrx_word' id='word_1_337' title='bbox 832 1426 929 1448; x_wconf 87' lang='lat' dir='ltr'><strong>serus</strong></span> <span class='ocrx_word' id='word_1_338' title='bbox 961 1426 1053 1459; x_wconf 89' lang='lat' dir='ltr'><strong>spec.</strong></span> <span class='ocrx_word' id='word_1_339' title='bbox 1079 1425 1112 1458; x_wconf 93' lang='lat' dir='ltr'><strong>p.</strong></span> <span class='ocrx_word' id='word_1_340' title='bbox 1129 1414 1186 1448; x_wconf 86' lang='lat'><strong>33.</strong></span> <span class='ocrx_word' id='word_1_341' title='bbox 1211 1413 1393 1458; x_wconf 81' lang='lat' dir='ltr'><strong>opinatur,</strong></span> <span class='ocrx_word' id='word_1_342' title='bbox 1421 1413 1498 1457; x_wconf 76' lang='grc' dir='ltr'><em>ἄρα</em></span> 
     </span>
     <span class='ocr_line' id='line_1_65' title="bbox 832 1459 1499 1504; baseline -0.003 -10"><span class='ocrx_word' id='word_1_343' title='bbox 832 1472 853 1494; x_wconf 87' lang='lat' dir='ltr'><strong>a</strong></span> <span class='ocrx_word' id='word_1_344' title='bbox 887 1460 1115 1504; x_wconf 87' lang='lat' dir='ltr'><strong>Xenophonte</strong></span> <span class='ocrx_word' id='word_1_345' title='bbox 1150 1459 1221 1493; x_wconf 83' lang='lat' dir='ltr'><strong>sine</strong></span> <span class='ocrx_word' id='word_1_346' title='bbox 1264 1459 1499 1504; x_wconf 84' lang='lat' dir='ltr'><strong>interrogandi</strong></span> 
     </span>
     <span class='ocr_line' id='line_1_66' title="bbox 830 1505 1499 1550; baseline -0.003 -10"><span class='ocrx_word' id='word_1_347' title='bbox 830 1506 865 1540; x_wconf 90' lang='lat' dir='ltr'><strong>vi</strong></span> <span class='ocrx_word' id='word_1_348' title='bbox 889 1506 1036 1550; x_wconf 88' lang='lat' dir='ltr'><strong>positum</strong></span> <span class='ocrx_word' id='word_1_349' title='bbox 1069 1516 1155 1539; x_wconf 87' lang='lat' dir='ltr'><strong>esse.</strong></span> <span class='ocrx_word' id='word_1_350' title='bbox 1213 1505 1283 1539; x_wconf 90' lang='lat' dir='ltr'><strong>Sed</strong></span> <span class='ocrx_word' id='word_1_351' title='bbox 1313 1506 1398 1538; x_wconf 89' lang='lat' dir='ltr'><strong>haec</strong></span> <span class='ocrx_word' id='word_1_352' title='bbox 1421 1505 1499 1550; x_wconf 90' lang='lat' dir='ltr'><strong>ipsa</strong></span> 
     </span>
     <span class='ocr_line' id='line_1_67' title="bbox 832 1551 1498 1596; baseline -0.003 -11"><span class='ocrx_word' id='word_1_353' title='bbox 832 1552 986 1596; x_wconf 84' lang='lat' dir='ltr'><strong>exempla</strong></span> <span class='ocrx_word' id='word_1_354' title='bbox 1010 1563 1089 1585; x_wconf 81' lang='lat' dir='ltr'><strong>rara</strong></span> <span class='ocrx_word' id='word_1_355' title='bbox 1122 1554 1157 1584; x_wconf 88' lang='lat' dir='ltr'><strong>et</strong></span> <span class='ocrx_word' id='word_1_356' title='bbox 1181 1551 1224 1584; x_wconf 87' lang='lat' dir='ltr'><strong>ad</strong></span> <span class='ocrx_word' id='word_1_357' title='bbox 1249 1551 1498 1585; x_wconf 79' lang='lat' dir='ltr'><strong>coniunctivum</strong></span> 
     </span>
     <span class='ocr_line' id='line_1_68' title="bbox 833 1596 1500 1642; baseline -0.001 -10"><span class='ocrx_word' id='word_1_358' title='bbox 833 1598 894 1632; x_wconf 86' lang='lat' dir='ltr'><strong>soli</strong></span> <span class='ocrx_word' id='word_1_359' title='bbox 925 1596 974 1641; x_wconf 89' lang='grc' dir='ltr'><em>μὴ</em></span> <span class='ocrx_word' id='word_1_360' title='bbox 1008 1597 1393 1642; x_wconf 35' lang='grc' dir='ltr'><em>νίιιᾱίοειιιᾶυιιικεκίςιιὶ</em></span> <span class='ocrx_word' id='word_1_361' title='bbox 1425 1609 1500 1631; x_wconf 84' lang='grc' dir='ltr'><em>ιιιο-</em></span> 
     </span>
     <span class='ocr_line' id='line_1_69' title="bbox 832 1643 1497 1688; baseline -0.002 -11"><span class='ocrx_word' id='word_1_362' title='bbox 832 1644 936 1678; x_wconf 87' lang='lat' dir='ltr'><strong>menti</strong></span> <span class='ocrx_word' id='word_1_363' title='bbox 964 1648 1051 1677; x_wconf 88' lang='lat' dir='ltr'><strong>sunt.</strong></span> <span class='ocrx_word' id='word_1_364' title='bbox 1096 1644 1216 1688; x_wconf 90' lang='lat' dir='ltr'><strong>Itaque</strong></span> <span class='ocrx_word' id='word_1_365' title='bbox 1241 1643 1264 1688; x_wconf 83' lang='grc' dir='ltr'><em>ᾐ</em></span> <span class='ocrx_word' id='word_1_366' title='bbox 1286 1649 1401 1677; x_wconf 88' lang='lat' dir='ltr'><strong>nostro</strong></span> <span class='ocrx_word' id='word_1_367' title='bbox 1424 1643 1497 1677; x_wconf 92' lang='lat' dir='ltr'><strong>loco</strong></span> 
     </span>
     <span class='ocr_line' id='line_1_70' title="bbox 831 1689 1499 1734; baseline -0.001 -11"><span class='ocrx_word' id='word_1_368' title='bbox 831 1690 931 1723; x_wconf 86' lang='lat' dir='ltr'><strong>valde</strong></span> <span class='ocrx_word' id='word_1_369' title='bbox 941 1693 1133 1734; x_wconf 83' lang='lat' dir='ltr'><strong>suspectum</strong></span> <span class='ocrx_word' id='word_1_370' title='bbox 1148 1690 1256 1722; x_wconf 85' lang='lat' dir='ltr'><strong>habeo</strong></span> <span class='ocrx_word' id='word_1_371' title='bbox 1269 1701 1379 1734; x_wconf 84' lang='lat' dir='ltr'><strong>neque</strong></span> <span class='ocrx_word' id='word_1_372' title='bbox 1391 1689 1499 1722; x_wconf 88' lang='lat' dir='ltr'><strong>Stall-</strong></span> 
     </span>
     <span class='ocr_line' id='line_1_71' title="bbox 832 1735 1500 1780; baseline -0.001 -11"><span class='ocrx_word' id='word_1_373' title='bbox 832 1736 1003 1770; x_wconf 88' lang='lat' dir='ltr'><strong>baumium</strong></span> <span class='ocrx_word' id='word_1_374' title='bbox 1025 1735 1336 1780; x_wconf 86' lang='lat' dir='ltr'><strong>reprehendendum</strong></span> <span class='ocrx_word' id='word_1_375' title='bbox 1362 1746 1500 1777; x_wconf 86' lang='lat' dir='ltr'><strong>censeo,</strong></span> 
     </span>
     <span class='ocr_line' id='line_1_72' title="bbox 833 1781 1500 1828; baseline -0.001 -13"><span class='ocrx_word' id='word_1_376' title='bbox 833 1782 924 1828; x_wconf 87' lang='lat' dir='ltr'><strong>qui,</strong></span> <span class='ocrx_word' id='word_1_377' title='bbox 928 1782 1142 1826; x_wconf 88' lang='lat' dir='ltr'><strong>,optimorum</strong></span> <span class='ocrx_word' id='word_1_378' title='bbox 1168 1781 1346 1814; x_wconf 81' lang='lat' dir='ltr'><strong>codicum“</strong></span> <span class='ocrx_word' id='word_1_379' title='bbox 1379 1784 1500 1815; x_wconf 87' lang='lat' dir='ltr'><strong>aucto-</strong></span> 
     </span>
     <span class='ocr_line' id='line_1_73' title="bbox 833 1827 1500 1869; baseline -0.001 -8"><span class='ocrx_word' id='word_1_380' title='bbox 833 1829 938 1861; x_wconf 87' lang='lat' dir='ltr'><strong>ritate</strong></span> <span class='ocrx_word' id='word_1_381' title='bbox 964 1838 1045 1861; x_wconf 89' lang='lat' dir='ltr'><strong>usus</strong></span> <span class='ocrx_word' id='word_1_382' title='bbox 1075 1827 1112 1860; x_wconf 88' lang='lat' dir='ltr'><strong>id</strong></span> <span class='ocrx_word' id='word_1_383' title='bbox 1137 1827 1312 1869; x_wconf 84' lang='lat' dir='ltr'><strong>omiserit,</strong></span> <span class='ocrx_word' id='word_1_384' title='bbox 1345 1830 1380 1860; x_wconf 88' lang='lat' dir='ltr'><strong>et</strong></span> <span class='ocrx_word' id='word_1_385' title='bbox 1404 1827 1500 1860; x_wconf 83' lang='lat' dir='ltr'><strong>Bek-</strong></span> 
     </span>
     <span class='ocr_line' id='line_1_74' title="bbox 833 1873 1498 1915; baseline -0.002 -8"><span class='ocrx_word' id='word_1_386' title='bbox 833 1874 951 1907; x_wconf 89' lang='lat' dir='ltr'><strong>kerum</strong></span> <span class='ocrx_word' id='word_1_387' title='bbox 983 1873 1089 1906; x_wconf 84' lang='lat' dir='ltr'><strong>miror</strong></span> <span class='ocrx_word' id='word_1_388' title='bbox 1122 1885 1188 1906; x_wconf 86' lang='lat' dir='ltr'><strong>non</strong></span> <span class='ocrx_word' id='word_1_389' title='bbox 1231 1873 1320 1906; x_wconf 86' lang='lat' dir='ltr'><strong>idem</strong></span> <span class='ocrx_word' id='word_1_390' title='bbox 1360 1874 1498 1915; x_wconf 85' lang='lat' dir='ltr'><strong>fecisse,</strong></span> 
     </span>
     <span class='ocr_line' id='line_1_75' title="bbox 833 1919 1498 1964; baseline -0.002 -11"><span class='ocrx_word' id='word_1_391' title='bbox 833 1920 1035 1964; x_wconf 74' lang='lat' dir='ltr'><strong>praesertim</strong></span> <span class='ocrx_word' id='word_1_392' title='bbox 1071 1931 1173 1964; x_wconf 88' lang='lat' dir='ltr'><strong>quum</strong></span> <span class='ocrx_word' id='word_1_393' title='bbox 1199 1919 1389 1953; x_wconf 87' lang='lat' dir='ltr'><strong>Phaedonis</strong></span> <span class='ocrx_word' id='word_1_394' title='bbox 1424 1919 1498 1953; x_wconf 88' lang='lat' dir='ltr'><strong>loco</strong></span> 
     </span>
     <span class='ocr_line' id='line_1_76' title="bbox 829 1965 1499 2009; baseline 0 -11"><span class='ocrx_word' id='word_1_395' title='bbox 829 1966 888 1999; x_wconf 81' lang='lat' dir='ltr'><strong>uni</strong></span> <span class='ocrx_word' id='word_1_396' title='bbox 913 1965 1011 1999; x_wconf 88' lang='lat' dir='ltr'><strong>Vind.</strong></span> <span class='ocrx_word' id='word_1_397' title='bbox 1035 1966 1075 1999; x_wconf 90' lang='grc' dir='ltr'><strong>Β.</strong></span> <span class='ocrx_word' id='word_1_398' title='bbox 1111 1966 1207 2009; x_wconf 83' lang='lat' dir='ltr'><strong>(nam</strong></span> <span class='ocrx_word' id='word_1_399' title='bbox 1241 1965 1499 1998; x_wconf 71' lang='lat' dir='ltr'><strong>Ambrosianum</strong></span> 
     </span>
     <span class='ocr_line' id='line_1_77' title="bbox 829 1999 1500 2057; baseline -0.003 -12"><span class='ocrx_word' id='word_1_400' title='bbox 829 2017 952 2057; x_wconf 84' lang='lat' dir='ltr'><strong>postea</strong></span> <span class='ocrx_word' id='word_1_401' title='bbox 973 1999 1134 2055; x_wconf 85' lang='lat' dir='ltr'><strong>contulit)</strong></span> <span class='ocrx_word' id='word_1_402' title='bbox 1154 2016 1287 2045; x_wconf 88' lang='lat' dir='ltr'><strong>tantum</strong></span> <span class='ocrx_word' id='word_1_403' title='bbox 1308 2011 1500 2056; x_wconf 81' lang='lat' dir='ltr'><strong>tribuisset,</strong></span> 
     </span>
     <span class='ocr_line' id='line_1_78' title="bbox 828 2056 1498 2102; baseline -0.003 -10"><span class='ocrx_word' id='word_1_404' title='bbox 828 2059 888 2092; x_wconf 80' lang='lat' dir='ltr'><strong>sed</strong></span> <span class='ocrx_word' id='word_1_405' title='bbox 931 2058 1146 2091; x_wconf 87' lang='lat' dir='ltr'><strong>verisimilius</strong></span> <span class='ocrx_word' id='word_1_406' title='bbox 1187 2062 1268 2102; x_wconf 88' lang='lat' dir='ltr'><strong>puto</strong></span> <span class='ocrx_word' id='word_1_407' title='bbox 1313 2057 1336 2101; x_wconf 81' lang='grc' dir='ltr'>ῄ</span> <span class='ocrx_word' id='word_1_408' title='bbox 1375 2069 1418 2090; x_wconf 87' lang='lat' dir='ltr'><strong>ex</strong></span> <span class='ocrx_word' id='word_1_409' title='bbox 1449 2056 1498 2101; x_wconf 83' lang='grc' dir='ltr'><em>ἠν</em></span> 
     </span>
     <span class='ocr_line' id='line_1_79' title="bbox 828 2103 1496 2148; baseline -0.005 -10"><span class='ocrx_word' id='word_1_410' title='bbox 828 2107 938 2138; x_wconf 86' lang='lat' dir='ltr'><strong>ortum</strong></span> <span class='ocrx_word' id='word_1_411' title='bbox 963 2115 1058 2144; x_wconf 84' lang='lat' dir='ltr'><strong>esse,</strong></span> <span class='ocrx_word' id='word_1_412' title='bbox 1094 2103 1183 2148; x_wconf 88' lang='lat' dir='ltr'><strong>quod</strong></span> <span class='ocrx_word' id='word_1_413' title='bbox 1208 2103 1323 2136; x_wconf 86' lang='lat' dir='ltr'><strong>Astius</strong></span> <span class='ocrx_word' id='word_1_414' title='bbox 1356 2103 1389 2135; x_wconf 91' lang='lat' dir='ltr'><strong>in</strong></span> <span class='ocrx_word' id='word_1_415' title='bbox 1425 2115 1496 2136; x_wconf 91' lang='lat' dir='ltr'><strong>sec.</strong></span> 
     </span>
     <span class='ocr_line' id='line_1_80' title="bbox 828 2149 1499 2194; baseline -0.003 -11"><span class='ocrx_word' id='word_1_416' title='bbox 828 2154 863 2184; x_wconf 89' lang='lat' dir='ltr'><strong>et</strong></span> <span class='ocrx_word' id='word_1_417' title='bbox 875 2153 954 2183; x_wconf 84' lang='lat' dir='ltr'><strong>tert.</strong></span> <span class='ocrx_word' id='word_1_418' title='bbox 975 2162 993 2183; x_wconf 91' lang='lat' dir='ltr'><strong>e</strong></span> <span class='ocrx_word' id='word_1_419' title='bbox 1011 2149 1206 2183; x_wconf 83' lang='lat' dir='ltr'><strong>coniectura</strong></span> <span class='ocrx_word' id='word_1_420' title='bbox 1223 2149 1343 2194; x_wconf 83' lang='lat' dir='ltr'><strong>posuit.</strong></span> <span class='ocrx_word' id='word_1_421' title='bbox 1378 2149 1499 2194; x_wconf 66' lang='lat' dir='ltr'><strong>Qpan-</strong></span> 
     </span>
     <span class='ocr_line' id='line_1_81' title="bbox 827 2194 1500 2241; baseline -0.003 -12"><span class='ocrx_word' id='word_1_422' title='bbox 827 2196 932 2241; x_wconf 68' lang='lat' dir='ltr'><strong>tplum</strong></span> <span class='ocrx_word' id='word_1_423' title='bbox 968 2196 1009 2229; x_wconf 85' lang='lat' dir='ltr'><strong>ad</strong></span> <span class='ocrx_word' id='word_1_424' title='bbox 1045 2196 1246 2240; x_wconf 86' lang='lat' dir='ltr'><strong>scripturam</strong></span> <span class='ocrx_word' id='word_1_425' title='bbox 1273 2195 1361 2228; x_wconf 81' lang='lat' dir='ltr'><strong>inter</strong></span> <span class='ocrx_word' id='word_1_426' title='bbox 1396 2194 1439 2238; x_wconf 78' lang='grc' dir='ltr'><strong>ῆι</strong></span> <span class='ocrx_word' id='word_1_427' title='bbox 1464 2199 1500 2228; x_wconf 85' lang='lat' dir='ltr'><strong>et</strong></span> 
     </span>
     <span class='ocr_line' id='line_1_82' title="bbox 829 2241 1499 2286; baseline -0.001 -11"><span class='ocrx_word' id='word_1_428' title='bbox 829 2241 877 2286; x_wconf 80' lang='grc' dir='ltr'><em>ῆν</em></span> <span class='ocrx_word' id='word_1_429' title='bbox 910 2241 1065 2282; x_wconf 88' lang='lat' dir='ltr'><strong>intersit,</strong></span> <span class='ocrx_word' id='word_1_430' title='bbox 1098 2243 1241 2286; x_wconf 81' lang='lat' dir='ltr'><strong>quisque</strong></span> <span class='ocrx_word' id='word_1_431' title='bbox 1276 2241 1393 2281; x_wconf 88' lang='lat' dir='ltr'><strong>videt,</strong></span> <span class='ocrx_word' id='word_1_432' title='bbox 1435 2252 1499 2274; x_wconf 91' lang='lat' dir='ltr'><strong>nec</strong></span> 
     </span>
     <span class='ocr_line' id='line_1_83' title="bbox 830 2286 1536 2332; baseline -0.001 -11"><span class='ocrx_word' id='word_1_433' title='bbox 830 2300 896 2321; x_wconf 89' lang='lat' dir='ltr'><strong>non</strong></span> <span class='ocrx_word' id='word_1_434' title='bbox 931 2288 1141 2332; x_wconf 84' lang='lat' dir='ltr'><strong>aptissimum</strong></span> <span class='ocrx_word' id='word_1_435' title='bbox 1173 2292 1226 2320; x_wconf 81' lang='lat' dir='ltr'><strong>est</strong></span> <span class='ocrx_word' id='word_1_436' title='bbox 1248 2286 1497 2330; x_wconf 84' lang='lat' dir='ltr'><strong>imperfectum,</strong></span> <span class='ocrx_word' id='word_1_437' title='bbox 1532 2287 1536 2291; x_wconf 80' lang='grc'><strong>”</strong></span> 
     </span>
     <span class='ocr_line' id='line_1_84' title="bbox 829 2333 1497 2378; baseline 0 -11"><span class='ocrx_word' id='word_1_438' title='bbox 829 2346 931 2378; x_wconf 85' lang='lat' dir='ltr'><strong>quum</strong></span> <span class='ocrx_word' id='word_1_439' title='bbox 955 2334 1071 2367; x_wconf 87' lang='lat' dir='ltr'><strong>eadem</strong></span> <span class='ocrx_word' id='word_1_440' title='bbox 1093 2334 1177 2366; x_wconf 87' lang='lat' dir='ltr'><strong>haec</strong></span> <span class='ocrx_word' id='word_1_441' title='bbox 1197 2333 1374 2374; x_wconf 83' lang='lat' dir='ltr'><strong>materiae,</strong></span> <span class='ocrx_word' id='word_1_442' title='bbox 1391 2337 1429 2366; x_wconf 86' lang='lat' dir='ltr'><strong>ut</strong></span> <span class='ocrx_word' id='word_1_443' title='bbox 1445 2333 1497 2367; x_wconf 84' lang='lat' dir='ltr'><strong>ita</strong></span> 
     </span>
     <span class='ocr_line' id='line_1_85' title="bbox 830 2378 1497 2424; baseline 0 -11"><span class='ocrx_word' id='word_1_444' title='bbox 830 2380 959 2420; x_wconf 88' lang='lat' dir='ltr'><strong>dicam,</strong></span> <span class='ocrx_word' id='word_1_445' title='bbox 993 2379 1150 2424; x_wconf 71' lang='lat' dir='ltr'><strong>poeticae</strong></span> <span class='ocrx_word' id='word_1_446' title='bbox 1182 2378 1367 2423; x_wconf 87' lang='lat' dir='ltr'><strong>descriptio</strong></span> <span class='ocrx_word' id='word_1_447' title='bbox 1391 2389 1497 2424; x_wconf 84' lang='lat' dir='ltr'><strong>supra</strong></span> 
     </span>
     <span class='ocr_line' id='line_1_86' title="bbox 830 2425 1498 2470; baseline -0.001 -11"><span class='ocrx_word' id='word_1_448' title='bbox 830 2427 870 2459; x_wconf 89' lang='lat' dir='ltr'><strong>L.</strong></span> <span class='ocrx_word' id='word_1_449' title='bbox 895 2426 960 2459; x_wconf 89' lang='lat' dir='ltr'><strong>III.</strong></span> <span class='ocrx_word' id='word_1_450' title='bbox 996 2437 1028 2470; x_wconf 90' lang='lat' dir='ltr'><strong>p.</strong></span> <span class='ocrx_word' id='word_1_451' title='bbox 1055 2427 1135 2460; x_wconf 81' lang='lat'><strong>399.</strong></span> <span class='ocrx_word' id='word_1_452' title='bbox 1165 2428 1202 2458; x_wconf 88' lang='lat' dir='ltr'><strong>A.</strong></span> <span class='ocrx_word' id='word_1_453' title='bbox 1235 2425 1274 2458; x_wconf 93' lang='lat' dir='ltr'><strong>B.</strong></span> <span class='ocrx_word' id='word_1_454' title='bbox 1302 2436 1323 2458; x_wconf 90' lang='lat' dir='ltr'><strong>a</strong></span> <span class='ocrx_word' id='word_1_455' title='bbox 1351 2425 1498 2458; x_wconf 86' lang='lat' dir='ltr'><strong>Socrate</strong></span> 
     </span>
     <span class='ocr_line' id='line_1_87' title="bbox 831 2470 1498 2512; baseline -0.003 -6"><span class='ocrx_word' id='word_1_456' title='bbox 831 2472 983 2506; x_wconf 85' lang='lat' dir='ltr'><strong>exhibita</strong></span> <span class='ocrx_word' id='word_1_457' title='bbox 1017 2476 1131 2512; x_wconf 83' lang='lat' dir='ltr'><strong>esset,</strong></span> <span class='ocrx_word' id='word_1_458' title='bbox 1168 2470 1264 2503; x_wconf 91' lang='lat' dir='ltr'><strong>cuius</strong></span> <span class='ocrx_word' id='word_1_459' title='bbox 1298 2482 1364 2503; x_wconf 90' lang='lat' dir='ltr'><strong>non</strong></span> <span class='ocrx_word' id='word_1_460' title='bbox 1388 2472 1498 2505; x_wconf 90' lang='lat' dir='ltr'><strong>minus</strong></span> 
     </span>
     <span class='ocr_line' id='line_1_88' title="bbox 831 2516 1499 2561; baseline -0.004 -9"><span class='ocrx_word' id='word_1_461' title='bbox 831 2529 957 2552; x_wconf 86' lang='lat' dir='ltr'><strong>memor</strong></span> <span class='ocrx_word' id='word_1_462' title='bbox 975 2529 1050 2550; x_wconf 87' lang='lat' dir='ltr'><strong>esse</strong></span> <span class='ocrx_word' id='word_1_463' title='bbox 1071 2516 1204 2550; x_wconf 85' lang='lat' dir='ltr'><strong>Glauco</strong></span> <span class='ocrx_word' id='word_1_464' title='bbox 1224 2517 1382 2556; x_wconf 78' lang='lat' dir='ltr'><strong>debebat,</strong></span> <span class='ocrx_word' id='word_1_465' title='bbox 1397 2527 1499 2561; x_wconf 86' lang='lat' dir='ltr'><strong>quam</strong></span> 
     </span>
     <span class='ocr_line' id='line_1_89' title="bbox 831 2562 1498 2607; baseline -0.001 -10"><span class='ocrx_word' id='word_1_466' title='bbox 831 2564 981 2605; x_wconf 89' lang='lat' dir='ltr'><strong>illorum,</strong></span> <span class='ocrx_word' id='word_1_467' title='bbox 1007 2575 1094 2607; x_wconf 85' lang='lat' dir='ltr'><strong>quae</strong></span> <span class='ocrx_word' id='word_1_468' title='bbox 1118 2575 1152 2607; x_wconf 90' lang='lat' dir='ltr'><strong>p.</strong></span> <span class='ocrx_word' id='word_1_469' title='bbox 1175 2562 1253 2597; x_wconf 83' lang='lat'><strong>602.</strong></span> <span class='ocrx_word' id='word_1_470' title='bbox 1276 2563 1318 2596; x_wconf 97' lang='grc' dir='ltr'>Ε.</span> <span class='ocrx_word' id='word_1_471' title='bbox 1345 2574 1387 2596; x_wconf 84' lang='lat' dir='ltr'><strong>ex</strong></span> <span class='ocrx_word' id='word_1_472' title='bbox 1412 2563 1498 2596; x_wconf 88' lang='lat' dir='ltr'><strong>libro</strong></span> 
     </span>
     <span class='ocr_line' id='line_1_90' title="bbox 832 2608 1497 2665; baseline -0.002 -22"><span class='ocrx_word' id='word_1_473' title='bbox 832 2614 966 2665; x_wconf 74' lang='lat' dir='ltr'><strong>quarto</strong></span> <span class='ocrx_word' id='word_1_474' title='bbox 993 2609 1142 2652; x_wconf 81' lang='lat' dir='ltr'><strong>repetita</strong></span> <span class='ocrx_word' id='word_1_475' title='bbox 1178 2608 1331 2643; x_wconf 81' lang='lat' dir='ltr'><strong>vidimus.</strong></span> <span class='ocrx_word' id='word_1_476' title='bbox 1360 2628 1406 2634; x_wconf 87' lang='lat'><strong>-—</strong></span> <span class='ocrx_word' id='word_1_477' title='bbox 1430 2610 1497 2642; x_wconf 89' lang='lat' dir='ltr'><strong>Pro</strong></span> 
     </span>
     <span class='ocr_line' id='line_1_91' title="bbox 832 2653 1499 2700; baseline -0.001 -11"><span class='ocrx_word' id='word_1_478' title='bbox 832 2654 937 2700; x_wconf 80' lang='grc' dir='ltr'><em>παρὰ</em></span> <span class='ocrx_word' id='word_1_479' title='bbox 958 2655 990 2688; x_wconf 87' lang='grc' dir='ltr'><strong>ἰιι</strong></span> <span class='ocrx_word' id='word_1_480' title='bbox 1012 2655 1090 2687; x_wconf 87' lang='lat' dir='ltr'><strong>Bas.</strong></span> <span class='ocrx_word' id='word_1_481' title='bbox 1107 2666 1137 2688; x_wconf 88' lang='lat' dir='ltr'><strong>a.</strong></span> <span class='ocrx_word' id='word_1_482' title='bbox 1163 2654 1286 2688; x_wconf 88' lang='lat' dir='ltr'><strong>iterum</strong></span> <span class='ocrx_word' id='word_1_483' title='bbox 1310 2653 1395 2699; x_wconf 89' lang='grc' dir='ltr'><em>περι</em></span> <span class='ocrx_word' id='word_1_484' title='bbox 1413 2655 1499 2688; x_wconf 86' lang='lat' dir='ltr'><strong>scri-</strong></span> 
     </span>
     <span class='ocr_line' id='line_1_92' title="bbox 833 2701 1498 2746; baseline -0.003 -11"><span class='ocrx_word' id='word_1_485' title='bbox 833 2709 927 2746; x_wconf 88' lang='lat' dir='ltr'><strong>ptum</strong></span> <span class='ocrx_word' id='word_1_486' title='bbox 952 2704 1016 2741; x_wconf 87' lang='lat' dir='ltr'><strong>est,</strong></span> <span class='ocrx_word' id='word_1_487' title='bbox 1039 2706 1078 2733; x_wconf 85' lang='lat' dir='ltr'><strong>ut</strong></span> <span class='ocrx_word' id='word_1_488' title='bbox 1101 2711 1205 2745; x_wconf 85' lang='lat' dir='ltr'><strong>supra</strong></span> <span class='ocrx_word' id='word_1_489' title='bbox 1222 2702 1262 2735; x_wconf 90' lang='lat' dir='ltr'><strong>A.</strong></span> <span class='ocrx_word' id='word_1_490' title='bbox 1289 2701 1498 2746; x_wconf 88' lang='lat' dir='ltr'><strong>eandemque</strong></span> 
     </span>
     <span class='ocr_line' id='line_1_93' title="bbox 833 2749 1067 2781; baseline -0.009 0"><span class='ocrx_word' id='word_1_491' title='bbox 833 2749 875 2781; x_wconf 87' lang='lat' dir='ltr'><strong>ob</strong></span> <span class='ocrx_word' id='word_1_492' title='bbox 903 2758 1067 2780; x_wconf 85' lang='lat' dir='ltr'><strong>caussam.</strong></span> 
     </span>
    </p>

    <p class='ocr_par' dir='ltr' id='par_1_22' title="bbox 837 2787 1497 2882">
     <span class='ocr_line' id='line_1_94' title="bbox 875 2787 1497 2849; baseline 0 -23"><span class='ocrx_word' id='word_1_493' title='bbox 875 2787 951 2849; x_wconf 79' lang='grc' dir='ltr'><strong>Ἆρ’</strong></span> <span class='ocrx_word' id='word_1_494' title='bbox 965 2793 976 2836; x_wconf 92' lang='grc'>]</span> <span class='ocrx_word' id='word_1_495' title='bbox 1017 2787 1088 2835; x_wconf 75' lang='grc' dir='ltr'><strong>ἄρ’</strong></span> <span class='ocrx_word' id='word_1_496' title='bbox 1130 2792 1230 2828; x_wconf 87' lang='lat' dir='ltr'><strong>Vind.</strong></span> <span class='ocrx_word' id='word_1_497' title='bbox 1266 2793 1311 2827; x_wconf 87' lang='lat' dir='ltr'><strong>F.</strong></span> <span class='ocrx_word' id='word_1_498' title='bbox 1345 2793 1425 2826; x_wconf 87' lang='lat' dir='ltr'><strong>Bas.</strong></span> <span class='ocrx_word' id='word_1_499' title='bbox 1464 2792 1497 2826; x_wconf 83' lang='lat' dir='ltr'><strong>b.</strong></span> 
     </span>
     <span class='ocr_line' id='line_1_95' title="bbox 824 2835 1166 2882; baseline 0 -10"><span class='ocrx_word' id='word_1_500' title='bbox 824 2835 904 2882; x_wconf 78' lang='grc' dir='ltr'><strong>’Ἆρ’</strong></span> <span class='ocrx_word' id='word_1_501' title='bbox 930 2838 1005 2873; x_wconf 88' lang='lat' dir='ltr'><strong>Ald.</strong></span> <span class='ocrx_word' id='word_1_502' title='bbox 1031 2839 1110 2872; x_wconf 85' lang='lat' dir='ltr'><strong>Bas.</strong></span> <span class='ocrx_word' id='word_1_503' title='bbox 1135 2850 1166 2872; x_wconf 86' lang='lat' dir='ltr'><strong>a.</strong></span> 
     </span>
    </p>
   </div>
  </div>
 </body>
</html>
