1764 3176
657 112 748 162 pag.
777 114 825 153 21
839 134 892 139 —
905 115 968 153 53.
1512 112 1568 153 39

59 226 150 275 Pag.
177 226 242 271 35,
272 226 307 273 h,
332 228 383 267 21
415 229 501 276 post
541 224 648 261 habet
690 223 855 261 inseras:
892 225 1007 272 (teste
1046 224 1226 263 Diibnero
1270 242 1300 265 ω
1341 232 1378 263 ct
1410 243 1433 278 η
1471 241 1491 263 a
1521 240 1567 264 ιιι.

333 287 408 319 vet.
439 281 695 331 superscripta
725 280 841 329 sunt).

61 337 152 389 Pag.
183 338 252 387 37,
269 350 304 388 a,
334 339 359 378 3
399 343 486 388 post
521 337 617 388 μίαν
647 338 810 374 inseras:
847 335 933 387 Par.
970 338 1014 375 A.
1050 337 1119 380 Dii,
1148 352 1169 376 a
1207 353 1254 376 m.
1287 352 1363 380 sec.
1401 343 1439 377 et
1476 353 1509 376 v.
1543 338 1567 379 4

332 395 468 433 addas:
501 391 601 444 μηδὲ
627 393 722 445 μίαν
752 406 773 430 a
802 406 851 434 m.
879 406 936 444 pr.
965 394 1048 435 Par.
1083 397 1125 435 A.
1160 395 1233 435 Dii.

363 453 388 491 6
419 464 440 488 a
467 451 492 488 f.
518 453 606 501 post
631 445 727 501 μάλ’
756 451 920 487 inseras:
960 451 1042 488 Par.
1075 452 1120 489 A.
1152 451 1226 490 Dii.

58 506 148 557 Pag.
181 508 250 556 38,
268 521 304 556 a,
337 510 361 547 7
391 520 413 545 a
445 507 470 544 f.
499 507 637 544 addas:
665 500 882 558 δράσουσιν
911 507 995 545 Par.
1030 508 1072 547 A.
1096 507 1169 545 Ι)ι“ἰ.

277 564 312 610 Ι),
337 565 386 603 16
416 577 437 601 a
457 564 482 600 f.
503 566 591 613 post
619 564 700 600 licet
731 564 873 600 addas:
905 563 966 604 Cf,
989 565 1086 602 Tim.
1114 579 1150 615 p.
1180 565 1313 606 27.C:
1349 560 1372 619 ᾗ
1394 563 1553 617 γέγονεν

332 622 356 660 9
387 632 408 657 a
438 620 464 655 f.
489 624 578 669 post
608 623 795 656 accentum
825 621 990 658 inseras:
1021 634 1102 658 cum
1133 621 1218 658 Par.
1253 621 1294 659 A.
1325 621 1398 658 Dii.

58 677 148 725 Pag.
179 677 245 724 39,
263 692 295 723 a,
330 676 381 716 13
408 680 496 726 post
525 676 672 729 παρίῃς
701 677 864 713 inseras:
900 676 986 714 Par.
1018 678 1059 714 A.
1093 676 1165 716 Dii.
1198 679 1286 715 item
1316 693 1353 729 p.
1383 677 1518 726 40‚·a‚
1545 679 1570 717 8

343 737 416 770 ›ost
445 729 577 772 κοινά.

54 788 146 839 Pag.
173 787 240 837 40,
266 789 301 835 b,
330 747 426 827 {nter
456 801 490 826 v.
522 788 574 829 14
605 794 640 826 et
673 789 724 829 15
755 789 916 826 inseras:
943 790 1067 840 μίξιν)
1095 792 1202 842 μῖξιν
1227 791 1311 827 Par.
1347 791 1387 829 A.
1420 791 1491 829 Dii.

54 846 147 895 Pag.
173 845 240 893 41,
266 859 301 894 a,
333 847 387 887 20
416 849 503 896 post
533 847 792 898 γυμνοῦσθαι
822 847 984 884 inseras:
1016 847 1101 885 Par.
1133 848 1176 884 Α.
1210 847 1282 889 Dii,

55 901 146 951 Pag.
173 900 241 952 42,
269 916 304 953 a,
333 900 388 944 24
413 906 501 953 post
530 906 736 955 προθυμεῖ
758 907 794 940 et
824 904 850 942 6
879 916 901 939 a
931 904 955 943 f.
986 911 1074 955 post
1100 900 1150 943 ἂν
1181 909 1217 941 ct
1245 917 1330 953 pen.
1369 910 1457 954 post
1486 903 1575 956 ἡγεῖ

330 960 496 996 inseras:
527 959 611 997 Par.
645 957 689 1000 A,
723 958 796 996 Dii.
831 964 867 996 et
894 959 918 999 5
949 973 970 997 a
1000 962 1024 998 f.
1057 962 1194 998 addas:
1229 956 1279 1000 οἶν
1310 961 1436 999 deleto
1470 976 1491 998 a
1521 975 1569 1001 m.

330 1029 405 1056 sec,
434 1021 592 1053 accentu
620 1015 705 1053 Par.
734 1017 779 1056 A.
812 1014 885 1052 Dii.

275 1072 312 1120 b,
337 1072 432 1109 inter
462 1084 497 1108 V.
526 1074 575 1112 19
608 1077 643 1110 et
672 1072 726 1113 20
756 1073 917 1109 inseras:
950 1072 1097 1124 Βαβαὶ)
1128 1075 1252 1124 βαβαῖ
1276 1073 1361 1114 Par,
1396 1074 1437 1114 Α,
1472 1073 1543 1115 Dii,

56 1128 146 1177 Pag.
174 1126 242 1174 43,
273 1129 309 1173 b,
342 1130 391 1168 12
419 1128 559 1171 addas:
594 1127 646 1175 οἷς
677 1124 807 1175 αὕτως
838 1128 922 1165 Par.
957 1129 1000 1167 A.
1036 1129 1106 1167 Dii.

54 1185 146 1234 Pag.
177 1183 246 1234 44,
277 1198 313 1234 a,
343 1187 369 1224 7
399 1185 536 1221 addas:
571 1190 608 1222 et
636 1184 682 1224 L.
722 1184 786 1222 ΙΙΙ.
829 1199 864 1235 p.
902 1184 994 1225 410.
1028 1186 1077 1222 E:
1122 1182 1339 1234 ἀνεθέντος
1379 1182 1503 1225 αὐτοῦ
1535 1191 1571 1223 et

328 1239 546 1293 τραφέντος
582 1242 680 1279 inter
721 1254 753 1280 v,
783 1242 809 1281 3
839 1254 860 1278 a
892 1242 953 1281 fin.
994 1247 1030 1279 et
1058 1256 1145 1292 pen.
1185 1244 1346 1281 inseras:
1388 1242 1569 1291 τοιαῦτα)

329 1299 494 1338 τοιαῦτα
519 1303 587 1343 ÷
614 1296 699 1334 Par.
729 1297 770 1337 A.
800 1297 872 1334 Dii.

273 1355 309 1403 b,
333 1355 357 1396 5
389 1369 410 1393 a
442 1355 466 1393 f.
504 1358 591 1404 post
627 1353 787 1406 ἔκγονα)
826 1355 986 1391 inseras.
1026 1375 1080 1381 —-
1111 1370 1158 1407 κγ
1191 1377 1238 1382 —
1272 1356 1306 1392 in
1345 1356 1455 1394 litura
1486 1356 1569 1395 Par.

56 1467 146 1517 Pag.
175 1468 243 1517 45,
266 1468 304 1517 b,
330 1409 473 1508 2an13-
490 1470 579 1517 post
609 1469 712 1504 tenui
742 1466 899 1505 incidas.

55 1524 147 1575 Pag.
172 1525 237 1572 46,
265 1538 300 1572 a,
329 1525 426 1561 inter
449 1537 484 1561 v.
508 1524 532 1563 5
564 1527 600 1560 et
631 1526 655 1564 6
687 1524 848 1561 inseras:
889 1519 1071 1574 ἄρχουσι)
1101 1545 1156 1550 —
1190 1536 1253 1562 σιν
1282 1524 1365 1562 Par.
1399 1523 1441 1561 A.
1476 1524 1545 1564 Dii.

328 1582 426 1619 inter
454 1593 490 1617 v.
518 1582 544 1619 7
577 1585 613 1617 et
644 1582 670 1620 6
701 1593 722 1616 a
743 1581 769 1620 f.
802 1581 965 1618 inseras:
987 1580 1186 1631 γίγνηται)
1205 1601 1256 1606 —
1278 1597 1365 1631 ηται
1396 1582 1430 1617 in
1464 1581 1571 1617 litum

330 1637 413 1678 Par.
451 1637 494 1674 A.
521 1636 593 1676 Dii.
626 1641 664 1674 et
693 1637 789 1674 inter
819 1649 853 1673 v.
892 1635 917 1676 4
960 1640 997 1674 ct
1032 1638 1058 1677 3
1088 1650 1111 1674 a
1141 1637 1165 1678 f,
1196 1635 1272 1688 μὴ)
1303 1635 1357 1688 μή
1390 1645 1455 1681 -ζ-
1485 1637 1565 1677 Par.

333 1694 379 1734 Α.
411 1693 483 1731 Dii.

275 1749 313 1798 b,
337 1753 362 1790 7
391 1763 412 1787 a
442 1751 467 1790 f,
502 1749 644 1787 addas:
678 1745 775 1788 ἄλλά
797 1764 835 1788 τε
866 1762 887 1785 a
918 1763 967 1788 m.
1001 1763 1057 1799 pr.
1084 1748 1168 1790 Par.
1200 1749 1242 1789 A.
1275 1750 1348 1787 Dii.

54 1806 146 1855 Pag.
177 1804 243 1854 48,
275 1819 309 1854 a,
337 1808 360 1848 5
394 1811 483 1858 post
522 1806 748 1859 σπαργῶσι)
790 1807 953 1843 inseras:
993 1818 1096 1858 σπαρ
1146 1819 1190 1858 ..ζ-
1243 1808 1368 1859 γώσιν
1406 1807 1490 1847 Pur.
1527 1809 1570 1847 Α.

332 1863 407 1902 Dii.
440 1867 477 1900 et
510 1863 559 1878 Α

334 1921 386 1960 16
417 1932 437 1956 a
463 1919 488 1960 f.
520 1925 608 1970 post
635 1913 743 1965 0360:
782 1912 878 1957 αἷσιν
906 1917 991 1958 Par.
1025 1918 1066 1958 A.
1102 1919 1175 1956 Dii.

56 1975 149 2025 Pag.
175 1973 244 2025 49,
271 1989 306 2024 a,
337 1978 389 2016 28
421 1982 508 2026 post
540 1976 628 2016 Par.
659 1975 704 2015 A.
737 1977 900 2012 inseras:
931 1976 1004 2025 (—-
1034 1991 1066 2014 τ.
1091 1980 1123 2015 θ
1152 1997 1207 2001 ——1
1234 1978 1438 2013 secundum
1468 1976 1572 2012 Dilb-

332 2045 484 2080 nerum,
524 2034 558 2073 h.
592 2046 624 2072 e.
664 2045 746 2070 cum
787 2033 894 2069 unius
934 2031 1080 2070 litterae
1110 2034 1208 2070 inter
1248 2049 1267 2071 τ
1298 2038 1335 2070 et
1366 2038 1397 2071 θ
1426 2033 1570 2070 deletae

332 2103 361 2126 su
394 2103 442 2126 no
466 2118 474 2125 .

277 2147 314 2194 b,
336 2102 408 2185 4ga
438 2088 464 2182 f).
494 2148 583 2195 post
613 2143 736 2184 εἴκοσι
767 2146 932 2181 inseras:
964 2144 1045 2183 Par.
1082 2143 1127 2184 A.
1161 2144 1233 2182 Ι)ι“ἰ.

60 2203 150 2252 Pag.
178 2203 244 2252 51,
271 2204 309 2252 b,
338 2204 390 2244 27
419 2207 509 2253 post
538 2201 790 2247 εἰκοσιετίδος
821 2202 983 2237 inseras:
1013 2214 1035 2238 a
1065 2215 1113 2239 m.
1143 2215 1201 2250 pr.
1240 2200 1326 2240 Par.
1358 2202 1398 2240 Α.
1432 2202 1506 2241 Ι)ι“ἰ.

333 2260 357 2298 5
388 2258 454 2295 af.
492 2259 634 2296 addas:
667 2258 789 2295 Etiam
827 2258 968 2308 τρίετες
1004 2256 1101 2307 Leg.
1141 2257 1190 2296 L.
1223 2258 1301 2294 VH.
1332 2272 1368 2308 p.
1402 2260 1495 2297 789.
1529 2258 1570 2295 Ε.

335 2328 357 2352 a
387 2315 579 2352 codicibus
620 2315 762 2351 firmum
802 2319 881 2361 est,
920 2315 1008 2352 item
1050 2312 1194 2354 δεκέτει
1231 2315 1278 2355 ib.
1317 2328 1352 2364 p.
1394 2314 1486 2354 809.
1530 2315 1572 2351 E.

331 2371 435 2421 quod
464 2371 662 2408 Bekkerus
692 2371 897 2408 secundum
928 2371 1013 2410 vat.
1042 2371 1085 2412 C,
1120 2384 1175 2421 pr.
1212 2373 1246 2408 in
1275 2371 1423 2410 δεκετεῖ
1449 2376 1572 2407 muta-

334 2429 408 2475 vit,
448 2432 485 2464 et
521 2425 680 2479 τριέτεις
718 2427 763 2468 L.
803 2426 923 2467 VIIII.
967 2441 1006 2478 p.
1046 2428 1141 2469 868.
1183 2428 1225 2469 E,
1261 2429 1378 2465 tutius
1419 2427 1571 2476 vulgato

333 2487 491 2535 τριετεῖς
523 2485 680 2524 videtur.

60 2541 151 2590 Pag.
177 2540 245 2592 52,
273 2553 305 2586 a,
335 2542 360 2580 6
386 2545 473 2591 post
498 2541 608 2590 vulgo
636 2541 800 2578 inseras:
841 2544 879 2576 et
909 2541 945 2576 in
975 2538 1062 2577 Par.
1092 2540 1137 2581 A,
1167 2539 1240 2578 Dii.
1271 2553 1292 2577 a
1321 2552 1368 2578 m.
1401 2553 1458 2590 pr.

339 2595 389 2636 14
416 2610 437 2633 a
468 2597 495 2636 f.
528 2601 614 2634 ante
651 2596 756 2633 Vincl.
787 2597 948 2633 inseras:
978 2595 1064 2638 Par,
1099 2596 1142 2637 A.
1173 2595 1246 2633 Dii.

281 2654 316 2702 b,
342 2655 393 2692 17
423 2653 561 2690 addas:
602 2653 721 2690 Etiam
752 2653 838 2689 Par.
885 2654 926 2689 A.
966 2652 1037 2692 Dii.
1077 2658 1108 2692 θ
1137 2654 1182 2690 ab
1210 2653 1341 2690 eadem
1372 2665 1420 2688 m.
1459 2665 1570 2701 super

337 2725 367 2758 φ
392 2710 554 2759 positum
586 2710 708 2748 habet.

62 2765 152 2814 Pag·
179 2766 245 2806 53.
274 2779 307 2814 τι,
339 2767 392 2806 23
431 2767 567 2803 addas:
607 2766 709 2815 (Par.
754 2765 796 2802 A·
838 2764 910 2804 Ι)ι“ἰ.
960 2767 994 2802 in
1042 2771 1217 2804 contextu
1262 2765 1460 2803 verborum
1498 2760 1570 2814 ἐφ’

339 2822 490 2869 omittit,
521 2823 557 2860 in
584 2836 631 2859 m.
665 2821 774 2859 habet
802 2837 848 2873 γρ
879 2817 949 2871 ἐφ’
982 2820 1017 2872 ἕ)
