1764 3176
604 131 1083 175 EDITORIS.
1442 149 1548 173 mxxi

159 249 320 294 quoniam
336 248 473 282 iamiam
494 258 572 282 eum
590 259 726 292 quoque
742 258 858 282 sumus
874 250 1076 293 exposituri.
1106 249 1240 286 Quarto
1253 249 1435 283 committit
1445 250 1549 283 etiam

158 305 352 340 Acciaiolus
376 316 526 340 errorem
557 306 648 340 illum
677 306 722 339 ab
749 306 906 339 omnibus
944 307 1196 350 expositoribus
1224 307 1461 349 commissum,
1491 306 1548 348 qui

157 363 276 397 dicunt
304 362 390 396 duas
409 362 602 396 harmonias
629 363 785 396 Platonis
814 373 889 396 esse
907 362 1192 408 sesquitertiam,
1224 367 1260 397 et
1278 364 1548 406 Sesquialteram

157 420 338 453 Rationes,
397 419 525 456 Quinte>
540 423 579 453 ,et
600 419 718 453 ultimo
744 419 913 453 commisit
937 430 1089 453 errorem
1108 419 1326 462 Acciaiolus‚
1358 421 1433 453 cum
1454 419 1550 460 dicit,

156 476 248 519 quod
269 475 500 510 duodenarius
523 476 656 509 dicatur
685 476 728 509 ab
758 476 943 510 Aristotele
964 476 1036 510 fieri
1057 477 1217 517 Solidus,
1247 477 1328 519 quia
1351 480 1489 510 constat
1507 486 1549 509 ex

155 533 260 566 ductu
281 532 492 576 quaternarii
510 533 544 566 in
565 534 774 576 ternarium,
804 544 893 576 quae
924 538 1005 566 sunt
1025 533 1096 566 eius
1118 533 1187 566 duo
1217 533 1338 567 latera.
1370 544 1439 566 non
1460 533 1550 565 enim

154 589 234 623 ideo
253 590 376 623 dicitur
394 590 468 633 ipse
485 589 714 623 duodenarius
725 589 863 623 Solidus
882 590 961 632 quia
979 591 1041 623 fiat
1054 600 1096 623 ex
1117 589 1399 632 multiplicatione
1411 594 1551 632 quater-

153 647 242 681 narii
272 647 306 680 in
330 647 536 691 ternarium,
568 645 632 679 hac
657 646 747 679 enim
771 647 906 680 ratione
934 647 1047 689 potius
1062 646 1191 679 Planus
1223 650 1275 679 est
1302 646 1398 679 iuxta
1418 647 1552 679 numeri

152 703 254 737 Plani
274 703 518 737 definitionem.
576 703 646 736 Sed
669 703 898 736 duodenarius
919 703 1044 736 dicitur
1059 703 1210 743 Solidus,
1239 703 1318 746 quia
1338 707 1452 746 potest
1469 713 1550 746 pro-

153 759 232 793 duci
255 770 298 793 ex
318 760 420 793 trium
438 769 661 794 numerorum
689 760 973 803 multiplicatione
1003 760 1100 793 iuxta
1132 759 1241 793 Solidi
1271 760 1403 793 numeri
1427 759 1550 792 defini-

152 816 303 858 tionem3
332 817 385 850 bis
419 817 508 850 enim
528 817 605 858 tria,
635 827 719 857 sex3
751 821 786 849 et
805 817 856 849 bis
875 827 936 850 sex
956 817 1161 858 duodecim3
1186 816 1238 849 bis
1267 816 1347 857 duo,
1380 821 1548 858 quatuor3

152 877 189 907 et
210 877 263 907 ter
287 878 434 916 quatuor
451 873 643 907 duodecim.
701 871 802 906 Adde
830 874 933 907 etiam
962 874 1053 916 quud
1077 884 1145 906 non
1176 873 1326 915 loquitur
1345 871 1550 905 Aristoteles

152 929 196 964 de
230 930 452 964 Duodenario
483 931 559 963 cum
589 931 640 963 ait
666 931 806 975 quando
837 941 999 964 numerus
1035 930 1319 975 Diagrammatis
1351 929 1550 963 huiusmodi

152 988 327 1032 efficiatur
357 987 516 1029 Solidus,
543 988 631 1020 sicut
659 987 806 1020 credidit
834 987 1050 1027 Aoeiaiolus,
1085 992 1118 1020 et
1144 987 1187 1020 D.
1214 985 1386 1019 Thomas:
1416 986 1478 1019 sed
1507 985 1550 1019 de

150 1045 226 1087 ipso
253 1044 408 1077 Platonis
436 1055 579 1077 numero
608 1044 831 1077 Geometrico
850 1045 883 1077 in
903 1045 969 1077 fine
995 1044 1109 1086 magni
1130 1043 1398 1085 Diagrammatis
1418 1042 1549 1077 descri-

149 1104 234 1144 pto3
266 1104 304 1134 ut
321 1099 461 1134 iuferius
479 1101 514 1134 in
531 1101 725 1134 Aristotelis
746 1101 845 1134 litera
862 1100 1073 1134 declaranda
1090 1100 1289 1134 videbimus.

251 1205 366 1244 Haec
385 1207 510 1253 erant,
547 1218 649 1256 quae
671 1208 762 1244 ante
781 1205 860 1245 hos
884 1205 1026 1244 decem
1046 1217 1174 1244 annos
1194 1204 1352 1244 referre
1372 1203 1423 1242 de
1445 1203 1544 1243 alio-

147 1309 236 1336 rum
254 1296 510 1348 opinionibus
532 1296 787 1337 haberemus.
844 1295 1006 1336 Interim
1027 1295 1280 1344 Wachlerus‚
1315 1297 1374 1335 vir
1392 1295 1543 1335 littera-

147 1389 348 1438 tissimus,
383 1400 459 1428 nos
490 1388 628 1427 docuit
653 1387 912 1441 Freytagium
948 1389 1176 1441 Apparatus
1212 1388 1391 1427 litterarii
1425 1387 1474 1426 T.
1496 1387 1543 1427 11.

147 1494 189 1533 p.
212 1480 309 1520 987.
342 1481 589 1521 mentionem
616 1481 770 1521 fecisse
794 1479 918 1521 libelli
937 1494 960 1520 a
991 1479 1167 1520 Martino
1189 1479 1370 1520 Rakocio
1392 1479 1546 1531 scripti,

145 1573 188 1612 in
220 1585 300 1624 quo
340 1574 495 1612 numeri
525 1572 723 1612 Platonici
760 1572 973 1627 explicatio
1020 1572 1215 1624 quaedam
1247 1572 1414 1611 inesset.
1484 1570 1546 1610 Ea

146 1678 384 1716 quamquam
405 1665 504 1704 nihil
520 1679 543 1704 a
565 1662 760 1707 Matthiae
791 1663 1056 1704 Lauterwaldi
1084 1665 1240 1702 ratione
1269 1663 1451 1702 differret
1468 1676 1545 1702 nec

145 1757 228 1796 ullo
248 1757 370 1797 modo
392 1760 536 1810 posset
554 1756 731 1810 probari,
757 1759 890 1795 tamen
908 1754 1078 1794 instituti
1102 1768 1244 1795 caussa
1265 1758 1307 1794 et
1327 1754 1434 1807 quod
1456 1768 1542 1795 car-

144 1849 253 1888 mine
269 1848 423 1887 inclusa
443 1850 566 1895 esset,
594 1847 865 1900 supplementi
882 1847 975 1886 loco
999 1847 1066 1886 hic
1090 1846 1439 1886 commemoranda
1460 1847 1544 1885 visa

146 1944 220 1982 est.
292 1939 451 1979 Titulus
481 1939 604 1979 libelli
623 1939 842 1979 secundum
859 1938 1119 1991 Freytagium
1151 1939 1220 1979 hic
1245 1942 1328 1979 est:
1363 1938 1542 1978 Libellus

144 2031 197 2071 de
214 2031 399 2071 Partibus
415 2031 587 2084 Reipub.
613 2035 653 2071 et
676 2031 817 2070 Causis
838 2029 1105 2070 Mutationum
1124 2029 1372 2083 Regnorum,
1406 2030 1539 2082 Impe-

141 2123 334 2175 riorumq.
356 2125 398 2163 in
419 2124 623 2176 plerisque
643 2123 691 2162 ad
710 2123 973 2161 imitationem
983 2123 1225 2170 Aristotelis,
1244 2123 1418 2174 scriptus
1441 2121 1537 2161 Car-

144 2215 252 2254 mine
273 2228 348 2267 per
372 2214 429 2254 M.
451 2214 666 2254 Martinum
681 2214 916 2254 Rakocium.
957 2236 1017 2242 -—
1061 2212 1240 2254 Viennae
1258 2214 1446 2254 Austriae
1468 2226 1538 2254 ex-

145 2305 317 2346 cudebat
335 2305 518 2358 Raphael
535 2307 767 2347 Hoffhalter
784 2306 900 2346 Anno
922 2304 1045 2346 1560.
1063 2303 1125 2361 (4.
1144 2305 1217 2345 fol.
1239 2304 1326 2358 23.)
1375 2307 1539 2354 Auctor,

144 2397 290 2437 eodem
316 2400 443 2447 teste,
479 2398 676 2438 Martinus
697 2397 916 2438 Rakowzki
945 2399 996 2438 de
1016 2397 1182 2446 Rakow,
1209 2397 1404 2439 Gamerae
1420 2398 1537 2438 Hun-

141 2489 299 2542 garicae
327 2490 457 2529 scriba
484 2490 573 2530 fuit.
646 2489 796 2532 Versus
814 2491 943 2543 ipsos,
981 2491 1124 2542 quibus
1158 2491 1380 2531 secundum
1399 2490 1535 2530 Plato-

141 2593 235 2621 nem
253 2593 440 2621 numerus
459 2582 563 2622 inter
593 2595 755 2622 caussas
784 2584 1047 2622 mutationum
1085 2595 1303 2636 regnorum
1333 2584 1536 2630 afferatur,

140 2671 379 2725 Freytagius
406 2686 481 2725 pro
513 2675 736 2726 specimine
755 2675 946 2728 apposuit
971 2674 1074 2716 hos:

169 2790 226 2798 —
257 2764 427 2807 Numerus
456 2774 570 2818 placet
599 2775 708 2808 altera
742 2786 865 2809 caussa
894 2775 1045 2818 Platoni,

227 2829 297 2866 Qui
325 2828 452 2874 duplici
482 2829 660 2866 harmonia
690 2831 863 2876 discrepet
891 2832 965 2876 ipse
998 2832 1074 2875 sibi,
