1764 3176
0 2639 3 2682 ι

0 2686 5 2773 ἑ

404 179 731 222 CIVITAS
779 179 903 220 LlB.
938 177 1053 220 VIII.
1093 182 1162 218 567
1418 180 1474 220 97

90 293 360 349 ὑπισχνεῖταί
394 308 440 336 τε
475 289 615 335 πολλοὶ
653 291 727 335 καὶ
763 291 855 348 ἰδίᾳ
890 290 966 334 καὶ
1001 289 1212 345 δημοσίᾳ,
1254 289 1396 342 χρεῶν
1430 301 1476 329 τε

92 359 365 418 ἠλευθέρωσε
403 359 477 403 καὶ
516 361 601 416 γῆν
646 358 830 414 διένειμε
871 356 994 415 δήμῳ
1032 373 1096 401 τεν
1127 356 1200 400 καὶ
1239 360 1332 406 τοῖς
1374 355 1476 409 περὶ

94 427 274 480 ἑαυτὸν,
309 428 383 471 καὶ
412 432 545 471 πᾶσιν
574 425 697 478 ἵλεώς
725 442 770 470 τε
808 426 883 469 καὶ
913 429 1055 478 πρᾶος
1085 423 1197 468 εἶναι
1226 427 1477 476 προσποιεῖ-

92 514 184 547 ταις
218 493 428 551 Ἀνάγκη,
460 496 556 552 ἔφη.
604 494 742 538 ”Οταν
771 493 817 538 δέ
842 509 914 550 γε,
948 490 1091 549 οἶμαι,
1122 491 1233 544 πρὸς
1261 490 1367 541 τούς
1397 491 1475 543 ἔξω

93 563 282 621 ἐχθρούς
318 569 408 615 τοῖς
446 563 526 619 μὲν
564 566 838 620 καταλλαγῇ,
887 560 992 612 τοὺς
1027 559 1074 604 δὲ
1111 559 1186 602 καὶ
1225 560 1478 616 διαφθείρῃ,

92 633 167 677 καὶ
192 629 351 687 ἡσυχία
380 632 558 675 ἐκείνων
579 630 795 687 γένηται,
834 634 1014 684 πρῶτον
1045 627 1124 682 μὲν
1161 625 1380 682 πολέμους
1419 644 1477 670 τι-

94 698 274 752 vois-<dei
302 704 436 752 κινεῖ,
467 698 528 742 ἵν’
559 699 606 743 ἐν
635 701 755 756 χρεία
783 696 999 756 ἡγεμόνος
1029 693 1052 739 ὁ
1075 697 1214 752 δῆμος
1243 698 1283 751 ᾐ.
1344 694 1478 746 Εἰκός

94 785 154 825 γε.
185 766 364 812 Οὐκοῦν
391 768 466 811 καὶ
495 768 568 810 ἴνα
593 767 791 822 χρήματα
821 766 1096 821 εἰσφέροντες
1125 763 1304 820 πένητες
1331 763 1474 820 γιγνό-
1497 771 1566 805 567

48 874 54 877 ,
96 853 221 893 μενοι
256 835 370 891 πρὸς
405 840 467 893 τῷ
507 833 612 881 ,καθ’
649 834 817 890 ἡμέραν
866 831 1200 889 ἀναγκάζωνται
1251 829 1364 875 εἶναι
1405 831 1479 875 καὶ

96 900 225 963 ἦττον
261 902 381 963 αὐτῷ
421 902 754 959 ἐπιβουλεύωσις
805 906 969 959 Δῆλον.

97 1010 256 1053 μνημεῖα
291 1005 334 1042 δ’
367 1005 495 1043 αυτῶν
527 1010 607 1048 τοῖς
631 1007 758 1041 τεκοῦ-

99 1065 158 1089 σιν
183 1055 234 1094 εἰς
257 1051 396 1111 δόμους
418 1052 513 1098 πρὸς
540 1051 624 1098 ἅρμ’
636 1050 760 1096 Ἀδρά-

98 1111 187 1135 στου
219 1100 340 1145 χερσὶν
364 1099 527 1145 ε’στεφον.
553 1112 600 1134 sc.
625 1098 760 1144 φέρον-

98 1158 170 1186 τες.
216 1147 312 1180 Plato
344 1147 488 1180 Phaedr.
523 1159 557 1206 p.
594 1148 674 1181 257.
706 1146 759 1179 Β.

100 1192 165 1226 ινα
185 1212 234 1217 -
263 1188 391 1235 ἁπλῶς
411 1190 509 1247 πρὸς
525 1192 672 1247 ’Έρωτα
699 1202 758 1234 με·

98 1237 146 1273 τὰ
166 1237 395 1282 φιλοσόφων
431 1235 558 1292 λόγιον
582 1235 650 1272 τὸν
674 1236 759 1282 βίον

97 1285 265 1329 ποιῆται.
297 1296 344 1318 sc.
377 1281 633 1328 τετραμμένος.
690 1283 760 1316 Eo-

99 1331 177 1364 dem
206 1331 303 1364 modo
337 1329 411 1363 Civ.
443 1330 484 1365 L.
508 1330 583 1365 VII
621 1341 653 1372 p.
678 1329 758 1364 540.

99 1378 147 1411 Β·
171 1374 261 1416 τοὺς
280 1374 536 1415 διασωθέντας
546 1373 759 1429 -οἷναγκα-

99 1419 206 1457 στέον
229 1442 275 1447 —-
297 1420 360 1455 καὶ
383 1419 492 1456 πόλιν
519 1420 581 1456 καὶ
609 1419 761 1460 ἰδιώτας

99 1467 161 1503 καὶ
194 1464 354 1510 ἑαυτους
392 1470 540 1511 κοσμεῖν
577 1465 646 1502 τὸν
684 1464 760 1500 ἐπί-

99 1517 231 1549 λοιπον
265 1514 349 1560 βίον
379 1511 418 1547 ἐν
442 1512 544 1569 μέρει
568 1511 759 1555 εκάστονς,

101 1558 146 1595 τὸ
175 1572 244 1604 μεν
282 1558 376 1594 πολὺ
410 1556 506 1602 πρός
535 1559 762 1603 φιλοσοφίαν

100 1606 369 1662 διατρίβοντας
436 1605 547 1639 Simili
593 1606 765 1639 brevitate

100 1653 187 1687 haec
225 1649 321 1706 πρὸς
360 1649 451 1691 τούς
493 1649 560 1693 έξω
604 1648 764 1695 ἐχθροὺς

101 1699 196 1733 dicta
228 1699 455 1743 interpretor:
496 1699 562 1731 Ubi
598 1698 763 1731 adversus

103 1750 261 1779 externos
297 1745 410 1778 hostes
441 1755 513 1777 rem
551 1745 604 1777 ita
639 1744 760 1787 gessit,

102 1796 143 1825 nt
174 1803 250 1824 cum
295 1791 374 1824 aliis
409 1791 446 1823 in
476 1790 666 1823 amicitiam
707 1800 763 1822 re-

103 1837 228 1879 aierit,
268 1837 356 1870 alios
384 1836 567 1877 exciderit,
601 1846 689 1880 quae
733 1833 763 1867 si

34 1912 39 1919 .
101 1883 203 1928 plene
240 1881 451 1923 dicerentur,
492 1882 544 1915 ita
587 1882 661 1915 fere
702 1881 764 1914 ha-

103 1930 246 1962 berent-
289 1924 384 1962 ὅταν
426 1924 522 1970 πρός
559 1925 651 1966 τοὺς
694 1925 761 1968 ε’ξω

104 1972 264 2029 ἐχθροὺς
289 1985 388 2007 ουτω
405 1972 648 2018 προσενεχθῇ,
669 1969 763 2006 (Have

103 2023 185 2066 τοῖς
207 2017 273 2064 μὲν
296 2019 589 2064 καταλλαγῆναι,
612 2018 703 2059 τοὺς
724 2016 762 2052 δὲ

104 2058 337 2111 διαφθεῖραι.
403 2066 479 2100 Nec
520 2067 625 2099 muito
664 2066 765 2098 aliter

104 2125 184 2147 nos.
227 2125 327 2146 wenn
362 2124 399 2146 er
427 2113 517 2145 nach
549 2124 673 2145 aussen
705 2112 765 2144 hin

104 2160 169 2193 mit
191 2159 269 2192 dem
292 2160 390 2192 einen
415 2159 534 2192 Theilc
558 2159 620 2192 der
636 2158 765 2193 Feinde

104 2205 177 2238 sich
195 2204 416 2248 ausgest'ihnt,
440 2206 505 2238 den
531 2205 664 2238 andern
686 2215 765 2237 ver-

104 2251 236 2285 m‘chtet
257 2251 331 2284 hat.

154 2295 384 2341 καταλλαγῇ]
415 2294 456 2328 In
479 2294 573 2330 Mon.
599 2295 638 2330 B.
669 2293 766 2340 prius

108 2345 129 2378 λ
151 2343 213 2377 int.
235 2354 325 2377 vers.
342 2353 363 2375 a
385 2353 428 2375 m.
453 2352 480 2375 s.
503 2341 654 2376 additum
678 2346 742 2375 est.

154 2388 217 2423 καὶ
249 2384 403 2433 ἡσυχία]
438 2385 511 2421 κὰν
541 2384 578 2432 ἡ.
611 2388 699 2431 Ang.
723 2387 764 2420 B.

108 2446 312 2481 quamquam
364 2433 543 2467 Bekkerus
598 2433 767 2467 incertum

108 2481 266 2526 reliquit,
292 2482 403 2513 utrum
428 2490 489 2524 pro
512 2480 597 2521 hoc,
632 2491 676 2513 an
703 2490 766 2536 pro

109 2539 169 2570 eo,
197 2527 288 2572 quod
309 2525 463 2583 proxime
484 2525 674 2568 antecedit,
704 2523 767 2559 καὶ

109 2573 144 2608 in
166 2574 253 2617 Ang
275 2571 348 2606 κᾶν
370 2571 548 2606 invenerit.

155 2619 265 2673 κινεῖ]
288 2620 403 2652 κινεῖν
425 2617 525 2651 Vind.
542 2618 586 2651 F.

155 2659 207 2709 ἦ]
238 2665 294 2719 εἴη
326 2664 422 2697 Flor.
446 2664 491 2698 T.

155 2677 273 2750 Ἑίκός
298 2710 371 2754 γε.]
408 2721 473 2743 om.
516 2712 603 2755 Aug.
631 2709 672 2743 B.
714 2705 768 2742 ιν’

113 2757 158 2794 εἰ.
181 2769 219 2802 γε
243 2756 346 2792 vind.
370 2755 446 2790 EF.

0 2778 3 2788 Ι
46 2807 114 2843 567
161 2803 246 2847 ινα]
273 2802 335 2836 ἵνα
358 2811 397 2844 γε
420 2800 504 2834 Lob.

162 2848 316 2893 πένητες
333 2844 554 2892 γιγνόμενοι]
568 2858 632 2880 om.
647 2845 720 2880 Pal.
732 2846 771 2878 A.

188 2909 393 2947 PLA'roMS
423 2904 497 2945 01².
529 2904 603 2944 111.

797 2638 804 2641 ι
824 2649 920 2684 Mon.
948 2650 989 2683 B.
1036 2649 1226 2682 Bekkerus.

1030 900 1119 943 Καὶ
1161 898 1218 943 c’c'v
1256 899 1305 957 γέ
1342 917 1477 951 τινας,

862 1003 957 1050 πρὸς
979 1004 1056 1051 τῷ]
1080 1005 1134 1038 lta
1157 1005 1236 1039 Par.
1253 1004 1294 1038 A.
1320 1003 1421 1037 Vind.
1440 1003 1480 1038 B.

817 1053 899 1086 Ven.
920 1053 958 1086 B.
983 1040 1077 1085 Mon.
1102 1051 1142 1085 B.
1164 1051 1242 1084 vat.
1252 1051 1297 1084 H.
1320 1048 1416 1093 πρὸς
1435 1048 1479 1084 τὸ

816 1098 940 1143 reiiqui
974 1108 1049 1130 cum
1082 1097 1183 1130 editis
1224 1101 1303 1130 ante
1343 1096 1481 1129 Bekke-

816 1156 910 1186 rum,
960 1143 1050 1197 quod
1091 1154 1156 1176 non
1198 1142 1306 1175 minus
1355 1152 1484 1182 verum,

817 1202 917 1246 quam
961 1186 1059 1232 πρὸς
1107 1185 1290 1232 πληρώσει
1331 1198 1370 1221 τε
1418 1187 1483 1221 καὶ

815 1234 935 1280 ηδονῇ
960 1235 1151 1290 γίγνεσθαι
1175 1233 1344 1268 L.V1111.
1359 1234 1484 1278 p.585.

815 1285 855 1316 A.
881 1286 916 1315 et
938 1278 1033 1325 πρὸς
1053 1283 1132 1319 τοῖς
1155 1277 1345 1323 πράγμασι
1367 1279 1485 1323 γίγνε-

817 1330 908 1363 σθάι
928 1327 1103 1361 Demosth.
1128 1327 1170 1360 de
1185 1327 1351 1360 cherson.
1377 1338 1409 1370 p.
1426 1325 1483 1360 84

817 1378 850 1418 §-
891 1376 944 1408 11.
985 1373 1093 1406 Bekk.
1144 1383 1245 1426 quun)
1289 1372 1397 1416 magis
1442 1382 1483 1405 ex

816 1421 948 1455 ratione
973 1424 1065 1453 esset
1088 1417 1316 1458 accusativus,
1334 1417 1425 1451 utL.
1439 1417 1484 1451 Χ.

816 1480 860 1521 p.
878 1465 957 1500 604.
982 1466 1023 1499 C.
1048 1471 1135 1499 extr.
1168 1464 1360 1508 γίγνεσθαι
1388 1461 1485 1507 πρὸς

817 1509 860 1547 τό
888 1512 1033 1545 ἰᾶσθαι.
1057 1510 1153 1544 Sed
1143 1522 1254 1555 lpsum
1272 1510 1354 1543 illud
1370 1509 1484 1554 γίγνε-

819 1561 911 1593 σθαι
945 1555 1039 1600 πρός
1072 1569 1145 1590 τινι
1180 1556 1284 1589 multo
1326 1568 1375 1610 usj
1368 1555 1485 1589 tatius

818 1605 927 1639 altero
952 1608 988 1637 et
1010 1603 1164 1637 dictionis
1189 1599 1284 1635 εἶναι
1300 1599 1396 1645 πρός
1413 1614 1487 1635 τινι

818 1649 1032 1695 frequentia,
1083 1649 1126 1682 de
1166 1659 1234 1693 qua
1264 1648 1308 1681 cs.
1342 1660 1363 1681 a
1393 1648 1486 1681 Mat·

820 1697 933 1730 thineo
970 1706 1111 1739 gxamm.
1148 1706 1182 1739 p.
1212 1694 1312 1728 1180.
1349 1701 1429 1728 nota
1463 1695 1488 1725 d

819 1741 970 1782 laudati,
994 1746 1029 1774 et
1049 1740 1201 1774 codicum
1224 1739 1410 1773 auctoritas
1432 1740 1485 1786 τῷ

818 1787 988 1841 praeferri
1010 1787 1045 1820 h.
1072 1787 1093 1820 l.
1117 1786 1244 1819 iubent.
1291 1786 1406 1830 Atque
1436 1774 1487 1820 it⁴a

817 1833 1022 1868 Aristoteles
1037 1832 1176 1866 eandem
1193 1831 1394 1867 sententiam
1415 1832 1488 1865 elo-

820 1886 917 1913 cutus
950 1882 1004 1912 est
1033 1879 1106 1912 loco
1143 1878 1186 1910 ab
1217 1877 1314 1910 Astio
1336 1877 1485 1912 indicato

819 1925 919 1960 Polit
955 1925 996 1958 1..
1023 1925 1062 1958 V.
1096 1936 1125 1957 c.
1151 1925 1184 1958 9.
1206 1925 1276 1978 (p.
1306 1925 1393 1965 186,
1431 1925 1485 1961 19.

820 1971 988 2027 Goettl.)
992 1969 1056 2005 καὶ
1085 1968 1128 2004 τὸ
1164 1967 1329 2013 πένητας
1363 1972 1487 2003 ποιεῖν

819 2015 911 2056 τοὺς
965 2014 1194 2060 ἀρχομένους
1247 2012 1487 2071 τυραννικόν,

822 2059 924 2103 ὅπως
973 2061 1063 2106 μήτε
1115 2059 1270 2118 φυλακὴ
1305 2059 1488 2117 τρέφηται

820 2109 884 2144 καὶ
911 2107 1008 2165 πρὸς
1036 2109 1087 2155 τῷ
1115 2105 1212 2141 καθ’
1247 2103 1390 2151 ἡμέραν
1424 2103 1488 2142 ὅν-

820 2167 881 2196 τες
913 2143 1072 2199 άσχολοι
1099 2147 1190 2188 ω’σιν
1221 2150 1488 2198 ἐπιβουλεύειν.

821 2200 1488 2292 2¹¹3?q35¹¹5333.51,00.;¹‘1;g.32*2523

822 2294 956 2328 codices
982 2291 1185 2336 Goettlingii
1209 2295 1244 2325 et
1263 2291 1412 2325 Bekkeri
1435 2291 1487 2338 τῷ

820 2340 958 2374 habent.

867 2394 965 2430 καθ’
999 2393 1163 2440 ἡμέραν]
1217 2395 1358 2439 καθημ.
1401 2394 1490 2430 Lob.

821 2443 922 2480 Vind.
957 2443 1033 2477 EF.
1061 2443 1155 2475 Mon.
1190 2441 1231 2474 Β.

869 2497 1170 2543 ἀναγκάζωνται]
1215 2494 1488 2542 ἀναγκάζονται

823 2546 922 2582 vind.
948 2546 1022 2579 EF.
1057 2545 1149 2578 Flor.
1176 2544 1281 2578 ACR.

870 2600 1160 2648 ἐπιβουλεύωσι]
1201 2597 1489 2646 ἐπιβουλεύωσιν

1260 2647 1403 2702 Signum
1434 2646 1489 2680 in·

825 2694 1020 2739 terrogandi
1041 2694 1158 2728 Astius
1183 2693 1305 2740 posuit.

871 2753 1030 2808 Δῇλον.]
1057 2764 1121 2785 om.
1155 2751 1228 2785 Pal.
1252 2752 1295 2784 A.

826 2797 1005 2879 Ργε’]Αιέ
1040 2797 1140 2832 Vind.
1165 2797 1206 2830 F.
1241 2797 1326 2840 Ang
1352 2796 1395 2829 B.
1424 2806 1488 2829 om.

856 2857 875 2878 fl

1235 2898 1272 2940 G
