1764 3176
595 161 688 213 Pag.
718 164 858 204 267—
872 163 965 205 292.
1478 159 1530 202 83

305 279 331 317 3
360 279 448 328 post
477 289 542 316 om.
573 275 734 313 inseras:
766 276 852 314 Par.
881 274 926 315 A.
956 274 1031 315 Dii.

249 333 286 381 b,
307 333 330 372 5
357 336 445 384 post
475 325 760 383 ἀσμενέστατα)
789 332 952 370 inseras:
982 329 1074 382 ἇσμ.
1104 330 1189 370 Par.
1220 328 1266 367 A.
1298 330 1371 368 Du.

31 404 288 453 Pag.·281a‚
308 404 332 442 6
360 416 381 440 a
410 402 435 438 f
467 405 556 452 post
579 399 808 453 προσφερῆ)
834 401 1001 438 inseras:
1031 420 1086 426 -——
1115 415 1140 450 η
1172 399 1258 436 Par.
1289 398 1333 439 A.
1364 398 1437 441 Dii

31 468 276 520 Pag.282,b‚
306 471 401 526 intei·
430 482 464 508 v.
495 469 546 508 15
577 472 614 505 et
644 469 695 509 16
721 468 884 504 inseras:
916 461 1144 519 ἄγκιστρον)
1171 460 1416 518 οἷγκ.ιστρον
1442 466 1527 507 Par.

309 526 361 621 {³0
386 524 519 630 ffglst'
503 578 542 627 ἐξ
573 574 819 630 οἷόαμαντος)
844 579 1008 617 inseras:
1038 576 1078 625 ἐξ
1103 582 1147 621 -ξ-
1175 572 1236 617 οἶδ.
1267 576 1352 619 Par
1383 576 1427 616 A.
1453 578 1527 621 Dii.

32 647 123 698 Pag.
139 646 284 697 284921,
305 649 328 687 5
359 661 428 698 pro
456 645 568 686 ἕκτον
590 645 770 684 scribas
757 645 870 685 ἕκτου

250 703 285 750 b,
305 704 402 741 inter
429 716 464 742 v.
496 706 521 743 7
549 708 585 739 et
615 705 639 742 6
668 715 690 739 a
719 703 746 739 f.
772 703 935 739 inseras:
982 695 1196 753 α’τρακτον)
1234 716 1253 740 τ
1282 702 1385 752 prius
1420 702 1456 740 in
1488 702 1532 739 ii-

306 766 389 797 tura
418 760 504 796 Par.
531 761 576 800 A.
610 759 684 798 Dii.

31 828 231 878 Pag.285‚
251 841 287 878 a,
311 829 333 868 2
365 827 502 864 addas:
535 830 572 863 et
602 821 726 865 αὐτὸν
756 826 866 863 etiam
897 824 984 862 Par.
1012 824 1054 861 A.
1088 824 1161 863 Dii.
1192 838 1212 862 a
1236 837 1286 862 m.
1316 837 1374 874 pr.

304 896 390 934 pen.
418 885 531 920 citato
562 881 608 918 L.
639 882 667 919 1.
699 895 735 931 p.
766 882 863 922 336.
896 881 938 917 A
970 880 1051 918 loco
1092 882 1297 919 secundum
1337 894 1402 928 ea,
1434 895 1532 931 quae

305 940 352 976 ad
382 939 466 977 Vol.
495 938 523 978 Ι,
553 951 591 988 p.
622 938 700 986 31,
731 950 766 984 a,
792 939 817 977 3
847 937 1080 985 addidimus,
1115 950 1160 975 ex
1189 937 1261 975 hoc
1288 950 1441 975 numero
1472 951 1533 976 re-

304 995 489 1033 movendo
524 994 730 1030 substituas
759 992 855 1042 Leg.
884 992 931 1030 L.
960 994 1006 1034 X.
1033 1008 1069 1044 p
1094 994 1186 1034 901.
1213 995 1267 1030 A:
1298 994 1335 1032 τί
1356 995 1430 1033 οὖν
1459 989 1532 1045 612'3

305 1066 470 1116 τρυφων
508 1049 574 1089 καὶ
614 1046 761 1100 ἆμελης
799 1045 923 1102 ἀργός
950 1065 1015 1094 τε,
1053 1047 1099 1089 ὃν
1130 1066 1150 1089 ο
1181 1046 1349 1101 ποιητὴς
1377 1053 1533 1102 κηφῆσι

305 1104 545 1159 κοθούοοισι
584 1103 749 1171 μαλιστα
800 1106 949 1145 εἴκελον
995 1105 1168 1154 ε’φασκεν
1210 1110 1335 1153 εἰναι,
1372 1107 1525 1159 γίγνοιτ

309 1161 359 1203 ὂὶν
387 1162 409 1203 ὁ
433 1165 613 1208 τοιοῦτος
644 1164 768 1202 πᾶσιν
797 1161 918 1214 ήμῖν;
952 1162 1038 1212 qzczd
1069 1162 1187 1213 ergo?
1211 1164 1324 1200 mollis
1355 1167 1387 1199 et
1415 1164 1535 1214 negli-

307 1233 395 1270 gens
427 1223 536 1270 atque
565 1221 670 1265 ιἠενε,
699 1231 797 1269 quem
825 1221 932 1270 poe'ta
950 1218 1055 1267 fucis
1081 1220 1230 1269 ignavis
1257 1220 1412 1256 maxime
1436 1221 1535 1257 simi-

306 1278 369 1314 lem
396 1289 467 1313 esse
488 1276 646 1321 decebat,
677 1288 796 1312 nonve
826 1277 978 1312 omnium
1003 1279 1167 1312 nostrum
1195 1274 1328 1312 iudicio
1350 1277 1436 1314 talis
1458 1275 1535 1313 είίῖ

305 1346 358 1369 sc.
387 1332 533 1381 qualem
562 1332 677 1381 9οὲῐᾶ
709 1332 932 1382 descripsit,
969 1332 1031 1379 qui
1061 1331 1159 1368 inter
1189 1331 1259 1369 alia
1284 1346 1337 1370 τω
1369 1330 1412 1372 δὲ
1440 1331 1533 1373 θεοι

307 1391 500 1440 νεμεσῶσι
529 1387 597 1427 καὶ
624 1383 762 1438 οἷνέρες
792 1388 883 1425 dicit
899 1384 1010 1439 ”.Εργ
1042 1400 1075 1423 v.
1103 1388 1199 1428 303,

307 1448 332 1486 9
363 1445 442 1537 an.
473 1448 560 1494 post
593 1443 789 1496 Σειοῆνα)
818 1445 980 1482 inseras:
1016 1465 1071 1471 —
1101 1458 1134 1483 ει
1164 1466 1219 1473 —
1243 1444 1280 1481 in
1306 1443 1417 1482 litura
1447 1444 1533 1483 Par.

308 1502 350 1539 A.
425 1514 458 1538 u.

32 1570 123 1619 Pag.
138 1570 230 1617 286,
243 1568 280 1616 b,
304 1569 357 1609 27
393 1572 482 1618 post
512 1567 639 1607 ιἐῖσαν
681 1571 717 1604 et
747 1580 784 1618 p.
817 1568 919 1617 288,
951 1581 993 1614 a,
1023 1568 1048 1608 3
1077 1570 1115 1605 et
1147 1568 1196 1609 12
1228 1571 1314 1619 post
1342 1564 1448 1619 σφας
1477 1569 1535 1607 in-

306 1637 434 1662 seras:
464 1624 551 1664 Par.
584 1624 627 1661 A.
657 1622 727 1664 Dii.

32 1682 125 1731 Pag·
140 1683 233 1727 288,
248 1681 285 1732 b,
310 1683 357 1722 12
387 1694 408 1718 a
447 1681 473 1719 f.
517 1684 607 1730 post
645 1678 846 1731 συνέσται)
881 1680 1045 1718 inseras:
1095 1692 1176 1717 cum
1212 1680 1321 1718 iitura
1359 1693 1473 1732 super
1509 1696 1533 1722 α

309 1737 395 1777 Par.
426 1736 472 1774 A.
505 1736 577 1777 Dii.

33 1795 127 1846 Pag.
142 1795 236 1841 289,
257 1806 291 1843 a,
311 1796 336 1835 8
363 1806 383 1831 a
407 1793 433 1834 f.
459 1797 547 1844 post
575 1791 713 1859 ῥῖψαι)
744 1792 904 1830 inseras:
936 1792 1056 1843 ῥιψαι
1083 1792 1167 1830 Par
1199 1792 1244 1830 A.
1280 1792 1355 1834 Dii.

310 1852 335 1890 6
363 1863 385 1888 a
416 1851 443 1887 f.
473 1853 560 1922 post
591 1843 716 1888 αὐτόν
732 1849 909 1886 inseras:
940 1849 1026 1890 Par
1060 1848 1103 1886 A.
1134 1849 1208 1890 Dii.

251 1906 288 1954 b,
311 1908 331 1946 1
363 1908 485 1957 post
480 1907 497 1946 ὲ
527 1903 587 1957 δὲ)
615 1907 780 1944 inseras:
820 1905 881 1944 εδε
903 1918 923 1942 a
952 1918 1000 1945 m.
1023 1919 1080 1957 pr.
1111 1904 1188 1946 ε’δει
1219 1920 1241 1944 a
1272 1918 1319 1946 m.
1346 1918 1423 1947 sec.
1447 1906 1533 1947 Par.

307 1962 352 2000 A.
385 1964 453 1999 Dii.

311 2019 362 2058 15
393 2021 481 2069 post
511 2017 602 2055 Par.
630 2018 673 2055 A.
701 2017 868 2055 inseras:
902 2015 942 2066 (a
961 2030 1008 2057 m.
1030 2031 1088 2068 pr.
1117 2017 1267 2069 εἴληχεν
1297 2031 1319 2055 a
1344 2031 1420 2058 sec.
1441 2018 1535 2068 Dii.)

313 2075 366 2115 10
395 2088 416 2112 a
446 2075 472 2115 f.
505 2074 641 2112 addas:
670 2074 791 2111 Etiam
825 2069 965 2127 α’νῄειν
992 2073 1090 2111 Tim.
1118 2088 1155 2125 p.
1189 2076 1255 2115 60.
1287 2074 1332 2116 C.
1360 2079 1459 2114 recte
1488 2076 1534 2113 ab

307 2144 352 2169 eo
381 2131 580 2168 secundum
610 2130 697 2171 Vat.
726 2129 770 2168 B.
799 2133 836 2166 et
867 2143 914 2167 m.
944 2143 1002 2180 pr.
1033 2129 1146 2168 Vind.
1168 2130 1210 2171 Α.
1242 2131 1420 2182 scriptum
1451 2146 1535 2171 esse

306 2187 416 2227 Vind.
447 2188 496 2224 Ο.
525 2187 623 2224 idem
653 2185 829 2224 exhibens
861 2187 986 2226 docet.

35 2244 282 2293 Pag.290‚a‚
304 2241 330 2283 4
357 2243 493 2281 addas:
522 2259 544 2282 ν
574 2243 609 2279 in
638 2238 821 2295 πρόσθεν
846 2244 882 2279 in
910 2243 1018 2280 litura
1044 2242 1156 2280 habet
1185 2243 1272 2281 Par.
1304 2242 1348 2284 A.
1378 2244 1452 2282 Dii.

307 2300 404 2338 inter
420 2312 455 2340 v.
474 2301 525 2340 17
542 2303 578 2336 et
598 2300 647 2340 18
664 2300 826 2337 inseras:
846 2296 980 2350 ἰσχύν)
997 2321 1050 2326 —
1068 2302 1120 2338 ὗν
1137 2312 1209 2338 am.
1234 2313 1288 2351 pr.
1310 2299 1392 2339 Par.
1406 2300 1533 2343 A.Dii.

35 2357 126 2406 Pag.
145 2357 239 2405 291,
256 2368 290 2404 a,
311 2357 335 2396 8
363 2360 452 2406 post
484 2353 636 2408 ὖγείαις
665 2356 830 2393 inseras:
866 2356 953 2393 Par.
987 2355 1029 2393 A.
1060 2355 1134 2394 Dii.
1163 2369 1184 2393 a
1215 2369 1262 2397 m.
1292 2370 1349 2408 pr.
1379 2360 1412 2408 (ι
1437 2372 1458 2396 a
1485 2372 1533 2396 m.

311 2425 386 2453 sec,
419 2411 508 2462 est.)

313 2470 366 2508 10
390 2472 479 2518 post
508 2467 715 2519 μεμίχθαι)
746 2468 909 2505 inseras:
937 2467 992 2505 lta
1020 2468 1130 2505 etiam
1156 2467 1239 2508 Par.
1264 2468 1309 2509 A.
1334 2468 1402 2508 Dii.
1432 2471 1534 2520 quod

313 2525 577 2573 corrigendum
606 2528 686 2561 erat
716 2525 921 2562 secundum
944 2523 1053 2561 Vind.
1084 2524 1130 2562 F.

258 2580 294 2629 b,
314 2583 338 2621 9
366 2592 387 2616 a
416 2580 442 2618 f.
471 2586 560 2631 post
586 2575 666 2627 αἐὶ)
693 2581 858 2618 inseras:
900 2593 981 2617 cum
1010 2595 1023 2619 ι
1052 2594 1165 2632 super
1193 2577 1237 2622 υἷε
1265 2580 1351 2619 Par.
1385 2581 1428 2618 A.
1460 2581 1533 2623 Dii.

43 2637 134 2686 Pag·
157 2635 251 2688 292,
270 2639 368 2684 a‚16
400 2643 485 2687 post
517 2636 709 2688 εὐμαθίαι
737 2636 802 2676 καὶ
829 2635 1073 2689 δυσμαθίαι)
1101 2638 1268 2678 inseras:
1297 2638 1353 2676 lta
1373 2637 1459 2676 Par.
1486 2638 1531 2679 A.

315 2693 388 2733 Dii.
417 2705 438 2730 a
462 2705 510 2729 m.
541 2705 599 2743 pr.

318 2750 370 2788 17
399 2752 487 2800 post
520 2744 735 2799 εὐμάθειαι
771 2747 834 2788 καὶ
870 2745 1111 2801 δυσμάθειαι
1150 2751 1313 2789 inseras:
1357 2751 1414 2789 lta
1450 2751 1535 2789 Par.

316 2804 362 2842 Ἀ.
388 2804 462 2842 Dii.
491 2809 693 2853 correctus,

259 2860 296 2909 b,
319 2861 342 2902 2
371 2874 440 2913 pro
470 2862 523 2902 96
553 2861 656 2911 legas
682 2861 747 2902 90.

1223 2924 1282 2966 6*
