1764 3176
302 116 358 155 92
766 116 1231 161 PLATONIS

299 239 391 275 τες,
423 223 531 268 ἀλλὰ
561 226 636 270 καὶ
663 229 794 271 τοῦτο
825 228 875 272 τὸ
903 228 1043 273 κακὸν
1071 229 1235 281 ἐκεῖνος
1265 227 1289 272 ὁ
1319 229 1471 287 κηφήν
1499 230 1681 276 ἐντίκτει

299 295 466 335 κεντῶν
506 291 678 346 αὐτούς.
738 298 914 355 Κομιδῇ
943 298 1022 353 μὲν
1059 292 1153 341 οὖν.
1213 298 1492 353 Εἰσαγγελίαι
1522 299 1575 356 δὴ
1605 300 1681 343 καὶ

296 361 460 414 κρίσεις
487 361 562 405 καὶ
592 360 758 418 οἷγῶνες
781 365 879 420 περὶ
909 364 1107 422 ἀλλήλων
1140 365 1375 421 γίγνονται.
1436 368 1524 411 Καὶ
1547 367 1676 424 μάλα.

298 425 476 471 Οὐκοῦν
516 428 593 472 ἕνα
626 429 725 474 τινα
766 429 833 474 ἀεὶ
874 435 1010 490 δῆμος
1054 437 1184 478 εἴωθε
1218 432 1516 490 διαφερόντως
1552 438 1679 491 προΐ-

293 500 482 539 στασθαι
516 496 677 541 εαυτοῦ
706 500 779 543 καὶ
815 505 977 545 τοῦτον
1013 501 1192 558 τρέφειν
1232 519 1278 546 τε
1315 502 1389 546 καὶ
1428 500 1575 554 αὔξειν
1605 502 1678 557 μέ-

232 564 269 605 Ῑ)
297 579 406 644 2¹06v3
449 559 600 609 Εἴωθε
634 566 734 623 γάρ.
789 564 930 613 Τοῦτο
968 586 1048 626 μεν
1077 571 1181 626 ἄρα,
1221 565 1278 627 ἦν
1309 568 1353 613 δ’
1384 568 1488 626 ἐγω,
1530 572 1679 626 δῆλον,

293 630 362 675 ὅτι
410 631 599 688 ὅτανπερ
647 635 812 693 φύηται
857 638 1097 691 τύραννος,
1142 639 1189 682 ἐκ
1228 640 1518 693 προστατικῆς
1557 638 1678 694 ρίζης

290 699 364 742 καὶ
408 699 491 743 οὐκ
532 700 722 746 ἄλλοθεν
759 704 1055 761 ἐκβλαστάνει.
1113 706 1200 749 Καὶ
1231 705 1348 762 μάλα
1386 706 1534 761 δῆλον.
1602 706 1678 757 Τίς

290 765 398 824 ἀρχὴ
431 765 515 812 οὖν
543 775 787 829 μεταβολῆς
816 773 863 816 ἐκ
893 774 1142 829 προστάτου
1172 773 1240 818 ἐπὶ
1263 773 1508 828 τύραννονς
1540 772 1569 829 ἢ
1601 774 1676 828 δῆ-

289 839 392 889 λον,
425 835 491 880 ὅτι
524 838 703 883 ἐπειδάν
733 840 896 885 ταύτὸν
925 841 1104 898 ἄρξηται
1142 845 1254 900 δρᾷν
1285 840 1309 885 ὁ
1340 840 1589 896 προστάτης
1614 844 1675 898 τῷ

291 901 339 945 ἐν
368 904 428 960 τῷ
452 903 604 965 μύθῳ,
646 907 695 959 ὃς
731 909 831 964 περὶ
868 909 917 953 τό
958 910 1004 952 ἐν
1028 909 1236 968 Ἀρκαδία
1262 908 1311 953 τὸ
1342 912 1423 952 τοῦ
1452 908 1560 960 Διὸς
1593 910 1674 952 τοῦ

291 973 493 1016 Λυκαίου
524 974 643 1030 ἱερὸν
671 976 863 1033 λέγεται;
919 979 1015 1029 Τίςς
1062 979 1160 1035 ἔφη.
1214 977 1294 1030 Ὡς
1335 976 1423 1032 ἄρα
1462 976 1486 1021 ὁ
1513 975 1671 1034 γευσά-

334 1121 398 1156 unc).
420 1123 559 1169 τοῦτο]
595 1124 658 1160 καὶ
695 1138 716 1161 a
747 1126 866 1161 Ficino
890 1139 951 1161 ne-
1007 1131 1082 1170 est,
1099 1139 1206 1184 quam
1229 1127 1341 1181 paullo
1368 1129 1445 1172 post
1471 1127 1514 1161 Ε.
1536 1126 1569 1159 ἰη
1593 1136 1672 1205 ναι-ἱ

291 1168 544 1270 ngtgglogss’
527 1225 688 1269 ἐκείνους
706 1231 791 1265 Ven.
810 1232 851 1265 B.
869 1232 949 1266 Vat.
1007 1154 1157 1274 ξῑξῗῗέςρ·
1163 1169 1601 1276 ἀέὅξήὲουπὲἕὲἒῗξῗέῑὶ,
1613 1184 1670 1251 2}-

287 1270 331 1304 Η.
356 1272 451 1306 ΒἾοτ.
478 1275 582 1310 ACV.
614 1272 764 1316 ἐκείνοις
789 1277 886 1311 Vind.
906 1278 948 1312 Β.
1006 1278 1081 1310 Ύέις
1104 1264 1291 1309 τύραννον
1327 1264 1390 1299 καὶ
1421 1261 1582 1309 χαλὲπθν
1604 1275 1669 1308 7⁷2-

290 1317 297 1324 “
330 1318 337 1325 “
412 1318 419 1325 “
1033 1324 1074 1346 οτ
1102 1324 1120 1346 ο
1156 1324 1210 1346 ον.

284 1318 477 1431 ιιιὲῗηέζῆεν]
503 1364 620 1433 κιφᾷν
644 1367 744 1433 Ῡῑῃᾱ,
768 1369 810 1434 F
1006 1324 1438 1439 ἱὸῗῖαέᾶρόῖῒςὲίἓηὲε
1459 1355 1667 1390 εἰᾘωθεΙιοῑ)

329 1424 505 1487 amoves]
541 1427 856 1491 avroo9;.Ast1us.
1053 1446 1199 1493 αὔξειν]
1233 1447 1361 1491 αὔξειν
1392 1448 1477 1482 Lob
1511 1449 1591 1483 vat
1624 1448 1664 1480 B

328 1481 501 1525 Κομιδῃ]
527 1482 660 1526 κομιδη
688 1483 788 1516 Vind.
812 1484 853 1517 F.
872 1485 947 1517 Ko-
1005 1497 1089 1532 ven
1118 1497 1157 1529 C
1180 1496 1235 1529 Cf
1262 1496 1339 1530 Vol
1362 1495 1390 1529 1
1450 1494 1562 1535 345
1586 1495 1620 1529 b

281 1526 385 1569 μιδιῆ
410 1527 485 1559 ΑΜ
1049 1539 1191 1586 μέγαν]
1228 1539 1321 1585 μέγα
1345 1506 1446 1576 Vindp.
1472 1540 1546 1574 ΒΕ.
1579 1541 1665 1574 Ven-

328 1577 409 1616 ου’ν.
453 1583 714 1640 Εἰσαγγελίαι]
763 1579 832 1620 οὖν
879 1585 944 1621 εἰσ.
1004 1588 1045 1623 Β.
1070 1590 1147 1624 Vat.
1166 1588 1249 1622 HM.
1274 1588 1412 1631 Signum
1435 1585 1666 1629 interrogandi

281 1629 379 1663 Vind.
393 1629 436 1664 Ε.
463 1630 551 1664 ούνε
577 1631 628 1670 εἰς
653 1628 824 1675 ἀγγελίαν
846 1632 944 1666 Vind.
1003 1635 1046 1667 ab
1074 1634 1193 1676 Astio‚
1228 1634 1408 1674 Bekkero,
1443 1630 1665 1665 Stallbaumio

279 1675 323 1709 F.
355 1676 432 1708 Huc
455 1677 629 1733 pertinere
652 1678 787 1711 videtur
810 1678 946 1712 Timaei
1001 1679 1151 1724 positum
1183 1680 1226 1714 ob
1253 1658 1455 1713 brevitat’em
1490 1678 1588 1711 huius
1613 1676 1665 1710 di-

278 1721 392 1765 glossa
410 1733 456 1775 p.
482 1724 547 1756 98·
587 1721 815 1780 ἐπαγγελίαι·
846 1721 942 1758 καθ’
1001 1725 1120 1759 ctionis
1137 1731 1174 1759 et
1188 1725 1372 1760 variandae
1384 1723 1549 1759 orationis
1564 1734 1665 1757 caus-

280 1766 334 1800 τόν
368 1764 418 1810 μή
464 1768 532 1801 εἰσι
562 1767 730 1809 κολάσεις
777 1767 943 1826 ὁρμώμε-
1000 1783 1039 1805 sa
1065 1772 1169 1806 tenui.

279 1824 342 1846 ναι
376 1812 472 1847 κατὰ
513 1813 603 1854 τοὺς
645 1815 835 1859 κειμένους
867 1814 942 1860 ἤδη
1045 1814 1133 1861 μὲν]
1158 1829 1224 1861 μεν
1250 1829 1320 1852 ουν
1355 1818 1435 1853 Vat.
1461 1815 1498 1849 B.
1529 1812 1597 1859 μέν
1620 1810 1663 1858 γ’

278 1857 429 1913 νόμους.
469 1860 503 1893 in
544 1873 612 1906 qua
657 1862 875 1906 εἰσαγγελίαι
906 1867 943 1896 et
999 1864 1078 1898 Vat.
1112 1864 1162 1899 M.

280 1902 480 1949 ωρισμέναι
523 1918 544 1940 a
585 1907 754 1952 lexicogre.
759 1910 824 1954 pho
856 1909 944 1943 scri-
1045 1910 1179 1953 δῆλον,
1223 1905 1305 1952 ὅτι]
1362 1904 1533 1952 δηλονότι
1572 1906 1658 1941 Lob.
1687 1903 1727 1944 D

278 1955 374 1996 ptum
406 1964 481 1985 esse
504 1953 727 1987 Ruhnkenius
759 1955 943 2000 probabili-
997 1956 1099 1990 Vind.
1131 1956 1205 1990 ΒΕ.
1239 1955 1314 1989 Ald.
1338 1955 1417 1989 Bas.
1443 1954 1498 1987 ab.

277 2003 333 2031 ter
357 1998 503 2032 coniicit.
527 1996 755 2043 Ἐπαγγελίαι
779 2012 845 2046 quo
862 2012 942 2045 spe·
1045 1998 1205 2045 ὅτανπερ
1231 1998 1395 2045 φύηται]
1431 1995 1524 2033 ὅταν
1559 2008 1658 2042 περι-

276 2043 469 2084 οῑᾶνειίηίῑ,
493 2045 646 2089 plenius,
678 2058 777 2091 quam
802 2047 941 2091 Harpo-
996 2045 1138 2091 φύηται
1177 2047 1278 2083 vind.
1308 2045 1350 2081 F.
1392 2046 1479 2090 Aflg·
1514 2045 1556 2079 B·
1591 2056 1658 2079 ⁰⁷²²·

275 2090 405 2132 oratio,
441 2069 542 2124 d'ocet
571 2092 701 2125 lexicon
735 2094 821 2127 rhet.
845 2093 940 2127 Bek-
994 2094 1070 2129 Fic.

274 2135 348 2169 keri
371 2137 489 2170 anecd.
514 2149 546 2182 p.
571 2139 659 2180 256,
683 2138 717 2173 5.
1040 2139 1311 2184 προστατικῆς]
1356 2138 1396 2172 In
1430 2137 1524 2171 Mon.
1558 2137 1599 2170 B.
1635 2147 1657 2170 κ

320 2180 400 2240 δὴ]
415 2182 454 2216 δὲ
479 2183 558 2217 Par.
583 2184 659 2217 DK.
686 2196 755 2220 sec.
782 2185 891 2219 Bekk.
993 2189 1071 2231 post
1095 2198 1120 2220 α
1144 2197 1232 2241 a91n.
1257 2197 1308 2229 pr.
1328 2183 1607 2229 superscriptum.

319 2226 405 2272 περὶ
429 2226 619 2274 αλλήλων]
645 2229 749 2275 παρὰ
773 2243 809 2265 α.
834 2231 936 2267 Vind.
1039 2231 1101 2266 καὶ
1126 2229 1195 2266 οὐκ
1219 2227 1404 2287 αλλοθεν]
1443 2242 1509 2264 om.
1532 2229 1609 2263 Fic.

272 2273 313 2306 B.
341 2275 673 2327 (contentionesque)
698 2283 840 2312 mutuae
857 2278 935 2312 Fic.
1037 2278 1172 2322 δῆλον,
1219 2274 1304 2323 ὅτι]
1354 2273 1528 2322 δηλονότι
1566 2275 1654 2309 Lob.

271 2318 391 2354 Potius
416 2333 497 2363 eae,
532 2322 655 2368 quibus
679 2323 766 2358 alter
789 2324 934 2358 alterum
990 2323 1090 2360 Vind.
1124 2326 1165 2359 Β.

271 2366 384 2421 capjte
409 2372 596 2413 oppugnat.
1038 2367 1058 2405 ὁ
1066 2367 1318 2427 προστατης]
1342 2381 1405 2402 om.
1432 2368 1529 2401 Flor.
1552 2367 1596 2401 T.

318 2408 399 2454 ἀεὶ]
445 2420 524 2458 post
564 2415 682 2460 δῆμος
720 2415 808 2451 Lob.
850 2416 932 2452 vat.
1034 2414 1078 2452 τὸ
1104 2417 1199 2461 τοῦ]
1224 2414 1266 2450 τό
1293 2427 1356 2452 om.
1374 2414 1460 2448 Lob.
1482 2414 1560 2447 vat.
1572 2413 1652 2448 ΒΜ.

271 2458 351 2492 BM.
377 2471 440 2492 om.
463 2460 535 2495 Fic.
990 2463 1045 2497 Cf.
1073 2463 1148 2498 Vol.
1171 2463 1200 2496 I.
1224 2475 1260 2508 p.
1287 2463 1365 2505 147,
1388 2462 1421 2495 b.
1446 2460 1491 2494 II.
1517 2472 1551 2505 p.
1573 2460 1651 2494 198.

316 2504 455 2548 δῆμος]
484 2503 502 2540 ὁ
524 2506 739 2551 δῆμοςΕοῙ).
754 2508 833 2544 vat.
850 2508 931 2544 BM.
987 2509 1190 2554 Bernhardy
1221 2513 1311 2552 synt.
1343 2519 1379 2553 p.
1411 2508 1491 2543 322.
1524 2506 1652 2539 Strabo

270 2550 355 2584 ven.
379 2551 421 2585 B.
456 2552 548 2587 Mon.
586 2554 626 2587 Β.
655 2554 749 2589 F101.
781 2555 827 2590 U.
858 2566 933 2589 cum
989 2556 1030 2589 L.
1056 2555 1099 2589 X.
1130 2567 1165 2601 p.
1196 2557 1276 2590 280.
1308 2555 1373 2589 ΤΖ.
1407 2546 1439 2599 ᾧ
1469 2552 1532 2586 καὶ
1561 2563 1652 2591 τους

269 2595 383 2630 editis.
433 2597 547 2638 Quum
578 2611 645 2633 non
680 2599 714 2634 in
746 2612 815 2635 una
847 2613 934 2647 qua·
989 2601 1156 2641 παιᾶνας
1177 2600 1241 2635 καὶ
1264 2598 1332 2639 τὰς
1354 2595 1467 2638 ἄλλας
1485 2596 1555 2638 τὰς
1573 2594 1650 2632 ε’πι-

268 2641 347 2676 dam
371 2642 533 2686 civitate,
567 2646 627 2679 sed
650 2646 841 2692 ubicunque
872 2648 932 2681 ali·
988 2647 1147 2692 χωρίονς
1172 2644 1273 2694 φ’δας
1301 2643 1537 2680 ανατιθέασι.

268 2688 350 2732 quid
382 2688 446 2731 sit,
479 2691 569 2734 quod
600 2691 699 2736 plebs
730 2705 797 2739 app
776 2694 932 2738 p‚elletur
1035 2682 1224 2738 Λυκαίου]
1274 2690 1406 2727 λυκέου
1458 2691 1555 2725 Vind.
1605 2690 1647 2723 F.

269 2734 354 2768 haec
372 2734 445 2770 eius
472 2738 679 2772 consuetudo
703 2740 857 2774 obtinere
879 2740 933 2774 di-
988 2740 1108 2774 Flor..
1128 2739 1268 2786 .(R²)
1303 2739 1361 2776 Cf.
1393 2736 1582 2774 Boeckhius
1612 2734 1647 2770 in

269 2784 390 2824 catur,
423 2782 567 2818 articulo
602 2795 670 2819 non
705 2786 814 2832 magis
847 2797 934 2832 opus
988 2786 1073 2822 Min.
1098 2798 1133 2833 p.
1157 2786 1213 2824 56.
