1764 3176
453 175 484 218 C
505 169 775 220 IvITA'S
819 172 942 217 LIB.
966 172 1080 218 VIII.
1110 176 1178 215 564

1423 178 1480 217 89

41 278 294 342 ὅοογοντος,
327 283 434 330 ὥστε
459 286 604 331 πάντα
633 286 723 331 ὑπὸ
746 290 830 331 τοῦ
857 286 1065 332 τοιούτου
1095 289 1321 332 διοικεῖται
1349 285 1398 329 ἐν
1426 290 1484 343 τῇ

105 350 288 410 τοιαύτῃ
317 356 512 413 πολιτείᾳ
540 357 673 413 χωρίς
698 371 833 399 τινων
873 353 1043 411 ὀλίγων.

104 418 165 471 ὅς.

102 494 230 540 θους.

1102 355 1241 398 Μάλα
1269 369 1337 409 γε,
1376 348 1406 408 ἦ
1436 352 1479 397 δ’

211 418 344 465 ’Άλλο
372 425 526 468 τοίνυν
563 423 738 468 τοιόνδε
775 422 842 466 ἀεὶ
873 421 1153 478 ἀποκρίνεται
1182 423 1230 466 ἐκ
1267 425 1348 466 τοῦ
1378 420 1486 478 πλή-

293 490 355 534 Τὸ
383 497 538 543 ποῖον;
576 491 970 547 Χρηματιζομένων
1008 506 1096 534 που
1126 491 1307 534 πάντων
1338 493 1382 534 οἱ
1410 490 1489 534 κοὲ

102 555 342 614 σμιῶτατοι
378 559 510 616 φύσει
549 558 609 611 ὥς
647 560 695 604 τό
734 558 850 603 πολὺ
888 557 1209 603 πλουσιώτατοι
1245 561 1485 615 γίγνονται.

103 627 252 678 Εἰκός.

105 833 170 861 τος
203 822 315 856 eiecta
356 835 378 857 κ
413 826 450 857 et
480 822 680 868 permutatis
717 822 761 856 ob

102 871 279 901 accentum
308 868 484 903 vocalibus
515 869 656 903 exstitit.
705 868 762 901 Cf.

105 913 319 948 Hermannus
363 915 458 949 elem.
505 915 613 949 doctr.
662 920 763 947 metr.

104 971 139 1005 p.
172 960 227 995 57.
266 964 354 996 extr.
409 961 575 995 Similiter
615 957 764 1016 ἑστηκόυ

103 1017 170 1045 τος
193 1007 283 1051 apud
304 1007 405 1041 Iones
424 1007 563 1041 transiit
584 1007 618 1041 in
637 1004 765 1040 ἑστεῶ-

106 1064 192 1096 τος,
218 1052 271 1086 cui
292 1053 417 1098 reliqui
438 1053 539 1107 quasi
567 1053 609 1086 ad
631 1053 764 1086 modum

106 1099 288 1132 formarum
344 1098 554 1142 χιλιαδέων,
605 1096 763 1132 δυνέων-

106 1156 188 1187 ται,
215 1143 546 1190 συμβαλλεόμενος,
583 1141 765 1188 αδελφεός

106 1191 199 1224 facto
225 1202 240 1224 ε
263 1191 494 1225 detraxerunt.
550 1191 674 1236 Itaque
703 1202 765 1223 no·-

106 1236 282 1270 minativus
312 1236 490 1271 masculini
519 1237 689 1279 legitimus
730 1238 765 1269 et

105 1294 206 1316 verus
239 1286 293 1316 est
308 1280 476 1337 ἑστεώς,
514 1279 648 1325 ἑστώς)
684 1293 767 1315 neu-

107 1328 192 1362 trius
216 1325 360 1371 ἓστεός,
387 1326 511 1371 ἓδτός,
538 1329 678 1362 alterius
706 1340 768 1361 ve-

106 1385 166 1413 ro,
198 1375 288 1430 quod
323 1385 339 1407 ε
375 1375 465 1419 apud
498 1386 612 1409 omnes
645 1374 766 1416 tenuit,

105 1418 269 1459 τεθνεώς
293 1425 328 1453 et
348 1418 514 1462 τεθνεός,
542 1420 632 1467 quod
655 1421 766 1465 ipsum

105 1466 178 1500 sine
224 1466 392 1500 varietate
434 1467 558 1511 legitur
599 1466 768 1500 Herodoti

105 1512 146 1546 L.
170 1513 196 1546 Ι.
222 1525 249 1546 c.
264 1515 342 1548 112.
365 1517 400 1546 et
417 1513 641 1558 Hippocratis
665 1514 708 1546 T.
720 1512 764 1545 ΙΙ.

104 1570 141 1603 p.
158 1558 239 1601 554,
252 1560 284 1593 6.
309 1559 422 1593 Κῡ1111.
446 1560 543 1602 (571,
567 1561 620 1593 15.
645 1560 766 1603 Foes.)

106 1605 270 1649 cuiusque
324 1605 507 1649 genitivum
556 1605 767 1644 τεθνεῶτος

107 1650 302 1695 (αἵματος)
326 1651 416 1686 Tim.
439 1663 472 1696 p.
498 1652 553 1686 85.
578 1651 621 1685 D.
647 1662 768 1684 secun-

106 1697 184 1730 dum
218 1697 353 1730 codices
384 1701 517 1731 tantum
553 1709 619 1731 non
653 1707 768 1730 omnes

107 1747 175 1788 pro'
199 1743 337 1787 vulgato
359 1741 563 1783 τεθνεότος
585 1755 606 1777 a
629 1743 769 1776 Bekke-

105 1800 144 1822 ro
180 1789 373 1822 restitutum
403 1789 522 1823 eadem
560 1789 693 1822 ratione
725 1788 768 1822 ad

107 1833 350 1868 nominativum
387 1833 543 1875 τεθνεὸς
573 1835 701 1868 habere
729 1845 768 1868 se

107 1880 280 1922 videmus,
311 1892 379 1926 qua
402 1878 560 1921 ἑστῶτος
582 1881 625 1915 ad
651 1878 768 1919 ἑστός.

107 1926 187 1960 Non
220 1926 319 1960 aliter
350 1926 394 1961 de
428 1927 481 1961 1115
511 1927 659 1961 senserit
693 1927 768 1960 He-

107 1972 252 2006 raclides
283 1972 373 2017 apud
396 1973 616 2007 Eustathium
639 1973 673 2006 in
698 1972 766 2006 Od.

107 2018 152 2052 T.
176 2019 204 2052 Ι.
237 2030 271 2063 Ρ.
296 2020 384 2061 436,
415 2018 473 2054 24.
505 2020 601 2064 Lips.
624 2021 768 2053 formam

109 2061 242 2103 ἑστεώς
263 2064 413 2109 priorem
435 2077 564 2110 ponens
588 2077 648 2107 ea,
671 2065 768 2099 cuius

106 2111 275 2144 Homerus
305 2122 405 2145 casus
433 2112 586 2157 obliquos
619 2123 767 2156 usurpa-

105 2156 177 2198 vit,
212 2154 372 2199 ἑσταώς,
404 2161 441 2192 et
471 2169 495 2191 α
519 2170 581 2203 pro
605 2169 622 2192 ε
651 2169 766 2192 susce-

108 2206 204 2255 ptum
233 2206 399 2239 statuens.
453 2204 556 2244 Quae
584 2200 686 2250 quum
715 2204 766 2238 ita

109 2248 197 2290 sint,
220 2260 289 2283 non
311 2249 419 2284 solum
437 2250 572 2292 Atticis,
583 2262 649 2295 quo
661 2251 766 2284 Butt-

108 2305 250 2330 mannus
280 2294 304 2329 l.
338 2307 368 2329 c.
401 2307 436 2340 p.
461 2297 539 2332 159.
568 2296 766 2339 inclinabat,

109 2337 217 2380 ἑστὸς
236 2341 493 2385 vindicandum,
518 2342 579 2377 sed
603 2341 709 2383 -ὠς
729 2342 767 2377 111

109 2391 231 2421 neutro
272 2388 419 2422 Graecis
464 2389 595 2423 omnino
632 2388 768 2423 abiudi-

110 2433 253 2466 candum
266 2439 446 2490 recteque
476 2438 513 2469 et
542 2435 656 2469 Procli
683 2436 766 2469 locis

111 2479 227 2513 citatis
259 2475 412 2523 ἔφεστὸς
448 2487 485 2515 et
514 2481 766 2537 προϋφεστὸς,

111 2527 147 2558 et
177 2525 268 2570 apud
290 2526 498 2570 Hesychium
528 2528 563 2561 in
594 2539 768 2562 απτωτον

111 2571 146 2605 111
171 2571 287 2605 codice
310 2572 446 2607 Schow.
469 2571 596 2616 ἑστὸς,
629 2578 665 2608 et
687 2574 768 2608 Ari-

109 2617 222 2673 stoph.
253 2618 322 2663 Eq.
354 2619 434 2654 562.
467 2620 502 2654 in
535 2621 623 2655 Rav.
652 2631 768 2664 παρε-

109 2661 218 2704 στὸς,
241 2668 278 2697 et
289 2630 411 2699 q.Thuc
434 2665 476 2700 L.
499 2666 564 2700 III.
590 2679 620 2701 c.
643 2668 676 2702 9.
701 2678 764 2700 κα-

109 2707 244 2750 θεστὸς
270 2713 307 2744 et
334 2711 614 2748 1.1111.c.1o.
646 2724 764 2757 περιε-

74 2768 84 2773 1
109 2753 198 2796 στὸς
225 2755 261 2790 111
293 2756 404 2792 Palat.
435 2763 472 2793 et
510 2760 639 2793 Graev.
679 2759 763 2793 scri-

106 2805 223 2846 ptum,
257 2808 293 2837 et
315 2803 421 2848 Soph.
453 2804 540 2838 Oed.
572 2805 658 2848 Tyr.
683 2807 762 2841 632.

107 2847 289 2894 παρεστὸς
319 2849 373 2884 vel
398 2849 473 2885 sine
495 2850 670 2886 codicibus
693 2862 764 2887 me-

311 631 524 676 Πλεῖστον
553 629 633 684 δὴ,
665 625 807 683 οἶμαι,
847 633 938 679 τοῖς
974 630 1141 683 κηφῆσι
1182 626 1278 683 μέλι
1317 628 1389 671 καὶ
1421 625 1489 670 εὐ-

103 694 361 752 πορώτατον
386 695 592 741 ἐντεῦθεν
620 694 804 752 βλύττει.

865 699 970 748 Πῶς
999 694 1083 752 γάρ
1115 693 1194 748 ἂν,
1226 695 1333 752 ἔφη,
1364 694 1485 751 παρά

820 822 887 855 rito
916 822 959 856 ab
984 822 1180 855 Hermanno
1203 821 1401 854 restitutum
1433 821 1487 854 vi-

820 868 932 902 detur.

867 910 1010 957 αὔτῆς]
1049 909 1182 951 αὐτοῖς
1206 912 1306 949 Vind.
1334 912 1375 946 F.
1406 915 1486 946 ante

819 972 909 995 corr.

868 1003 1043 1050 ὀλίγων,]
1076 1003 1220 1049 ὀλίγων.
1254 1005 1331 1038 Ald.
1362 1004 1483 1050 Steph.

819 1053 930 1088 Bekk
953 1053 1026 1085 Ast.
1052 1056 1132 1086 tert.
1159 1051 1280 1085 Stallb.
1305 1050 1484 1084 Pertinent

819 1099 905 1132 haee
937 1099 1046 1132 omnia
1074 1099 1116 1132 ad
1140 1098 1240 1143 primi
1264 1097 1398 1141 generis
1423 1097 1484 1130 de-

818 1145 1048 1189 seziptionem.

866 1190 1043 1244 πράττει]
1069 1188 1193 1224 τάττει
1212 1188 1314 1223 Vind.
1326 1189 1368 1222 F.
1389 1189 1483 1224 Flor.

822 1237 868 1270 R.
898 1234 1074 1280 πράττεει
1100 1237 1195 1269 Vind.
1218 1236 1262 1269 E.

869 1284 1066 1327 προσίζον]
1098 1281 1276 1336 πρόσιζον
1315 1280 1416 1315 Vind.
1442 1280 1483 1314 F.

869 1329 962 1374 τοῦ]
987 1330 1102 1362 Astius
1127 1329 1160 1361 in
1186 1340 1253 1361 sec.
1278 1326 1363 1360 duce
1386 1326 1486 1361 Fici-

822 1387 864 1409 no
890 1376 940 1417 (si
962 1377 1037 1420 quis
1062 1377 1135 1408 alia
1161 1376 1306 1417 dixerit)
1336 1384 1404 1406 του
1428 1384 1487 1406 re-

821 1422 978 1466 posuisse
1019 1422 1120 1463 dicit,
1168 1421 1223 1454 cui
1256 1431 1381 1465 operae
1419 1430 1487 1453 non

821 1472 1019 1513 paruerunt,
1066 1468 1190 1512 Neque
1229 1477 1325 1511 opus.
1382 1464 1487 1499 Locis

822 1526 844 1548 a
876 1514 1065 1548 Matthiaeo
1096 1525 1235 1558 gramm.
1270 1524 1304 1557 p.
1337 1512 1416 1545 673.
1451 1514 1488 1544 et

825 1561 926 1596 1315.
951 1572 993 1594 ex
1019 1560 1175 1604 Οό)55ε·.1
1200 1564 1236 1592 et
1258 1556 1409 1591 Afiiocho
1435 1557 1487 1591 al-

823 1606 901 1639 latis
942 1607 1030 1640 adde
1065 1605 1155 1651 quod
1194 1604 1228 1637 in
1270 1603 1407 1637 scholiis
1443 1603 1487 1637 ad

824 1652 933 1686 Thuc.
968 1653 1010 1686 L.
1035 1652 1083 1685 ΙΙ.
1118 1664 1147 1685 c.
1173 1653 1230 1686 39.
1260 1649 1374 1683 nescio
1397 1649 1488 1683 unde

823 1703 1020 1752 excerptum
1044 1698 1168 1753 legitur
1191 1697 1234 1730 de
1258 1695 1489 1729 Lacedaemo-

823 1744 909 1777 11115.
949 1740 1070 1783 οὕτως
1114 1740 1302 1781 ἐπιπόνως
1335 1737 1488 1796 ἤσκουν,

824 1802 876 1829 ως
899 1787 1007 1847 μηδὲ
1056 1789 1224 1833 λουτρῶν
1274 1785 1488 1843 (ἐνέχεσθαι,

825 1832 909 1869 ἀλλ’
937 1837 1167 1879 αρκεῖσθαι
1163 1835 1213 1880 τῷ
1239 1831 1401 1880 Εὐρώτᾳ
1419 1845 1487 1868 πο-

822 1882 928 1928 ταμῷ
952 1881 1049 1926 πρὸς
1073 1880 1116 1916 τὸ
1143 1870 1364 1915 λούσασθαι.

869 1935 984 1998 αλλα]
1020 1936 1112 1973 ἀλλὰ
1145 1938 1247 1972 Vind.
1274 1939 1318 1972 E.

871 1983 953 2042 ἀεὶ]
980 1985 1054 2020 αἰεὶ
1079 1985 1176 2018 Vind.
1210 1985 1256 2019 E.
1291 1985 1353 2019 δεῖ
1380 1983 1481 2021 Vind.
1512 1985 1546 2026 E

823 2032 868 2069 F.
893 2031 939 2089 δὴ
973 2033 1060 2076 Ang.
1089 2032 1132 2087 B3

869 2076 1045 2123 πάντων]
1083 2074 1129 2112 ου’
1151 2087 1192 2112 π.
1215 2076 1309 2111 Mon.
1333 2077 1374 2110 B.

867 2125 1029 2169 κηφῆσι]
1064 2123 1196 2168 κιφῆσι
1216 2123 1318 2159 Vind.
1342 2123 1386 2158 F.

867 2179 970 2226 μέλι]
1005 2185 1084 2227 post
1125 2179 1189 2216 καὶ
1221 2177 1486 2225 ευπορῶτατον

820 2228 909 2264 Lob.
934 2228 1013 2262 Vat.
1035 2229 1116 2263 ΒΜ.

868 2283 1133 2330 εὐπορώτατον
1154 2285 1168 2330 ]

820 2333 902 2368 Par.
924 2333 969 2368 K.

870 2387 1038 2435 βλύττει]
1067 2388 1204 2435 βλίττει
1225 2388 1305 2422 Par.
1325 2388 1366 2423 Α.
1385 2389 1486 2424 Vind.

822 2437 899 2472 BF.
917 2438 995 2480 Ang
998 2437 1057 2470 Β.
1076 2436 1156 2470 vat.
1169 2434 1214 2468 H.
1235 2434 1329 2470 Flor.
1347 2435 1488 2471 ACRV.

825 2487 860 2517 et
884 2495 904 2517 a
919 2495 964 2516 m.
977 2494 1030 2528 pr.
1056 2482 1142 2515 Ven.
1159 2481 1201 2514 C.
1227 2480 1267 2514 Id
1291 2481 1489 2526 Stephanus

823 2529 860 2563 in
883 2541 927 2562 m.
950 2528 1158 2573 requirebat.
1172 2526 1354 2573 βλίττεται
1370 2528 1489 2562 Astius

826 2578 862 2609 et
896 2574 1159 2616 Stallbaumius,
1206 2584 1249 2607 ex
1291 2573 1490 2610 coniectura

822 2620 1035 2662 Ruhnkenfi,
1058 2619 1116 2665 qui
1139 2620 1182 2654 ad
1193 2620 1284 2654 Tim.
1296 2622 1364 2654 lex.
1381 2622 1484 2664 p.63.

821 2667 1088 2701 emendationem
1116 2678 1211 2701 suam
1240 2678 1317 2700 cum
1338 2666 1486 2701 scholia-

821 2717 918 2755 stae,
948 2716 1021 2746 tum
1047 2712 1172 2747 codicis
1195 2711 1343 2746 Parisini
1365 2717 1486 2746 aucto-

819 2759 926 2794 ritate
949 2758 1143 2793 confirmari
1166 2759 1226 2793 ait.
1273 2758 1343 2793 Sed
1367 2757 1401 2792 111
1425 2771 1484 2793 co-

819 2806 897 2839 dice
927 2805 1089 2850 (Par.A
1093 2805 1130 2850 .)
1173 2803 1310 2850 βλίττει
1346 2807 1484 2841 exstare

818 2851 978 2888 Bekkero
1017 2851 1111 2888 credi
1157 2851 1285 2894 debet,
1323 2849 1482 2899 idemque

1239 2280 1487 2328 εὐπορώτατοι
