1764 3176
308 111 393 153 254

309 224 436 275 σῶμα
466 218 739 266 ἀπόλλυσθαι
750 236 760 248 ’

774 109 1240 154 PLATONIS

813 220 910 266 ἀλλ’
941 222 1018 266 ἐὰν
1060 222 1139 276 μὲν
1179 221 1339 279 ἐμποιῇ
1374 219 1402 277 ἡ
1432 220 1581 267 αὐτῶν
1610 238 1692 268 πο-

307 289 442 344 νηρία
470 292 737 334 τῶνᾶσιτίων
765 294 827 350 τῷ
849 289 1015 346 σώματι
1045 289 1243 346 σώματος
1274 292 1533 346 μοχθηρίαν,
1556 289 1695 347 φήσο-

309 373 389 413 μεν
419 355 528 401 αὐτὸ
561 357 622 401 δι’
654 359 797 402 ἐκεῖνα
817 357 907 403 ὑπὸ
933 362 1008 414 τῆς
1033 357 1171 402 αὑτοῦ
1190 359 1356 413 κακίας
1384 357 1525 402 νόσου
1557 358 1695 416 οὔσης

310 423 603 480 ἀπολωλέναι-ἦ
635 426 725 471 ὑπὸ
757 427 804 471 δὲ
835 428 986 470 σιτίων
1014 428 1233 483 πονηρίας
1253 425 1396 471 ἄλλων
1419 424 1561 470 ὄντων
1589 425 1694 471 ἄλλο

215 499 284 533 610
312 491 365 537 ὃν
392 492 444 536 τὰ
475 497 623 550 σῶμα,
662 493 742 539 ὑπ’
775 495 1008 550 ἀλλοτρίου
1039 499 1182 539 κακοῦ
1211 495 1269 552 μὴ
1301 493 1616 551 ἐμποιήσαντος
1643 493 1694 539 τὰ

306 561 505 618 ἔμφυτον
555 563 717 615 κακὸν,
777 562 988 607 ου’δὲποτε
1039 563 1282 618 ἀξιώσομεν
1335 565 1694 619 διαφθείρεσθαι.

303 628 537 685 Ὀρθότατ’
573 631 651 683 ἂν,
682 633 787 688 ἔφη,
820 631 968 688 λέγεις.

1017 631 1140 678 Κατὰ
1171 631 1250 678 τὸν
1280 629 1418 677 αὑτὸν
1448 632 1602 675 τοίνυν
1623 629 1692 676 λό-
1715 642 1727 651 “

304 717 405 756 γον,
446 695 503 756 ἦν
531 699 574 743 δ’
605 700 714 755 ἐγώ,
752 700 828 744 ἐὰν
865 699 928 756 μὴ’
955 699 1157 756 σώματος
1185 702 1376 756 πονηρία
1405 703 1523 757 ψυχῇ
1554 703 1695 755 ψυχῆς

305 771 528 825 πονηρίαν
559 768 732 824 ἐμποιῇ,
762 767 927 825 μήποτε
958 767 1144 824 ἀξιῶμεν
1173 767 1254 811 ὑπ’
1286 767 1521 821 ἀλλοτρίου
1553 770 1695 811 κακοῦ

306 837 414 881 ἄνευ
443 843 517 894 τῆς
548 839 660 894 ἰδίας
689 839 902 894 πονηρίας
931 836 1076 892 ψυχήν
1113 834 1415 885 ἀπόλλυσθαι,
1445 838 1506 891 τῷ
1539 833 1694 889 ἑτέρου

307 910 427 962 κακῷ
459 906 622 960 ἕτερον.

670 904 788 960 ’Ἑχει
819 905 926 960 γάρ,
959 905 1055 960 ἔφη,
1084 902 1232 960 λόγον.

1281 903 1345 947 ”H
1366 903 1523 947 τοίνυν
1552 907 1694 950 ταῦτα

244 973 280 1015 Β
311 975 591 1030 ἐξελέγξωμεν
620 972 686 1016 ὅτι
716 970 772 1017 οὐ
799 973 1176 1030 καλῶς’λέγομεν,
1206 971 1235 1028 ἢ
1265 972 1346 1024 ἕως
1377 970 1432 1015 ἄν
1465 968 1508 1030 ᾗ
1524 969 1693 1028 ἀνέλεγ-

210 2342 280 2377 610

353 1088 428 1123 τῶν
453 1089 597 1132 σιτίων]
623 1100 688 1121 om..
716 1089 801 1122 Ven.
827 1089 868 1122 Β.
894 1088 969 1122 Ald.

307 1134 387 1169 Bas.
424 1135 479 1169 ab.
521 1136 607 1179 Step
611 1135 641 1167 h.
681 1135 743 1167 Ast
798 1133 971 1168 commatis

306 1182 467 1227 uminque
493 1148 647 1214 distinpxit
670 1180 944 1214 Stallbaumius
935 1192 970 1213 ln

307 1239 377 1262 sec.
389 1239 478 1282 qua
514 1227 648 1260 ratione
680 1231 740 1259 aut
780 1226 971 1271 ubicunque

307 1271 426 1312 αὐτὸς
458 1285 479 1306 a
508 1273 641 1307 nomine
665 1272 809 1305 articulo
844 1273 971 1306 instru-

304 1325 361 1354 cto
387 1319 576 1364 excipitur,
608 1323 668 1351 aut
692 1329 733 1350 ne
758 1318 813 1351 hic
836 1319 971 1362 quidem

303 1366 465 1399 utendum
479 1365 554 1398 erit.
579 1360 697 1407 Νιιιιιῆ
714 1360 842 1397 αὐτῶν
853 1376 968 1408 πονη-

304 1412 367 1456 ρία
398 1412 473 1446 τῶν
514 1410 640 1445 σιτίων
664 1410 744 1444 nihil
770 1410 826 1444 hic
850 1411 969 1443 differ-

302 1470 342 1492 re
373 1458 510 1491 videtur
543 1457 586 1490 ab
622 1467 683 1496 ea,
718 1468 818 1501 quam
853 1456 968 1501 paullo

302 1508 382 1538 ante
395 1500 520 1538 αυτῶν
530 1500 678 1536 ἐκείνων
694 1502 839 1536 dixerat.
863 1502 970 1536 Stall-

303 1550 458 1584 baumius
492 1552 605 1583 autem
629 1548 705 1581 τῶν
738 1548 863 1582 σιτίων
887 1560 970 1593 epe—

303 1607 472 1640 xegeseos
507 1606 629 1629 caussa
665 1595 817 1628 additum
859 1599 968 1639 putat.

305 1642 406 1683 Quod
432 1643 461 1675 si
485 1653 601 1675 verum
627 1646 700 1682 est,
723 1641 970 1685 interpunctio—

303 1689 357 1722 nis
382 1689 468 1722 ratio
492 1687 596 1721 nihilo
614 1687 722 1731 magis
740 1692 886 1721 constat.
911 1687 970 1720 In-

303 1740 414 1769 terest
447 1734 535 1767 enim
569 1734 659 1766 inter
697 1733 901 1778 epexegesin
935 1739 971 1766 et

304 1780 559 1835 appositionem.

353 1823 497 1871 αυτοῦ]
532 1822 594 1858 αὖ.
629 1825 716 1859 Lob.
751 1824 853 1860 Vind.
892 1824 968 1859 EF.

305 1873 398 1907 Μοιι.
427 1873 466 1906 Β.
492 1884 512 1905 a
536 1883 578 1904 m.
604 1882 657 1915 pr.
681 1871 758 1904 Ald.
785 1871 863 1904 Bas.
890 1871 944 1903 ab.

351 1916 466 1953 νόσου
502 1913 638 1961 οὔσης]
696 1917 792 1950 Haec
832 1928 968 1962 quoque

306 1964 547 1999 Staubaumius
577 1962 610 1995 in
644 1974 712 1996 sec.
743 1975 763 1995 a
798 1963 968 1996 contextis

305 2010 490 2066 separavit,
511 2021 599 2066 qnae
619 2012 731 2042 tamen
750 2009 857 2050 idem,
877 2008 967 2053 quod

303 2053 398 2102 ἥπερ
431 2054 542 2095 νόσος
575 2053 650 2089 ἐστὶ
679 2054 895 2098 significant,
928 2059 967 2087 ut

303 2105 416 2148 paullo
447 2107 525 2147 post
559 2097 679 2135 ἄλλων
713 2099 853 2143 ὄντων,
878 2112 966 2157 quae

303 2162 369 2183 non
394 2148 593 2191 separavit,
615 2148 729 2190 idem,
755 2147 846 2192 quod
871 2145 966 2190 ἅπερ

305 2192 398 2230 ἄλλα
423 2193 508 2229 ἐστί.

351 2239 389 2275 δε
409 2241 546 2285 σιτίων]
574 2240 648 2275 δεσ.
677 2238 774 2274 hnd.
787 2239 827 2272 F.

351 2284 470 2321 ἄλλων
496 2283 629 2330 ὄντων]
654 2298 717 2319 om.
747 2285 838 2318 Mon.
864 2285 905 2318 B.

349 2330 422 2368 ‘vn'
456 2330 675 2377 ἀλλοτρίου]
719 2332 828 2365 Recte
861 2330 968 2364 Stall-

302 2379 456 2413 banmius
492 2380 527 2412 in
559 2377 841 2431 sec.1epetitam
866 2388 966 2430 piae—

301 2426 503 2471 positionem
548 2425 712 2458 adversus
759 2423 889 2457 Astium
931 2422 966 2456 in

300 2473 448 2512 iterata,
489 2471 625 2516 opiner,
656 2471 760 2504 Ienae
797 2471 965 2504 a 1820.

302 2519 411 2573 prima
436 2518 582 2550 editione
617 2529 691 2551 eam
715 2517 883 2550 delentem
908 2520 968 2548 aut

302 2565 338 2598 in
373 2575 441 2598 του
487 2569 671 2597 mutantem
714 2567 841 2597 tuetur.
909 2561 966 2596 Cf.

306 2609 506 2653 Bernhardy
537 2615 626 2653 synt.
670 2621 703 2654 p.
734 2611 814 2643 201.
848 2619 966 2652 quam-

303 2668 405 2713 quam
427 2656 458 2690 is
484 2657 636 2712 exegnpla
659 2655 803 2689 miscuit.
853 2689 856 2693 ,

348 2699 555 2758 Ὀρθότατ
590 2697 658 2755 ἄν]
693 2696 891 2743 όρθιότατ’
917 2694 966 2734 ὂὶν

306 2748 404 2782 Vind.
430 2749 473 2783 F
499 2744 685 2791 ὀρθότατ’
714 2744 781 2792 ἄρ’
808 2746 906 2780 Vind.
923 2746 963 2779 Ε.

304 2791 522 2839 Ὀρθότατα
538 2793 656 2830 Astius
676 2793 710 2829 in
732 2805 802 2830 sec.
826 2798 863 2830 et
885 2795 966 2828 tert.

1029 1091 1064 1121 et
1097 1087 1289 1121 Bekkerus

1029 1135 1159 1176 absque
1184 1129 1243 1174 ἂν,
1262 1133 1315 1167 vel
1341 1130 1528 1176 ὀρθότατ’
1556 1145 1618 1177 αν,
1642 1135 1693 1168 ie-

1028 1180 1174 1224 gendum
1207 1179 1352 1213 videtur.
1366 1182 1388 1198 ‘⁶
1431 1180 1552 1225 Steph.
1588 1181 1624 1213 in
1648 1191 1691 1214 ιιι.

1030 1227 1086 1260 Cf.
1121 1226 1195 1260 Vol.
1227 1226 1255 1261 Ι,
1276 1238 1323 1279 5.p
1350 1227 1406 1261 90.
1435 1237 1488 1270 sq.
1521 1231 1557 1260 et
1587 1226 1692 1260 Polit.

1027 1284 1065 1327 Ρ
1080 1274 1160 1307 289.
1181 1274 1232 1305 Α.
1264 1271 1312 1315 ἠν
1358 1284 1454 1329 γαρ
1470 1269 1693 1306 δικαιότατα

1027 1315 1094 1360 μὲν
1134 1313 1182 1351 ὃὶν
1217 1317 1327 1352 τεθὲν
1365 1315 1454 1353 κατ’
1488 1315 1607 1362 ἀρχὰς
1645 1316 1690 1352 τὸ

1026 1376 1075 1443 ξιξ
1079 1361 1257 1455 ἶῖιῖιζῐῖἔὲἰ
1249 1360 1355 1442 νῗιῖιῗιο
1360 1376 1410 1442 §re
1414 1362 1692 1445 sbtielffiiiiiilsessssze

1026 1460 1183 1500 apparet.
1249 1455 1414 1489 Eiusdem
1448 1457 1584 1500 generis
1625 1457 1693 1491 alia

1026 1502 1102 1535 vide
1126 1502 1161 1535 in
1187 1501 1369 1535 Hermanni
1393 1501 1446 1535 dis
1450 1502 1626 1546 putatione
1650 1503 1694 1537 de

1026 1551 1117 1593 part.
1153 1543 1202 1581 ἅν
1238 1547 1277 1582 L.
1305 1547 1334 1581 I.
1367 1559 1396 1582 c.
1417 1515 1469 1583 9.P
1476 1560 1510 1594 p.
1531 1549 1588 1584 41.
1616 1559 1693 1595 sqq.

1028 1594 1177 1639 (Opusc.
1201 1594 1245 1628 T.
1262 1594 1364 1637 1111.)

1073 1650 1200 1695 λέγεις]
1225 1650 1342 1694 λέγοις
1365 1651 1452 1686 Ven.
1477 1652 1517 1686 Β.
1539 1651 1632 1686 Flor.
1650 1652 1691 1688 V.

1027 1703 1063 1732 et
1088 1697 1346 1753 Stanbaumius,
1375 1698 1434 1742 qui
1459 1698 1536 1731 dum
1559 1698 1692 1732 indica-

1025 1744 1131 1779 tivum
1151 1755 1225 1778 cum
1245 1740 1292 1778 ἂν
1317 1748 1548 1779 constructum
1570 1749 1693 1779 tenen-

1026 1794 1080 1824 tes
1113 1791 1156 1824 ob
1192 1795 1344 1835 spretam
1370 1801 1467 1824 usus·
1465 1792 1693 1825 ¹observatio—

1027 1848 1102 1870 nem
1126 1848 1250 1880 magna
1281 1846 1355 1870 cum
1379 1837 1551 1880 gravitate
1574 1848 1690 1882 repre-

1027 1883 1155 1923 hendit,
1173 1895 1259 1924 eam,
1283 1894 1371 1927 quae
1387 1882 1453 1927 ipsi
1472 1883 1618 1927 placuit,-
1632 1894 1690 1917 as-

1024 1928 1188 1962 sentiendi
1212 1929 1388 1964 formulam
1422 1928 1554 1964 minime
1582 1929 1691 1964 usita-

1023 1980 1094 2008 tam
1118 1986 1194 2009 esse
1217 1986 1284 2008 ιιοιι
1308 1975 1560 2010 animadvertit.

1070 2031 1213 2085 τοίνυν]
1239 2044 1305 2066 om.
1334 2032 1429 2066 Flor.
1457 2032 1501 2066 T.

1071 2074 1253 2122 σώματος]
1280 2074 1310 2134 ἦ
1325 2088 1355 2112 σ.
1382 2078 1474 2111 Μοιι.
1486 2080 1525 2112 Β.
1539 2078 1631 2112 Flor.
1642 2079 1687 2113 U.

1067 2124 1186 2168 ψυχῇ]
1213 2122 1314 2168 ψυχὴ
1342 2124 1444 2158 Vind.
1457 2125 1497 2158 F.
1511 2137 1576 2160 om.
1589 2125 1684 2159 Mon.

1024 2170 1064 2204 Β.
1091 2170 1168 2203 Par.
1194 2170 1270 2203 DK.
1307 2170 1403 2204 Flor.
1429 2171 1473 2205 U.
1512 2183 1586 2205 cum
1614 2171 1688 2205 edi-

1024 2216 1071 2249 tis
1097 2221 1176 2249 ante
1200 2216 1407 2250 Bekkerum.

1070 2260 1239 2306 μήποτε]
1273 2263 1382 2307 Vulgo
1410 2261 1462 2307 μή
1485 2274 1578 2297 ποτε
1598 2262 1689 2298 scri-

1023 2308 1126 2342 bitur.
1177 2309 1233 2342 Cf.
1259 2308 1333 2342 Vol.
1351 2309 1400 2344 II.
1424 2321 1456 2354 p.
1480 2312 1558 2351 110,
1579 2311 1613 2343 b.

1069 2361 1153 2421 υπς’]
1178 2361 1233 2399 υ’π
1243 2361 1350 2400 'Ald.
1377 2363 1454 2400 ὑπὸ
1482 2366 1582 2401 Vind.
1607 2367 1684 2402 EF.

1072 2408 1243 2468 ἑτέρου]
1230 2423 1287 2445 ετε
1282 2409 1342 2454 ’ρω
1353 2412 1430 2446 Par.
1442 2412 1484 2447 Κ.
1494 2424 1562 2448 sec.
1574 2414 1685 2447 Bekk.

1069 2455 1318 2502 ἐξελέγξωμεν]
1341 2456 1568 2513 ἐξελέγξομεν
1586 2460 1683 2493 Vind.

1024 2503 1066 2537 F.
1105 2505 1191 2546 Ang.
1217 2504 1257 2539 B.
1294 2503 1490 2548 ἐλέγξωμεν
1525 2506 1617 2541 Μοιι.
1640 2507 1682 2540 Β.

1022 2550 1102 2586 Par.
1128 2550 1204 2584 DK.
1227 2562 1295 2586 sec.
1321 2552 1430 2585 Bekk.
1456 2552 1549 2587 Flor.
1573 2552 1618 2585 U.

1071 2605 1295 2661 ἀνέλεγκτα]
1310 2604 1507 2652 ἄνελέγκτα
1530 2608 1630 2644 Vind.
1642 2609 1682 2644 F.
1712 2604 1747 2646 Β

1024 2650 1200 2687 οἷνέλεκτα
1228 2655 1322 2687 Vind.
1350 2655 1392 2687 Ε.

1067 2697 1222 2743 μήποτε]
1244 2699 1296 2743 μή
1315 2711 1365 2735 τε
1381 2700 1481 2735 Vind.
1502 2701 1577 2756 BE:
1597 2701 1680 2735 Ven.

1021 2746 1062 2780 Β.
1089 2747 1166 2781 Vat.
1192 2746 1236 2780 H.
1270 2747 1366 2780 Flor.
1390 2747 1495 2782 ACV.
1517 2758 1567 2790 μη
1590 2757 1681 2781 ποτε

1020 2792 1134 2836 vulgo.

1359 1087 1455 1128 „Vel
1481 1081 1516 1121 μο
1520 1082 1705 1133 ρθόταταμ
