1764 3176
158 101 209 142 76
790 103 937 144 volum.
971 104 1034 141 HI.

375 216 410 262 b,
431 215 456 254 4
487 217 626 253 addas:
656 217 692 252 in
722 214 806 254 Par.
839 216 886 255 A.
920 216 989 256 Dii.
1021 217 1125 267 prius
1159 218 1236 254 oin
1266 218 1386 258 litura,

432 274 454 311 5
486 277 573 322 post
603 273 833 322 κοιμίζεται)
867 273 1028 310 inseras:
1050 296 1100 300 —-
1125 274 1138 312 ί
1159 296 1212 301 ——
1231 275 1267 310 in
1289 274 1400 311 litura
1415 275 1501 314 Par.
1525 275 1566 311 A.
1586 275 1658 317 Dii,

433 330 484 368 13
515 342 535 364 a
568 329 590 365 f.
624 334 712 379 post
750 325 939 383 τοσούτῳ)
982 330 1150 367 inseras:
1190 352 1244 356 ——
1276 346 1329 384 τῳ
1363 331 1400 367 in
1430 331 1540 368 litura
1570 332 1654 373 Par,

435 384 476 424 A.
515 384 588 421 Dii.

157 438 249 489 Pag.
268 442 412 489 186,a‚
435 441 483 481 15
508 454 529 478 a
561 441 586 480 f.
620 441 757 478 addas:
789 439 831 481 δὲ
861 437 1135 495 ἄλλατιμάζων
1163 456 1183 480 3
1213 455 1262 482 m.
1291 456 1363 493 pr.,
1395 440 1437 482 δὲ
1469 437 1569 483 ἄλλα
1601 439 1659 484 α’τ,

430 511 450 534 3
481 511 516 534 m
561 510 637 537 sec.
664 497 749 534 Par.
780 497 826 539 A,
859 498 932 538 Dii.

378 554 413 602 b,
430 556 480 595 22
511 559 599 604 post
628 553 715 592 Par.
749 554 796 593 A.
831 556 994 593 inseras:
1027 553 1100 604 (—
1130 571 1170 607 ιη
1197 568 1272 596 rec,
1302 577 1356 583 —
1386 567 1459 603 σει,
1490 560 1529 593 nt
1555 556 1659 592 vide-

433 616 512 655 tur,
543 623 564 646 a
587 624 635 648 m.
668 624 723 660 pr.
753 609 845 661 Dii.)

431 669 456 706 7
495 680 516 703 a
555 667 579 705 f.
622 667 668 704 ad
704 667 825 704 locum
866 667 1090 717 Euthydemi
1125 668 1242 704 addas
1275 667 1371 717 Leg.
1409 667 1454 707 L.
1495 668 1581 709 ΧΠ.
1620 682 1658 719 p.

431 723 512 763 963
545 723 595 761 B:
637 721 689 770 ὥς
719 725 854 774 φαίης.

156 780 245 831 Pag.
269 783 362 830 187,
381 795 416 830 3,
435 782 458 819 7
489 785 574 830 post
605 778 731 830 μέλλει
764 781 927 819 inseras:
967 780 1053 817 Par.
1084 779 1129 817 A.
1159 779 1234 816 Dii.
1266 793 1298 816 3.
1327 793 1373 820 m.
1402 793 1457 830 pr.
1500 781 1589 817 item
1621 780 1658 827 b,

431 837 480 875 13
514 848 534 872 3
567 836 590 872 Γ.
622 841 710 886 post
740 832 800 876 αὖ
834 837 910 887 (cui
940 850 961 873 3
989 850 1036 875 m.
1062 848 1139 873 see.
1170 837 1463 886 superscriptum
1492 842 1550 873 est
1581 835 1616 885 ἒ)

375 895 410 942 Ι),
432 892 483 931 10
517 904 537 928 3
570 892 595 932 Γ,
627 898 715 952 post
746 888 808 934 αὖ,
834 895 979 930 inseras
1010 893 1095 929 Par.
1127 896 1169 930 A
1204 892 1276 930 Dii.
1308 904 1330 929 a
1361 906 1407 929 m.
1439 906 1515 930 see.

432 961 517 997 pen.
549 954 636 998 post
667 943 791 997 οὕτως
816 951 982 987 inseras:
1015 949 1101 988 Par.
1124 949 1168 985 A.
1191 948 1265 989 Dii.
1293 961 1314 986 a
1344 962 1392 985 m.
1423 963 1480 1000 pr.
1512 946 1556 1002 (σ
1577 962 1660 986 era-

428 1018 509 1041 snm
541 1006 629 1053 est.)

155 1061 405 1112 Pag‚188,a‚
431 1063 483 1101 10
513 1074 533 1097 3
561 1062 586 1101 Γ.
619 1066 707 1112 post
733 1058 796 1100 αὐ.
827 1062 993 1099 inseras:
1020 1061 1106 1099 Par.
1139 1062 1181 1098 A.
1211 1060 1284 1099 Dii.

374 1119 407 1165 b,
429 1119 477 1157 21
512 1119 558 1154 ad
592 1117 700 1155 Vind.
732 1118 777 1157 F.
807 1119 944 1155 addas:
974 1118 1060 1159 Par,
1090 1118 1131 1155 A.
1168 1118 1238 1159 Dii,

428 1175 524 1211 inter
554 1187 588 1214 v.
617 1188 702 1225 pen,
734 1181 771 1212 et
802 1175 866 1215 ult.
900 1177 1061 1213 inseras:
1104 1174 1195 1227 γῆς)
1229 1191 1251 1227 y
1286 1197 1332 1202 —
1366 1175 1402 1211 in
1433 1174 1542 1211 litura
1574 1173 1658 1211 Par.

430 1231 472 1266 A.
500 1230 572 1269 Dii.

425 1292 513 1337 post
551 1300 583 1322 v.
630 1287 695 1328 ult.
735 1288 875 1326 addas:
919 1284 1011 1339 ἐγὼ,
1041 1286 1100 1335 ἐν)
1131 1285 1204 1339 ἔγω
1233 1286 1274 1326 ἐν
1299 1300 1380 1324 cum
1409 1282 1430 1326 ’ἔ
1459 1300 1481 1324 3
1510 1301 1556 1326 m.
1583 1291 1656 1324 vet.

428 1344 524 1380 inter
556 1348 754 1393 utrumque
785 1345 1040 1395 superscripto
1069 1345 1154 1382 Par.
1183 1344 1226 1379 A.
1260 1343 1330 1382 Dii.

151 1401 242 1450 Pag.
265 1402 354 1449 189,
375 1414 409 1448 a,
430 1400 480 1439 12
509 1405 596 1450 post
626 1413 730 1450 quam
763 1401 857 1450 qnod
892 1401 1056 1437 inseras:
1098 1401 1195 1437 idem
1228 1399 1384 1436 Proelns
1428 1400 1474 1437 ib.
1506 1414 1540 1450 p.
1573 1402 1657 1448 2,15

428 1460 464 1492 et
493 1470 531 1505 p.
562 1455 655 1505 4032
685 1457 896 1506 significare
928 1458 1097 1504 videtur,
1129 1461 1167 1493 et
1195 1457 1296 1505 quod

371 1513 406 1558 b,
431 1514 452 1552 2
484 1513 623 1549 addas:
656 1513 714 1549 Ad
740 1513 938 1550 dictionem
971 1514 1017 1550 cf.
1048 1513 1221 1552 Parmen.
1251 1526 1286 1561 p.
1315 1513 1407 1552 132·
1437 1511 1489 1549 D:
1521 1510 1568 1551 τά
1587 1512 1657 1563 μὲν

429 1568 514 1618 εἴδη
545 1570 670 1608 ταῦτα
701 1563 833 1621 ὥσπερ
865 1570 1165 1622 παραδείγματα
1196 1565 1355 1608 ἑστάναι
1379 1568 1419 1608 ἐν
1442 1572 1490 1624 τῇ
1519 1566 1653 1620 φύσει.

152 1624 241 1673 pag,
265 1625 354 1671 190,
374 1625 409 1674 b,
432 1628 479 1665 19
511 1626 650 1663 addas:
680 1626 720 1662 In
752 1625 836 1666 Par.
870 1626 913 1663 A.
947 1627 1019 1666 Dii.
1053 1642 1100 1666 ov
1128 1638 1241 1676 super
1269 1641 1293 1664 cc
1324 1638 1344 1662 a
1375 1639 1424 1666 m.
1455 1631 1529 1666 vet,
1563 1627 1655 1663 scri-

452 1687 528 1719 tum
561 1687 630 1723 est.

154 1737 350 1786 Pag.192‚
369 1738 404 1785 b,
424 1696 474 1778 1¹³5
519 1752 540 1776 a
579 1740 604 1780 f,
642 1743 731 1790 post
764 1734 793 1790 ἢ
835 1744 872 1776 et
911 1739 960 1779 11
991 1751 1012 1776 3
1043 1739 1068 1774 Γ.
1105 1743 1192 1788 post
1231 1750 1341 1777 συνν.
1375 1739 1538 1776 inseras:
1568 1738 1655 1780 Par,

423 1795 469 1831 A.
503 1795 578 1833 Dii.

152 1848 241 1899 Pag.
260 1850 351 1898 193,
372 1850 406 1899 b,
426 1853 468 1890 11
508 1856 597 1901 post
623 1847 831 1902 εἰρξόμεθα
862 1851 1029 1888 inseras:
1059 1851 1145 1892 Par.
1173 1850 1218 1890 A.
1252 1850 1323 1889 Dii.
1352 1864 1373 1887 a
1404 1865 1451 1888 m.
1482 1865 1540 1901 pr.

429 1908 479 1946 10
510 1920 531 1944 a
561 1909 587 1944 f.
616 1909 754 1944 addas:
787 1923 866 1947 που
902 1906 990 1955 εἰσὶ,
1021 1923 1044 1946 υ
1076 1908 1111 1945 in
1141 1907 1273 1955 litura,
1303 1907 1389 1945 Par.
1418 1911 1463 1945 A.
1494 1908 1567 1947 Dii.

425 1965 449 2003 5
481 1978 503 2001 a
532 1965 555 2002 Γ.
588 1969 677 2014 post
695 1965 866 2001 ostendit.
882 1965 1050 2002 inseras:
1084 1970 1121 2002 et
1139 1964 1189 2000 ita
1206 1964 1343 2012 legitur
1366 1965 1400 2000 in
1414 1965 1498 2000 Par.
1520 1965 1561 2000 A.
1581 1964 1652 2001 Dii.

150 2016 239 2067 Pag.
264 2019 356 2067 195,
373 2033 407 2068 3,
429 2019 480 2058 14
512 2026 600 2070 post
635 2017 752 2073 τάχα)
783 2021 945 2058 inseras:
980 2042 1028 2047 -—
1060 2035 1081 2071 χ
1111 2043 1165 2049 —-
1192 2021 1228 2056 in
1258 2020 1366 2057 litura
1393 2020 1477 2057 Par.
1509 2021 1551 2059 A.
1583 2021 1653 2062 Dii,

424 2078 475 2116 26
506 2077 644 2114 addas:
674 2076 770 2126 Leg.
802 2075 849 2116 L.
878 2076 996 2115 V1111.
1029 2090 1065 2126 p.
1098 2077 1192 2116 859.
1218 2076 1262 2113 C.

419 2140 508 2183 post
546 2147 581 2169 v.
620 2133 686 2171 ult.
727 2134 866 2170 addas:
903 2129 1052 2183 πάντα)
1086 2128 1221 2171 τὲᾶντοὶ
1251 2132 1337 2169 Par.
1368 2132 1414 2170 A.
1447 2132 1518 2172 Dii.
1553 2147 1574 2170 a
1604 2147 1651 2171 m.

418 2195 494 2230 vet,
525 2190 710 2240 impositis
740 2191 846 2239 quasi
877 2190 1038 2226 delendo
1069 2189 1248 2226 vocabulo
1275 2190 1388 2229 notis.

366 2246 401 2292 b,
421 2246 518 2283 inter
547 2259 582 2283 v.
623 2248 675 2286 17
716 2252 753 2284 et
794 2248 844 2287 18
887 2246 1050 2283 inseras:
1097 2244 1302 2299 γενέσθαι)
1338 2245 1526 2298 γένεσθαι
1566 2246 1650 2284 Par.

422 2302 468 2342 A.
508 2302 580 2340 Dii.

422 2360 472 2399 22
505 2363 594 2409 post
624 2356 810 2399 αἰσθάνει
841 2359 1004 2395 inseras:
1034 2357 1119 2397 Par.
1152 2358 1194 2399 A.
1224 2357 1296 2396 Dii.
1327 2372 1349 2396 a
1378 2371 1424 2400 m,
1455 2372 1510 2410 pr,

422 2415 473 2454 25
507 2420 594 2465 post
623 2412 660 2454 τ’
691 2416 774 2466 εἴης
802 2416 967 2454 inseras:
997 2414 1081 2451 Par.
1110 2414 1155 2451 A.
1187 2413 1259 2455 Dii.

145 2466 237 2516 Pag.
255 2469 347 2517 196,
365 2468 401 2518 b,
420 2471 441 2509 2
469 2475 557 2520 post
587 2471 688 2524 ἔρχει
708 2473 873 2510 inseras:
903 2468 1130 2522 ζωγράφος)
1155 2472 1282 2523 ζωιγρ.
1305 2471 1390 2508 Par.
1408 2471 1450 2508 A.
1474 2473 1538 2508 Dii.
1561 2472 1647 2508 item

423 2527 533 2574 paulo
561 2534 670 2577 post,
706 2534 741 2565 et
769 2529 805 2565 in
833 2541 939 2578 seqq.
966 2529 1063 2565 idem
1089 2527 1201 2564 habet
1230 2543 1272 2582 ῳ.

419 2584 445 2621 7
477 2596 497 2619 a
528 2583 552 2618 f.
586 2591 673 2633 post
703 2586 830 2635 ποιεῖ)
869 2585 1030 2622 inseras:
1070 2605 1125 2611 ——
1157 2587 1194 2623 εῖ
1224 2585 1435 2633 recentius,
1462 2597 1483 2622 a
1514 2597 1561 2625 m,
1591 2598 1645 2634 pr,

422 2654 463 2688 ηι
488 2639 574 2676 Ρ3ι·.
604 2641 648 2677 A.
675 2641 749 2678 Dii.

146 2691 238 2743 Peg.
260 2696 351 2742 197,
369 2708 403 2743 3,
422 2697 445 2733 7
476 2708 497 2732 a
528 2696 552 2734 f.
583 2703 669 2746 post
698 2694 845 2746 δόξειεν
877 2697 1040 2734 inseras:
1070 2695 1155 2732 Par.
1187 2695 1232 2735 A.
1265 2695 1338 2736 Dii.

420 2753 443 2791 5
477 2765 498 2788 3
531 2752 555 2791 Γ.
587 2760 673 2803 post
706 2751 905 2804 τοιούσδε)
935 2755 1097 2790 inseras:
1128 2773 1181 2778 --
1213 2765 1235 2792 σ
1263 2775 1317 2780 —
1351 2754 1386 2790 in
1420 2752 1531 2790 litura
1560 2753 1645 2790 Par.
1702 2786 1706 2788 ,

425 2808 466 2851 Α,
503 2807 573 2846 Οὔ.
