1764 3176
581 166 1059 211 EDITORIS.
1427 183 1527 210 th

135 283 172 320 et
188 285 240 320 bis
255 296 328 328 sex,
346 284 549 329 duodecim
577 287 734 321 similiter
755 287 806 320 bis
821 286 904 328 duo,
934 291 1095 329 quatuor,
1125 290 1160 320 et
1178 290 1230 320 ter
1249 289 1408 329 quatuor,
1439 286 1526 320 duo-

134 343 260 377 decim.
288 353 394 386 quare
416 345 492 378 cum
520 344 738 388 septenarius
766 344 923 387 quinario
949 344 1153 387 coniugatus
1185 343 1432 377 duodenarium
1454 343 1529 377 effi-

137 399 226 442 ciat,
256 411 300 434 ex
327 411 394 444 quo
413 406 535 445 postea
553 401 644 435 duae
667 402 735 434 iam
756 400 872 434 dictae
890 399 1092 434 harmoniae
1113 401 1290 442 oriuntur3
1320 411 1389 434 non
1406 401 1526 434 imme-

134 456 204 490 rito
233 456 300 490 hac
322 458 426 492 etiam
453 458 605 492 secunda
622 458 757 491 ratione
773 457 858 490 dixit
877 457 992 498 Plato,
1022 457 1112 499 qubd
1133 458 1347 500 septenarius
1371 457 1529 500 quinario

134 513 339 556 coniugatus
365 515 451 548 duas
481 516 581 549 nobis
601 515 744 558 praebet
774 513 970 547 harmonias
986 519 1039 547 ter
1062 519 1193 548 auctus.
1251 514 1317 547 Est
1337 519 1453 548 autem
1473 513 1529 547 hic

134 570 370 604 adnotandum
388 571 479 615 quod
506 583 576 606 nan
597 572 641 605 ab
675 582 714 605 re
737 571 839 604 Plato
869 570 1085 606 Quadratum
1100 596 1110 612 ‚
1141 576 1176 604 et
1200 571 1332 604 Cubum
1352 581 1530 604 numerum

134 627 331 662 harmonias
351 629 514 672 appellat.
545 628 833 671 quemadmodum
850 627 940 661 enim
958 627 1135 661 harmonia
1152 632 1233 661 tunc
1251 638 1327 661 esse
1350 627 1531 670 perfectis-

132 685 222 719 sima
247 685 394 726 dicitur,
424 686 500 719 cum
518 686 613 729 soni,
643 695 705 719 seu
733 695 837 718 voces
866 695 985 718 omnes
1010 685 1154 718 invicem
1186 685 1348 727 aequales
1368 685 1416 717 ita
1439 688 1530 726 sunt,

135 745 174 775 ut
187 742 300 785 quoad
323 753 506 784 sonorum,
536 743 588 775 vel
610 752 731 776 vocum
753 741 1021 784 magnitudinem
1037 766 1046 783 ,
1076 752 1120 775 ne
1148 752 1215 774 una
1235 741 1372 784 quidem
1391 746 1532 784 superet

134 799 257 833 aliam:
287 799 339 832 sic
358 799 461 832 etiam
480 799 612 833 numeri
638 803 709 832 tum
731 799 912 842 quadrati,
944 803 1015 832 tum
1034 798 1112 831 cubi
1132 799 1315 832 maximam
1335 798 1370 831 in
1390 808 1428 831 se
1447 797 1529 831 har-

135 856 285 889 moniam
317 855 469 898 habent,
499 857 661 899 quoniam
693 866 811 889 eorum
846 856 956 888 latera
983 859 1062 889 sunt
1091 866 1227 899 semper
1255 855 1435 897 aequalia,
1466 865 1532 888 nec

136 922 240 946 unum
260 913 303 946 ab
324 913 391 946 alio
409 918 604 956 superatur.
659 914 804 954 „Unam
820 912 959 957 quidem
979 913 1158 957 aequalem
1185 912 1379 957 aequaliter
1399 916 1532 962 centum

136 970 297 1004 centies.“
354 970 418 1004 His
442 971 554 1003 verbis
576 970 725 1013 explicat
745 970 846 1003 Plato
869 980 971 1002 unam
995 980 1038 1003 ex
1059 969 1191 1002 duabus
1211 968 1418 1010 harmoniis,
1447 979 1532 1012 quas

138 1026 368 1069 Sesquitertia
396 1027 495 1060 radix
523 1038 647 1070 nempe
667 1027 881 1069 septenarius
901 1027 1057 1069 quinario
1083 1027 1285 1069 coniugatus
1313 1027 1455 1069 praebet
1480 1030 1533 1059 ter

135 1087 271 1117 auctus.
309 1093 386 1117 eam
419 1088 534 1117 autem
563 1094 641 1118 esse
667 1084 751 1117 dicit
784 1084 961 1126 aequalem
998 1084 1188 1126 aequaliter
1226 1088 1361 1117 centum
1391 1083 1533 1117 centies.

136 1151 226 1184 quae
242 1141 345 1184 porro
363 1141 466 1174 verba
483 1142 580 1174 recte
596 1141 826 1184 percipientur
850 1151 919 1173 uno
936 1140 1029 1183 prius
1049 1140 1226 1174 declarato
1239 1165 1249 1184 ,
1281 1140 1372 1183 quod
1401 1140 1535 1173 scilieet

136 1198 253 1231 volens
278 1198 380 1231 Plato
409 1197 610 1240 quibusdam
644 1198 798 1231 obscuris
835 1197 946 1230 verbis
986 1197 1164 1231 declarare
1205 1197 1291 1230 duas
1325 1196 1535 1239 harmonias,

138 1265 223 1297 quas
243 1254 390 1288 diximus
408 1264 485 1288 esse
504 1254 592 1288 duos
625 1265 804 1295 numeros,
836 1254 1053 1297 Quadratum
1073 1255 1205 1288 scilicet
1228 1258 1365 1288 centum
1383 1253 1534 1296 quadra—

137 1312 236 1354 ginta
263 1316 432 1356 quatuor,
464 1315 499 1345 et
518 1311 652 1345 Cubum
679 1312 770 1344 mille
790 1312 1009 1355 septingenta
1027 1311 1147 1353 viginti
1179 1315 1277 1344 octo:
1307 1311 1456 1354 explicat
1474 1321 1535 1344 eas

136 1378 200 1412 per
217 1368 470 1402 similitudinem
497 1368 643 1402 duorum
664 1368 808 1402 aliorum
833 1379 1051 1402 numerorum
1076 1368 1141 1402 illis
1170 1368 1411 1410 consimilium,
1447 1378 1534 1411 quo-

138 1435 213 1459 rum
231 1426 319 1459 alter
337 1429 390 1459 est
407 1436 568 1459 numerus
584 1425 704 1459 decem
724 1426 849 1467 millia,
880 1426 966 1459 alter
985 1425 1065 1458 vero
1081 1436 1243 1459 numerus
1259 1426 1395 1459 millena
1417 1425 1534 1459 millia.

136 1481 424 1525 quemadmodum
449 1483 541 1516 enim
565 1492 727 1516 numerus
753 1487 891 1516 centum
922 1482 1150 1524 quadraginta
1169 1488 1317 1525 quatuor
1341 1487 1416 1516 erat
1436 1483 1534 1518 Qua-

137 1539 257 1573 dratus
284 1539 507 1581 duodenarii,
548 1540 599 1573 sic
629 1539 751 1573 decem
781 1540 886 1572 millia
907 1549 1090 1580 numerus,
1122 1543 1174 1572 est
1195 1540 1393 1576 Quadratus
1415 1543 1535 1573 cente-

137 1596 247 1638 nari13
281 1601 316 1630 et
332 1596 423 1630 sicut
437 1607 599 1630 uumerus
611 1590 722 1630 ‘mille
741 1597 961 1639 septingenta
979 1597 1097 1638 viginti
1117 1601 1197 1630 octo
1227 1602 1302 1630 erat
1333 1596 1535 1630 duodenarii

139 1653 275 1694 Cubus,
303 1653 353 1687 ita
382 1653 520 1687 millena
548 1654 654 1687 millia
682 1664 844 1688 numerus
872 1657 925 1686 est
946 1654 1062 1686 Cubus
1083 1654 1282 1687 centenarii.
1342 1653 1431 1686 Nam
1453 1663 1535 1686 cen-

139 1711 206 1743 ties
237 1714 373 1743 centum
392 1710 524 1744 faciunt
551 1710 670 1744 decem
699 1711 803 1744 millia
834 1709 1075 1751 Quadratum,
1119 1711 1251 1743 centies
1279 1714 1395 1743 autem
1414 1710 1535 1743 decem

139 1766 258 1808 millia,
283 1766 478 1810 producunt
494 1768 633 1801 millena
651 1767 754 1800 millia
777 1766 921 1800 Cubum.
980 1767 1075 1800 Duas
1085 1767 1201 1809 itaque
1228 1767 1296 1800 iam
1317 1767 1428 1800 dictas
1454 1766 1536 1800 har-

138 1824 272 1858 monias
296 1829 433 1858 centum
452 1824 680 1867 quadraginta
703 1828 850 1866 quatuor
872 1823 1109 1864 Quadratum,
1141 1828 1177 1857 et
1204 1824 1294 1857 mille
1315 1824 1537 1867 septingenta.

138 1881 258 1923 viginti
276 1885 357 1914 octo
377 1881 510 1914 Cubum
533 1892 594 1924 per
612 1880 676 1914 hos
703 1881 788 1914 alios
806 1880 893 1914 duos
911 1891 1071 1915 numeros
1092 1880 1211 1913 decem
1243 1881 1347 1914 millia
1374 1881 1536 1917 Quadra-

139 1942 211 1972 tum
226 1963 237 1979 ,
267 1942 304 1971 et
320 1938 458 1971 millena
478 1938 583 1971 millia
604 1938 738 1972 Cubum
760 1937 910 1980 explicat
926 1938 1030 1971 Plato
1043 1961 1053 1978 ‚
1084 1948 1171 1980 quos
1191 1938 1295 1971 etiam
1317 1939 1453 1971 ratione
1468 1938 1536 1972 iam

138 1994 234 2028 dicta
253 1994 340 2028 duas
369 1993 565 2029 harmonias
583 1999 770 2037 nuncupat.
800 1994 920 2028 harum
950 1999 1064 2027 autem
1082 2004 1187 2028 unam
1206 2005 1282 2028 esse
1304 1995 1389 2028 dixit
1408 2005 1539 2038 aequa-

138 2052 207 2086 lem
223 2052 426 2094 aequaliter,
444 2056 580 2086 centum
605 2052 747 2093 centies,
775 2052 885 2095 ipsum
903 2051 1037 2085 scilicet
1059 2051 1179 2084 decem
1200 2052 1302 2085 millia
1321 2052 1538 2088 Quadratum

138 2119 317 2143 numerum
348 2107 529 2143 habentem
549 2110 659 2142 latera
691 2109 870 2151 aequalia,
902 2109 1026 2151 nempe
1056 2113 1194 2142 centum
1224 2109 1393 2142 unitatum
1417 2120 1536 2142 eorum

139 2165 417 2209 unumquodque.
447 2176 548 2208 quem
568 2167 687 2209 utique
704 2176 881 2199 numerum
897 2165 1113 2201 Quadratum
1131 2177 1199 2199 non
1215 2166 1386 2199 immerite»
1406 2177 1538 2209 aequa-

139 2223 207 2256 lem
238 2224 428 2265 aequaliter
457 2223 562 2264 dixit,
594 2223 757 2266 quoniam
777 2222 886 2256 omnis
904 2233 1065 2256 numerus
1087 2222 1287 2258 Quadratus
1302 2223 1454 2266 aequalis
1477 2233 1538 2256 ae-

140 2279 287 2322 qualiter
314 2280 357 2313 ab
374 2278 610 2314 Arithmeticis
636 2279 779 2320 dicitur;
810 2278 878 2313 hoc
905 2284 958 2312 est
984 2279 1026 2312 ab
1049 2280 1248 2322 aequalibus
1279 2281 1442 2313 lateribus
1466 2287 1537 2314 tum

140 2335 348 2380 productus,
377 2340 450 2369 tum
469 2341 661 2370 contentus.
718 2336 818 2370 Haec
838 2336 943 2379 igitur
970 2340 1023 2369 est
1038 2337 1148 2379 prima
1168 2336 1326 2370 Platonis
1346 2336 1537 2380 harmonia,

140 2403 205 2436 per
230 2393 327 2426 cuius
343 2394 599 2427 similitudinem
621 2394 802 2437 explicavit
821 2393 919 2426 nobis
940 2383 1084 2436 primam
1107 2393 1251 2427 duarum
1269 2393 1536 2436 harmoniarum,

142 2460 227 2492 quas
242 2450 469 2493 Sesquitertia
489 2451 589 2484 radix
615 2451 772 2493 quinario
802 2450 985 2493 coniugata
1004 2451 1147 2494 praebet
1167 2455 1220 2484 ter
1241 2455 1356 2485 aucta.
1413 2453 1537 2493 „Alte-

142 2517 220 2540 ram
237 2508 318 2540 vero
333 2508 491 2552 aequalis
508 2508 645 2552 quidem
664 2507 908 2552 longitudinis,
940 2507 1001 2541 sed
1021 2508 1277 2553 praelongiori,
1307 2513 1439 2542 centnm
1459 2508 1537 2553 qui-

143 2563 222 2597 dem
247 2575 466 2599 numerorum
492 2576 534 2598 ez·
563 2565 744 2599 diametris
770 2565 964 2610 effabilibus
994 2565 1164 2609 quinariis
1199 2565 1441 2610 indigentibus
1469 2577 1537 2599 uno

142 2621 309 2665 singuli&
325 2621 459 2655 duabus
475 2626 591 2656 autem
611 2621 869 2666 ineffabilibus,·
899 2626 1031 2656 centum
1048 2623 1128 2655 vero
1152 2622 1313 2656 cuborum
1329 2623 1537 2658 trinitatis.“

142 2677 338 2711 Secundam
357 2688 400 2711 ex
425 2679 493 2711 iam
522 2678 623 2712 dictis
641 2679 773 2712 duabus
790 2689 1010 2712 numerorum
1033 2678 1153 2712 decem
1182 2680 1307 2722 millia,
1338 2684 1372 2713 et
1398 2680 1537 2713 millena

143 2733 246 2767 millia
263 2733 448 2768 harmoniis
463 2736 499 2768 in
519 2734 584 2768 hac
602 2739 701 2778 parte
719 2734 870 2779 divinus,
902 2735 1191 2778 admirandusque
1210 2736 1313 2770 Plato
1334 2737 1537 2779 quibusdam

144 2790 267 2831 verbi&
299 2792 450 2825 omnium
468 2793 563 2826 certe
586 2792 845 2825 Platonicorum
867 2792 1046 2826 verborum
1066 2793 1316 2826 obscurissimis
1332 2794 1537 2827 circunscri-

145 2848 205 2882 bit.
233 2846 324 2882 hanc
352 2852 467 2883 autem
491 2848 702 2884 harmoniam
728 2848 838 2892 inquit
862 2859 938 2884 esse
964 2850 1119 2894 aequalis
1146 2849 1283 2893 quidem
1305 2850 1539 2894 longitudinis,
