1764 3176
471 157 796 199 CIVITAS
847 158 966 199 LlB.
1007 158 1137 201 VIIII.
1168 164 1236 199 573

1465 165 1548 204 115

162 279 391 336 ἐμποιῆσαι
432 279 680 337 προστάτην
717 284 805 323 τῶν
846 279 995 335 ἀργῶν
1032 281 1105 324 καὶ
1135 281 1188 323 τοὶ
1223 280 1373 335 ἕτοιμα
1404 283 1544 326 διανε-

160 347 363 403 μομένων
393 347 652 404 ἐπιθυμιῶν,
678 348 927 402 ὑπόπτερον
957 348 1030 390 καὶ
1059 348 1194 404 μέγαν
1225 348 1403 404 κηφῆνά
1432 367 1543 393 τινα.
1570 358 1636 392 573

160 415 189 470 ἢ
217 415 259 457 τί
295 415 401 458 ἄλλο
441 417 522 458 οἴει
561 415 672 459 εἶναι
701 416 779 460 τὸν
808 420 898 459 τῶν
933 415 1146 458 τοιούτων
1186 415 1347 469 ἔρωτα,-

1403 416 1546 461 Οὐδὲν

163 482 308 536 ἔγωγε,
329 478 358 538 ἦ
388 480 433 526 δ’
457 482 518 534 ὃς,
545 483 642 527 ἀλλ’
662 484 692 539 ἢ
721 476 865 528 τοῦτο.
910 482 1090 527 Ου’κοῦν
1117 482 1225 533 ὅταν
1257 482 1310 540 δὴ
1341 485 1439 538 περὶ
1472 485 1548 529 αὖ·
1566 539 1575 542 μ

162 550 240 594 τὸν
257 553 510 606 βομβοῦσαι
534 553 578 595 αἱ
602 550 727 596 ἄλλαι
749 553 991 607 ἐπιθυμίαι,
1015 549 1307 606 θυμιαμάτων
1327 568 1371 595 τε
1391 553 1547 608 γέμου-

161 630 234 661 σαι
262 618 334 661 καὶ
363 618 519 675 μύρων
548 620 621 663 καὶ
652 620 882 676 στεφάνων
913 621 984 663 καὶ
1016 620 1151 662 οἴνων
1173 619 1356 662 καὶτῶν
1380 621 1426 663 ἐν
1452 627 1547 672 ταῖς

161 685 383 739 τοιαύταις
413 689 666 739 συνουσίαις
695 689 873 745 ἡδονῶν
907 686 1156 743 ἀνειμένων,
1188 686 1252 730 ἐπὶ
1284 685 1333 730 τὸ
1366 687 1547 743 ἔσχατον

163 867 237 889 eum
260 857 485 892 bombicantcs
516 864 579 892 etc.
628 858 698 892 Sed
723 858 823 891 alteri

163 902 354 947 particulae
383 903 642 948 significationi,
678 916 745 949 qua
777 904 824 937 si-

164 949 234 982 cuti
265 949 461 983 Latinorum
495 952 567 983 iam
599 950 824 984 continuatio—

163 1007 240 1028 nem
261 995 400 1037 indicat,
424 997 655 1042 praepositum
683 994 823 1030 ουκοῦν

163 1052 227 1074 ιιοιι
247 1041 295 1075 ita
311 1043 516 1085 refragatur,
536 1048 574 1076 ut
592 1043 673 1076 ferri
694 1048 825 1076 utrum-

163 1099 229 1130 que
263 1095 421 1133 nequeat.
468 1089 572 1121 Immo
605 1089 741 1122 inducto
777 1086 822 1132 δὴ

162 1133 291 1177 aliquid
325 1135 367 1167 ad
397 1135 628 1178 integritatem
662 1135 824 1168 orationis

162 1179 350 1212 desiderari
375 1181 495 1225 possit.
543 1181 619 1215 Nec
651 1192 716 1214 non
742 1181 825 1214 niul-

161 1230 198 1258 to
233 1226 367 1259 facilius
401 1227 434 1260 id
471 1227 698 1270 praetermitti
731 1239 750 1259 a
786 1227 826 1259 li-

162 1271 275 1304 brario
298 1272 422 1317 potuit,
445 1276 484 1306 ut
507 1273 547 1305 L.
561 1272 620 1307 VI'.
647 1272 768 1316 p.484.
784 1273 824 1307 O.

112 1351 113 1354 ,
162 1318 288 1350 factum
312 1318 469 1359 vidimus,
492 1329 590 1363 quam
615 1318 824 1362 interpolari.

160 1363 316 1408 Denique
348 1375 414 1397 non
445 1366 574 1398 frustra
597 1364 697 1398 Vind.
725 1365 765 1397 E.
790 1369 826 1398 et

161 1409 256 1442 Flor.
276 1410 318 1443 V.
344 1411 386 1443 ab
405 1411 529 1454 optimo
554 1410 671 1444 codice
695 1410 825 1443 dissen-

159 1455 226 1488 tire
259 1454 474 1492 videbantur.

162 1499 208 1545 δὴ
237 1501 371 1535 retinui.

207 1546 432 1628 βοὶιῧβοῦσαι]
457 1547 664 1594 βομβεῦσαι
686 1548 823 1582 Par.K.

161 1605 219 1627 sec
286 1605 295 1625 1

106 1658 110 1659 ν
208 1638 262 1684 αἱ]
287 1605 350 1673 upa).
375 1639 460 1673 Lob
485 1639 584 1674 Vind.
608 1640 651 1672 F.
676 1640 823 1674 Mon.B.

162 1686 242 1720 Vat.
268 1687 308 1719 Β.
336 1687 420 1719 Ven.
446 1685 487 1718 C.
523 1685 600 1719 Par.
627 1686 702 1719 DK.
729 1687 823 1720 Flor.

161 1730 241 1767 TU.
265 1730 329 1765 καὶ
353 1731 394 1765 αἱ
418 1732 556 1764 Ven.B.
582 1732 669 1775 Ang.
682 1732 721 1765 Β.
743 1732 823 1766 Vat.

162 1780 210 1813 M.
245 1790 319 1811 cum
352 1777 463 1811 editis.
514 1778 570 1810 Cf.
607 1778 682 1810 Vol.
707 1778 755 1812 ΙΙ.
789 1789 822 1822 p.

161 1827 241 1866 322,
263 1825 297 1857 b.
345 1823 590 1857 Stallbaumius
615 1823 650 1856 in
674 1835 741 1856 sec.
768 1835 824 1857 so·-

162 1872 229 1904 lum
251 1870 314 1904 καὶ
336 1869 444 1913 magis
467 1870 592 1912 probat
615 1873 649 1902 et
668 1869 822 1902 Ficinum

161 1927 297 1962 quoque
320 1915 499 1949 articulum
520 1926 584 1947 non
604 1915 726 1959 legisse
751 1916 823 1959 opi-

162 1968 275 2004 natur,
299 1973 401 2007 quum
424 1961 633 2004 cupiditates
650 1963 742 1994 aliae
761 1973 823 2005 po-

161 2009 281 2043 suerit.
330 2009 412 2041 Sine
444 2006 587 2040 articulo
620 2007 824 2052 cupiditates

161 2055 340 2098 utriusque
359 2053 506 2098 generiS,
524 2053 738 2087 necessariae
760 2064 822 2107 pa—

161 2102 246 2135 riter
259 2105 363 2145 atque
381 2111 446 2133 non
467 2099 697 2140 necessariae,
717 2099 821 2143 signi-

161 2147 260 2181 ficari
291 2146 497 2179 viderentur.
555 2145 608 2179 De
631 2145 752 2179 Ficino
777 2147 820 2180 cf.

163 2193 239 2228 Vol.
257 2192 285 2226 I.
309 2203 342 2236 p.
362 2193 419 2232 66,
441 2202 472 2224 a.

206 2234 476 2280 θυμιαμάτων]
513 2235 710 2280 θυμιάτων
742 2238 824 2273 Par.

161 2284 203 2319 D.
227 2283 302 2317 Ald.
326 2284 490 2317 Bassab.

207 2330 268 2374 τε]
305 2341 370 2363 om.
402 2328 503 2362 Vind.
528 2329 634 2363 BEF.
668 2331 754 2363 Ven.
781 2330 822 2363 B.

161 2376 242 2410 Par.
274 2375 318 2408 K.
350 2377 435 2418 Ang.
468 2375 509 2407 B.
546 2375 623 2409 Vat.
648 2375 693 2409 H.
727 2376 821 2409 Flor.

161 2422 332 2456 ACRTV.
362 2420 483 2454 Stallb.
502 2432 554 2465 pr.

208 2466 434 2510 συνουσίαις]
453 2466 651 2506 συνουσίας
676 2468 758 2500 Ven.
781 2467 822 2500 C.

163 2513 351 2551 συννοίαις
375 2512 460 2545 Lob.
486 2513 565 2546 vat.
588 2513 638 2547 M.

209 2556 438 2602 ἄνειμένων,]
461 2558 499 2592 Ιιι
523 2558 723 2597 editionibus
743 2564 823 2593 ante

162 2607 356 2640 Bekkerum
386 2609 466 2658 post
496 2602 660 2660 ἔσχατον,
683 2605 718 2638 in
742 2605 824 2639 Ste-

162 2652 333 2697 phaniana
357 2650 460 2683 etiam
483 2655 561 2696 post
590 2647 742 2695 ἡδονῶν
772 2651 826 2684 in-

163 2698 270 2732 cisum
300 2700 363 2731 est.
412 2695 486 2730 Nec
519 2697 668 2730 dubitari
701 2699 827 2752 potest,

162 2744 245 2799 quin
263 2741 401 2787 ἡδοναὶ
422 2739 481 2776 ἐπὶ
497 2740 539 2776 τὸ
563 2740 714 2786 ἔσχατον
729 2739 825 2776 ἄνει-

161 2787 269 2833 μέναι
291 2789 378 2822 haud
395 2788 501 2821 minus
523 2789 693 2822 commode
711 2789 826 2821 dican-

161 2841 230 2878 tur,
255 2847 353 2882 quam
371 2832 567 2877 ἐπιθυμίαι
585 2831 646 2868 ἐπὶ
662 2830 705 2868 τὸ
724 2832 826 2878 ἔσχα

540 1456 606 1490 Ηί5
628 1456 671 1490 de
696 1457 825 1490 caussis

879 869 945 892 τον
964 852 1147 898 αυξουσαι
1167 854 1235 890 τὸν
1255 856 1417 907 κηφῆνα.
1449 856 1501 889 Ac
1519 856 1548 889 si

879 902 1055 947 γέμουσαι
1075 903 1149 936 τῶν
1170 899 1320 946 ἡδονῶν
1343 900 1547 957 ανειμένων

880 951 930 984 ita
955 950 1063 1004 accipi
1089 950 1225 990 debeat,
1257 952 1296 981 ut
1320 946 1369 982 τὰ
1400 945 1546 991 χρώμα-

880 1008 927 1029 τα
951 993 1153 1039 μελάντερα
1179 992 1322 1038 ἔχουσιν
1341 1001 1376 1027 et
1400 995 1480 1035 alia,
1505 995 1548 1027 de

880 1042 1001 1086 quibus
1022 1042 1063 1074 cf.
1085 1041 1254 1074 Matthiae
1272 1041 1546 1085 ‹nan1n1.p.562.

881 1100 956 1132 sqq.
949 1114 969 1129 .‚
997 1087 1098 1121 etiam
1124 1067 1331 1131 probabilior
1356 1086 1415 1119 iila
1439 1087 1547 1119 iuter-

881 1134 1019 1188 punctio
1036 1133 1179 1165 videtur.
1205 1133 1322 1165 Solum
1339 1132 1424 1166 enim
1447 1143 1548 1165 ανξι-

880 1177 1001 1222 μένων
1035 1178 1179 1212 debilius
1213 1183 1284 1220 est,
1319 1189 1420 1232 quam
1456 1178 1548 1222 quod

880 1232 950 1259 tam
983 1226 1082 1267 longe
1114 1236 1132 1257 a
1159 1225 1264 1257 verbo
1290 1221 1469 1267 γέμουσαι
1494 1224 1547 1257 di-

883 1277 977 1305 stans
1002 1269 1126 1314 integri
1149 1271 1291 1304 membri
1315 1270 1425 1303 instar
1443 1271 1548 1303 habe-

882 1318 911 1350 ri
948 1318 1076 1375 possit
1113 1317 1270 1349 Attamen
1303 1315 1442 1349 remotis
1467 1328 1549 1349 vei-

881 1363 933 1396 bis
959 1360 1019 1396 ἐπὶ
1038 1360 1080 1397 τὸ
1107 1359 1260 1405 ἔσχατον
1279 1362 1459 1407 sequentia
1479 1358 1547 1396 αὕ-

881 1409 1012 1451 ξουσαί
1035 1420 1074 1442 τε
1095 1408 1157 1442 καὶ
1176 1406 1383 1451 τρέφουσαι
1408 1408 1548 1441 indeco-

880 1467 918 1488 ιε
950 1456 1122 1488 nudantur
1167 1459 1202 1487 et
1234 1454 1408 1487 admodum
1446 1454 1549 1488 exilia

880 1502 979 1535 fiunt.
1025 1502 1148 1545 Itaque
1172 1500 1323 1534 Bekkeri
1355 1499 1547 1533 distinctio-

880 1559 976 1589 nem,
1009 1559 1097 1592 quae
1133 1547 1251 1580 eadem
1282 1547 1317 1580 in
1342 1546 1436 1580 Mon.
1460 1547 1500 1581 Β.
1527 1557 1548 1580 a

881 1605 923 1627 m.
949 1605 976 1626 5.
1006 1593 1161 1626 instituta
1193 1595 1268 1632 est,
1307 1603 1453 1635 sequor,
1487 1592 1548 1626 sed

881 1636 1085 1682 ἀνειμένων
1109 1639 1157 1672 ita
1182 1639 1224 1670 ad
1247 1636 1399 1681 ἡδονῶν
1422 1638 1549 1679 refero,

881 1685 1160 1729 quemadmodum
1195 1684 1286 1717 θεῖα
1321 1684 1363 1717 ad
1401 1681 1548 1726 φαντά-

881 1741 1003 1773 σματα
1025 1730 1098 1763 Vol.
1109 1730 1155 1763 ΙΙ.
1183 1741 1217 1773 p.
1236 1731 1316 1770 319,
1331 1730 1363 1762 b.
1389 1735 1427 1762 ut
1452 1730 1548 1774 cupi·

880 1777 1004 1809 ditates
1046 1776 1136 1809 istae
1167 1775 1290 1820 plenae
1325 1787 1399 1808 esse
1443 1780 1548 1820 atque

878 1822 997 1856 satiari
1021 1822 1178 1855 dicantur
1197 1821 1442 1866 voluptatibus,
1461 1833 1547 1865 qua-

881 1868 930 1901 les
962 1869 994 1901 in
1028 1867 1188 1901 eiusmodi
1221 1867 1387 1900 conviviis
1412 1868 1546 1900 obtine-

881 1918 958 1954 ant,
982 1914 1153 1947 dissolutis
1179 1917 1214 1946 et
1238 1913 1367 1954 effusis,
1391 1925 1457 1947 von
1479 1914 1547 1947 den

879 1962 916 1994 in
950 1941 1091 1994 ysolchen
1128 1960 1404 2002 Gesellschasten
1449 1960 1546 1993 herr-

879 2007 1048 2041 schenden
1067 2008 1337 2062 ausgelassenen
1358 2006 1499 2040 Lu'sten.

927 2049 985 2086 ἐπι
1006 2050 1049 2087 τὸ
1071 2049 1226 2096 ἔσχατον
1249 2071 1296 2076 -
1316 2051 1368 2097 τῷ
1389 2052 1545 2096 κηφῆνι]

879 2104 1053 2144 coaugent
1067 2110 1208 2142 prorsus
1222 2099 1388 2142 alantque
1407 2099 1546 2132 deside-

879 2157 969 2179 rrum
997 2146 1106 2186 illud,
1137 2151 1242 2188 atque
1271 2145 1325 2177 ita
1345 2146 1432 2186 fuco
1463 2155 1546 2177 acu-

881 2194 969 2225 leum
992 2192 1128 2225 addunt
1146 2191 1222 2224 Fic.
1260 2190 1349 2223 Hinc
1373 2190 1490 2223 Astius
1511 2190 1546 2224 in

880 2249 932 2281 pr.
952 2243 988 2271 et
1007 2249 1075 2271 sec.
1093 2234 1223 2271 πόθου
1244 2234 1399 2279 κέντρον
1421 2236 1456 2269 in
1477 2232 1546 2270 πό-

879 2285 978 2327 θον,
1013 2281 1167 2327 κέντρον
1200 2283 1365 2322 mutavit,
1396 2282 1430 2315 in
1464 2285 1546 2317 tert.

880 2330 1075 2363 mutandum
1109 2329 1275 2366 coniecit·
1300 2338 1378 2360 nam
1402 2327 1545 2372 partici-

880 2376 936 2421 pia
968 2372 1153 2418 αὔξουσαι
1183 2377 1218 2407 et
1248 2371 1462 2427 τρέφουσαι
1488 2385 1545 2407 ac-

878 2422 1066 2455 cusativum
1091 2420 1283 2466 postulare,
1315 2419 1373 2462 qui
1399 2419 1464 2454 etsi
1491 2431 1546 2452 re-

905 2468 953 2501 eti
984 2468 1093 2512 possit
1133 2477 1175 2500 ex
1208 2466 1433 2499 antecedente
1476 2463 1546 2500 τὸν

879 2513 1020 2557 ἔρωτα,
1053 2517 1165 2547 tamen
1201 2523 1333 2545 sensum
1368 2511 1546 2546 obscurari

879 2559 1124 2615 quodammodo
1158 2570 1198 2591 eo
1230 2557 1375 2599 omisso,
1403 2561 1438 2591 et
1474 2555 1546 2591 πό·-

878 2607 954 2639 θον
972 2617 1033 2639 seu
1054 2602 1173 2649 ἔρωτα
1191 2604 1257 2637 iam
1277 2604 1389 2637 inesse
1403 2604 1438 2637 in
1453 2605 1544 2646 fuco,

881 2652 954 2685 aliis
1001 2662 1083 2684 vero
1126 2649 1372 2694 cupiditatibus
1412 2649 1545 2682 inflam-

881 2697 1050 2731 mantibus
1084 2695 1239 2739 κέντρον
1272 2707 1347 2729 eum
1388 2695 1546 2739 accipere

880 2743 958 2777 dici.
983 2743 1059 2786 Ego
1084 2742 1165 2787 quid
1182 2741 1265 2775 illud
1290 2752 1366 2774 esse
1387 2743 1545 2781 statuam,

880 2789 970 2834 quod
1004 2794 1171 2832 augeatur
1203 2793 1239 2821 et
1272 2787 1463 2828 nutriatur,
1489 2797 1544 2819 su·

880 2846 944 2879 pra
968 2835 1110 2877 ostendi,
1134 2845 1244 2879 neque
1267 2834 1444 2867 obscurum
1462 2835 1544 2877 puto

1200 2892 1303 2933 H2
