1764 3176
208 487 275 524 547

218 2106 286 2197 55⁴7
355 2155 468 2203 υμῖν]
509 2154 600 2203 ἡμῖν

296 107 352 148 18
743 102 1222 145 PLATONIS

296 229 385 264 τες,
416 210 523 266 παρ’
554 212 734 258 ἔλαττον
759 218 842 258 τοῦ
873 214 1050 265 δέοντος
1078 211 1347 269 ἡγησάμενοι
1373 211 1426 255 τοὶ
1454 216 1681 270 μουσικῆς,

297 280 506 336 δεύτερον
546 282 593 325 δὲ
631 280 684 325 τά
723 286 1040 339 γυμναστικῆς·
1084 280 1193 324 ὅθεν
1233 279 1520 335 ἀμουσότεροι
1553 278 1682 337 γενή-

298 360 452 392 σονται
481 347 590 403 ὑμῖν
617 351 663 393 οῖ
691 350 793 394 νέοι.
855 350 904 393 ἐκ
943 350 989 394 δὲ
1025 348 1196 392 τούτων
1235 346 1443 403 ἄρχοντες
1481 347 1535 391 οὐ
1563 348 1683 392 πάνυ

299 416 538 471 φυλακικοὶ
578 417 922 475 καταστήσονται
961 416 1071 472 πρὸς
1109 414 1158 458 τὸ
1189 413 1437 470 δοκιμάζειν
1465 415 1519 459 τὰ
1543 416 1684 460 ‘How'-

301 486 385 527 δου
423 500 468 528 τε
499 485 572 528 καὶ
608 484 661 528 τὰ
699 484 808 541 παρ’
839 484 947 541 ὑμῖν
976 484 1101 539 γε’νη,
1144 486 1338 538 χρυσοῦν
1367 499 1411 525 τε
1441 484 1513 526 καὶ
1544 482 1683 540 οὲργυ-

300 554 414 605 ροῦν
441 552 516 594 καὶ
543 557 736 608 χαλκοῦν
775 556 848 596 καὶ
886 555 1114 608 σιδηροῦν.
1157 549 1273 606 ὁμοῦ
1305 551 1351 594 δὲ
1381 552 1582 607 μιγέντος
1612 564 1684 596 σι-

299 617 442 675 δήρου
473 617 653 678 αργύρῳ
693 621 766 664 καὶ
805 624 972 676 χαλκοῦ
998 623 1144 676 χρυσιό
1175 616 1438 674 ἀνομοιότης
1467 618 1684 677 ἐγγενήσε-

298 703 370 730 ται
400 687 473 730 καὶ
513 686 740 744 ἀνωμαλία
782 687 1144 745 α’νάρμοστος,α
1174 685 1412 742 γενόμενα,
1445 689 1498 731 οὐ
1531 705 1586 732 αν
1615 689 1683 745 ἐγ-

297 753 495 811 γένηται,
529 754 597 799 ἀεὶ
626 758 758 799 τίκτει
789 755 982 812 πόλεμον
1007 757 1077 800 καὶ
1107 755 1283 809 εᾛχθραν
1323 753 1486 811 ταύτης
1515 772 1582 799 τοι
1609 772 1682 811 γε-

297 826 399 873 νεᾶς
437 821 518 878 χρὴ
559 822 700 878 φάναι
739 821 853 867 εἶναι
892 824 1068 876 στάσιν,
1109 821 1224 865 ὅπου
1265 820 1321 865 ἂν
1359 824 1560 878 γίγνηται
1598 820 1682 867 ἀεί.

298 891 385 933 Καὶ
417 889 566 944 ὀρθῶς
594 889 653 947 γ’,
684 891 789 948 ἔφη,
821 890 954 943 αὐτας
983 890 1300 946 ἀποκρίνεσθαι
1327 888 1534 947 φήσομεν.
1595 892 1685 935 Καὶ

299 1012 499 1056 μουσικῆς,
543 1010 595 1054 τός
641 1012 758 1054 αὐτός
805 1025 897 1059 φησι
941 1011 960 1048 ὁ
1020 1026 1054 1059 p.
1079 1014 1159 1048 462.
1182 1014 1224 1047 C.
1259 1018 1295 1048 et
1327 1014 1386 1059 qui
1423 1015 1596 1060 proximus
1632 1016 1683 1051 illi

298 1059 376 1091 τῶν
401 1060 568 1093 Μουσῶν
594 1059 694 1104 ιερὸς
723 1060 850 1116 λόγος,
887 1061 962 1094 τῶν
1021 1065 1074 1094 est
1116 1072 1150 1104 p.
1183 1059 1248 1093 ead
1295 1060 1337 1095 C.
1371 1071 1471 1104 quem
1501 1063 1618 1097 Astius
1648 1063 1683 1096 in

300 1101 507 1159 ἀρχόντων
513 1104 575 1139 διὰ
595 1108 774 1161 μουσικῆς
791 1105 964 1151 αμέλειαν
1020 1106 1128 1140 animo
1152 1105 1310 1139 habuisse
1334 1105 1490 1148 videtur,
1523 1109 1565 1141 ad
1589 1108 1682 1143 Tun.

300 1147 499 1192 dvaglcov'
487 1147 607 1186 όντων
628 1151 812 1198 πατέρων.
833 1154 964 1194 Quam-
1020 1164 1054 1198 p.
1080 1153 1135 1186 57.
1164 1152 1205 1185 Ε.
1232 1152 1430 1186 referendus
1455 1158 1519 1187 est.

299 1208 401 1241 quam
450 1197 549 1232 Plato
593 1199 766 1232 Musarum
814 1204 964 1233 contem-
1067 1197 1112 1232 οὐ
1140 1193 1186 1230 ἂν
1212 1195 1430 1244 ἐγγένηται]
1457 1224 1555 1234 .....
1579 1197 1682 1244 γένη·

299 1246 395 1286 ptum
420 1244 463 1276 ab
489 1255 605 1278 eorum
628 1245 854 1288 indignitate,
899 1257 964 1279 non
1020 1255 1083 1277 ται
1129 1244 1230 1279 Vind.
1279 1244 1319 1277 F.
1364 1244 1408 1278 οὑ
1454 1241 1502 1278 ἂν
1513 1245 1684 1301 γίνηται

300 1287 540 1332 indignitatem
583 1302 604 1324 a
656 1294 852 1336 contemptu
907 1303 964 1325 re·
1020 1290 1106 1333 Ang.
1145 1290 1184 1323 Β
1219 1289 1260 1322 In
1291 1290 1383 1324 Flor.
1425 1291 1469 1324 R.
1507 1287 1606 1326 ὅπου
1636 1287 1684 1325 ἂν

300 1333 400 1378 petit.
1020 1335 1300 1391 superscriptum.

347 1375 443 1422 παρ’
479 1377 660 1425 ε’λαττον]
703 1379 834 1425 παρέλ.
877 1382 963 1415 Lob.
1066 1381 1191 1425 τίκτει]
1218 1378 1369 1414 ἐντίκτει
1396 1381 1445 1424 (V
1449 1393 1500 1415 en
1520 1382 1580 1427 Β.)
1607 1382 1682 1416 Ald.

303 1424 403 1460 Vind.
428 1425 503 1459 EF.
1019 1428 1100 1460 Bas.
1136 1427 1190 1461 ab.
1234 1427 1357 1471 steph.
1399 1430 1472 1462 Ast.
1517 1429 1685 1471 (pariunt

301 1467 454 1552 vsiff‘ssl
476 1468 565 1551 ⁷²5ss
589 1472 668 1552 ¹33²?
679 1472 862 1553 ἔζωῨἮτᾱ
883 1473 962 1552 ΒΒΞ

301 1562 335 1595 b.
372 1563 446 1595 Ast.
472 1575 525 1607 pr.
559 1576 624 1597 om.
648 1564 724 1597 Fic.
759 1565 844 1598 Illud
876 1561 966 1608 ἡμῖν

301 1619 368 1687 Ξῖἒῑ
382 1605 967 1699 ”⁸3{{‡10⁰“ffi.0233⁶‘¹02.585222

301 1701 495 1744 γίγνεσθαι
533 1702 632 1735 valde
667 1702 824 1747 quaesita
846 1708 882 1736 et
905 1704 969 1737 fri-

302 1746 383 1790 gida
417 1746 659 1799 Musarumque
694 1759 848 1781 sermone
872 1748 969 1782 mini-

302 1803 355 1825 me
399 1791 499 1835 digna
533 1801 644 1826 esset:
678 1791 852 1833 ,Μούσαις
888 1806 968 1828 vero

303 1847 470 1880 αμουσον
509 1839 700 1883 γίγνεσθαι
744 1841 834 1873 nullo
871 1841 968 1874 modo

303 1883 482 1917 tolerabile
512 1888 576 1918 est.
625 1885 747 1930 Itaque
784 1891 822 1919 ut
856 1887 969 1930 paullo

302 1934 384 1974 post
419 1929 453 1962 in
494 1930 703 1973 deteriores,
755 1930 805 1965 ita
840 1933 894 1965 hic
936 1932 970 1966 in

304 1975 465 2020 optimum
507 1976 657 2010 codicem
704 1973 794 2020 ἡμῖν
840 1978 971 2011 librarii

305 2032 420 2055 errore
465 2022 568 2056 facile
612 2023 804 2057 excusando
841 2023 971 2057 illatum

308 2067 455 2100 videtur.

351 2108 552 2167 Ησιόδου]
589 2110 662 2158 ἕργ.
699 2116 777 2151 109.
801 2126 876 2160 sqq.

646 2160 747 2195 Vind.
779 2161 823 2195 E.
845 2161 970 2216 (Ven.

311 2204 373 2248 Β.)
399 2205 492 2238 F.lor
520 2205 627 2241 ACT.
653 2209 707 2249 et,
730 2218 805 2251 sup.
830 2219 867 2248 υ,
892 2208 971 2241 vat.

306 2250 351 2284 H.
390 2250 470 2284 item
505 2251 692 2343 editionesp
717 2257 796 2286 ante
832 2254 970 2287 Bekke-

306 2307 390 2330 rum.
437 2297 493 2331 Cf.
517 2297 556 2330 L.
581 2298 645 2333 ΙΙΙ.
729 2298 809 2333 415.
838 2301 879 2332 A
904 2300 945 2332 Β.

308 2339 530 2422 Votdfipov]
566 2344 722 2388 σιδηροῦ
760 2345 858 2378 Vind.
891 2345 968 2380 ΒΕ.

342 2393 379 2420 at

357 2430 528 2479 ἀργύρῳ]
589 2432 738 2481 ἄργυρω
785 2436 888 2470 iidem
934 2442 969 2470 et

313 2480 399 2513 V.en
422 2480 462 2513 B.
486 2481 578 2513 Flor.
603 2484 675 2516 AC.
701 2489 846 2516 etam.
873 2495 899 2516 5.
926 2483 967 2516 R.

313 2520 479 2579 ἀργύρου
513 2526 598 2561 Lob.
624 2528 722 2562 Vind.
747 2529 787 2562 F.
815 2530 891 2563 vat.
919 2529 966 2562 M.

312 2567 479 2625 ἄργυρον
502 2572 587 2625 Ang
616 2574 656 2607 B.

354 2613 598 2667 ἀνομοιότης]
610 2617 856 2663 α’νομοιότους
866 2620 897 2655 V
898 2619 967 2653 ind.

312 2662 356 2696 E.
393 2682 438 2688 —
473 2664 584 2703 Quem
615 2666 731 2700 Astius
772 2666 806 2699 in
850 2677 969 2699 comm.

311 2708 377 2742 huc
408 2710 518 2743 refert
548 2710 723 2745 Plutarchi
754 2711 861 2746 locum
885 2723 968 2744 mor.

311 2764 344 2799 p.
371 2755 450 2791 484.
461 2757 501 2790 Β.
526 2767 591 2791 non
614 2757 698 2799 huc,
722 2758 782 2792 sed
805 2756 849 2793 ad
872 2757 911 2790 L.
927 2757 966 2791 V.

1020 1473 1115 1516 Fic.)
1133 1473 1365 1517 interpolatae
1388 1473 1424 1507 in
1447 1475 1561 1508 verbis
1583 1486 1685 1519 prae-

1020 1518 1199 1564 positionis
1241 1520 1396 1563 excmpla
1428 1519 1505 1553 vide
1550 1521 1624 1557 Vol.
1657 1521 1683 1555 Ι.

1023 1577 1056 1610 p.
1082 1565 1172 1606 435,
1198 1565 1231 1597 b.
1256 1566 1317 1598 inf.

1068 1611 1150 1654 τοι]
1187 1610 1254 1653 τῆς
1278 1611 1371 1644 Mon.
1398 1611 1439 1644 B.

1026 1656 1316 1735 Viffivegg]mglt¹a
1333 1656 1490 1736 1ξῆἷῖὃέ
1492 1656 1584 1736 liiii.
1596 1657 1684 1739 Ιῦἓξ.

1026 1748 1065 1780 C.
1091 1748 1177 1791 Ang.
1203 1749 1244 1782 B.
1267 1749 1299 1781 F
1304 1749 1362 1781 lor.
1379 1749 1456 1782 RU.
1481 1749 1585 1792 γενεῆ
1609 1749 1683 1783 Ald.

1024 1794 1127 1838 γενεῇ
1153 1795 1232 1827 Bas.
1259 1806 1291 1828 a.
1315 1795 1440 1838 γενεῆς
1469 1795 1594 1839 reliqui
1627 1807 1686 1829 co-

1026 1839 1118 1873 dices
1149 1844 1184 1872 et
1209 1839 1358 1874 editores
1382 1845 1519 1885 praeter
1541 1842 1685 1884 Astium,

1025 1886 1083 1930 qui
1118 1896 1219 1929 quum
1252 1886 1336 1919 haec
1372 1887 1479 1920 verba
1512 1887 1685 1922 exordium

1025 1942 1145 1964 versus
1176 1932 1301 1964 heroici
1332 1944 1407 1965 esse
1439 1933 1684 1977 suspicaretur,

1026 1977 1154 2020 γενεᾶς
1186 1988 1229 2009 ex
1260 1989 1325 2010 uno
1350 1978 1428 2011 Par.
1453 1978 1498 2011 K.
1532 1979 1687 2023 recipere

1027 2034 1092 2056 non
1118 2023 1277 2057 debebat.
1304 2026 1416 2068 Atque
1439 2027 1516 2056 sunt
1540 2024 1595 2057 illa
1612 2025 1685 2059 Ho

1028 2068 1156 2101 merica
1180 2080 1221 2101 ex
1244 2068 1285 2104 Il.
1311 2069 1389 2102 XX.
1407 2069 1486 2104 241.
1514 2070 1683 2113 (Aeneas.

1028 2111 1165 2168 ταύτης
1193 2125 1254 2147 τοι
1282 2115 1409 2162 γενεῆς
1434 2127 1472 2149 τε
1492 2115 1555 2150 καὶ
1576 2116 1684 2160 αι’μα-

1027 2171 1090 2200 τος
1115 2156 1266 2203 εὔχομαι
1297 2157 1423 2205 εἶναι)
1471 2162 1586 2196 Nihilo
1623 2163 1684 2196 mi-

1027 2217 1090 2239 nus
1126 2207 1259 2239 codices
1292 2218 1380 2240 nunc
1407 2208 1538 2241 Astium
1562 2212 1601 2242 ut
1630 2221 1686 2242 se-

1027 2263 1170 2306 qualnur
1194 2252 1345 2308 adigunt.
1375 2253 1428 2286 Cf.
1442 2254 1480 2286 L.
1492 2254 1580 2298 IIp
1583 2255 1685 2290 ..365

1028 2298 1075 2331 E:
1111 2295 1288 2341 εὐχωλαῖς
1316 2296 1486 2344 αγανῇσι.
1516 2266 1580 2354 IIII}
1604 2302 1684 2336 388.

1026 2344 1076 2376 B:
1100 2342 1387 2387 κυλινδούμενον
1414 2344 1509 2379 κατὰ
1531 2343 1685 2390 κόπρον.

1025 2391 1105 2424 389.
1125 2391 1175 2423 D:
1201 2389 1450 2434 δημιουργοὶ7
1440 2389 1530 2425 εἀσι.
1580 2394 1684 2426 Cete-

1026 2447 1099 2468 rum
1133 2436 1303 2470 Homerici
1335 2437 1398 2470 loci
1429 2438 1569 2472 Ficinus
1598 2450 1685 2483 quo·

1026 2493 1092 2526 que
1116 2481 1286 2516 immemor
1309 2483 1393 2516 haec
1416 2483 1466 2517 ita
1490 2485 1681 2528 pervertit:

1025 2539 1135 2572 genus
1178 2534 1295 2562 autem
1335 2529 1531 2564 huiusmodi
1573 2531 1682 2564 homi-

1024 2585 1106 2607 num
1130 2575 1319 2618 ubicunque
1344 2577 1446 2611 adest
1473 2588 1606 2621 semper
1629 2588 1683 2612 se-

1026 2621 1210 2654 ditionibus
1242 2622 1414 2665 agitatur.

1071 2664 1212 2711 φαναι]
1246 2667 1367 2710 φᾶναι
1389 2668 1488 2702 Vind.
1511 2669 1582 2702 BF.

1049 2712 1259 2794 1ὶγίγνηται]
1291 2713 1453 2757 γίγνεται
1490 2714 1565 2749 Ald.
1600 2714 1680 2749 Bas.

1027 2769 1047 2791 a
1074 2784 1082 2792 .
