1764 3176
282 109 367 148 292

738 106 1208 149 PLATONIS

219 220 258 261 D
283 216 451 272 κραθὲν
469 216 542 260 καὶ
553 215 664 274 μετὰ
681 218 809 269 ποίας
834 218 954 271 τινος
973 222 1113 274 ψυχῆς
1135 217 1259 269 ἕξεως
1281 216 1422 262 κακόν
1449 216 1477 273 ἢ
1494 216 1664 274 ἀγαθὸν

280 284 513 341 ἐργάζεται,
535 285 608 328 καὶ
628 287 669 328 τί
687 285 899 340 εὐγένειαι
920 286 990 328 καὶ
1012 284 1254 340 δυσγένειαι
1274 287 1347 329 καὶ
1364 288 1572 330 ἰδιωτεῖαι
1589 288 1663 331 καὶ

279 352 409 409 α’ρχαὶ
437 353 509 397 καὶ
541 352 684 409 ἰσχύες
709 354 780 398 καὶ
803 352 1022 397 ἀσθένειαι
1051 354 1124 396 καὶ
1155 353 1364 409 εὐμαθίαι
1394 355 1466 397 καὶ
1496 357 1661 411 δυσμα-

277 423 398 473 θίαι,
430 421 503 464 καὶ
533 421 677 464 πάντα
714 420 767 464 τα
796 425 977 464 τοιαῦτα
1006 425 1095 464 τῶν
1125 421 1258 476 φύσει
1288 423 1385 477 περὶ
1414 422 1560 479 ψυχήν
1590 422 1660 467 ὅν-

277 505 365 531 των
394 489 466 532 καὶ
495 493 584 531 τῶν
615 489 853 544 ἐπικτήτων
881 490 923 531 τί
953 490 1331 546 ξυγκεραννύμενα
1359 490 1470 545 πρὸς
1499 491 1660 548 ἄλληλα

280 554 523 611 ἐργάζεται,
547 555 665 599 ’ὥστε
696 557 737 608 ἐξ
768 555 974 599 ἁπάντων
1008 556 1154 600 αὐτῶν
1193 558 1386 602 δυνατόν
1417 556 1530 602 εἶναι
1559 564 1660 602 συλ-

270 623 568 679 λογισάμενον
598 626 833 678 αἱρεῖσθαι,
864 625 973 678 πρὸς
1003 624 1083 680 τὴν
1111 630 1186 681 τῆς
1215 631 1353 682 ψυχῆς
1383 625 1521 682 φύσιν
1551 625 1659 671 ἄπο-

215 697 249 738 Ε
282 692 519 748 βλέποντα,
553 691 630 736 τόν
659 708 703 735 τε
731 695 859 747 χείρω
890 693 963 735 καὶ
992 694 1068 735 τὸν
1098 692 1259 749 ἀμείνω
1289 697 1402 750 βίον,
1432 696 1559 751 χείρω
1582 696 1661 751 μὲν

275 765 496 805 καλοῦντα
535 759 584 811 ὃς
622 758 761 816 αὐτὴν
802 762 933 804 ἐκεῖσε
973 760 1087 814 ἄξει,
1131 760 1190 812 εἷς
1220 762 1267 806 τὸ
1300 761 1568 819 ἀδικωτέραν
1596 766 1660 820 γί-

275 834 480 884 γνεσθαι,
523 827 685 884 ἀμείνω
725 829 771 872 δὲ
811 829 928 879 ὅστις
974 829 1118 880 εἶς’τό
1162 830 1462 885 δικαιοτέραν,

992 897 1247 954 ἑωράκαμεν
1283 899 1390 956 γὰρ,
1433 898 1502 942 ὅτι
1531 901 1658 954 ζῶντί

275 896 385 940 ἄλλα
421 896 563 941 πάντα
599 898 764 952 χαίρειν
805 896 930 941 ἐάσει.

272 1076 519 1120 ξυντιθέμενα
546 1074 714 1122 οἷλλήλοις
745 1078 808 1113 καὶ
844 1080 936 1114 διαι-

270 1122 436 1167 ρούμενα
452 1125 492 1157 ad
511 1123 635 1158 πάντα
653 1123 700 1158 τὰ
720 1126 789 1159 νῦν
806 1125 850 1170 δὴ
873 1125 935 1170 ρη-

270 1168 392 1203 θέντα
414 1171 540 1203 referri
568 1171 683 1212 debet,
709 1173 850 1205 altexum
875 1185 937 1206 au-

273 1218 340 1249 tem
365 1215 427 1249 καὶ
456 1216 502 1249 illi
527 1217 576 1250 sic
601 1197 816 1261 respondeat,
841 1224 880 1251 ut
904 1220 936 1251 in

271 1262 431 1316 proximis
455 1262 502 1302 id,
528 1263 617 1307 quod
642 1264 846 1297 adjectivum
869 1276 935 1297 πο-

270 1305 387 1351 νηρὸν
422 1309 616 1352 praecedit,
649 1309 701 1349 ei,
733 1311 820 1353 quod
856 1317 937 1343 ante

270 1352 431 1397 χρηστὸν
456 1354 601 1398 positum
626 1367 662 1387 es
666 1358 689 1392 t
715 1355 856 1389 tertium
876 1368 938 1388 ve-

271 1411 309 1432 ro
344 1411 454 1444 neque
488 1412 524 1433 a>
511 1401 572 1433 sit
600 1412 662 1432 ne·
657 1413 710 1444 ’.ιε
734 1401 863 1444 uspiam
889 1402 939 1435 lo-

274 1457 348 1478 cum
373 1446 508 1486 habeat,
528 1446 608 1490 quia
628 1428 938 1490 α’ναλομζόμενον

270 1491 464 1525 necessario
499 1503 575 1524 cum
600 1492 790 1535 αἱρεῖσθαι
815 1494 939 1527 cohae-

270 1542 343 1578 ret,
387 1536 448 1571 καὶ
492 1535 632 1571 εἰδέναι
672 1538 854 1572 ῐειιεηόἴιηι
886 1540 937 1572 vi—

270 1584 381 1619 detur.

315 1649 480 1696 κραθέν]
508 1650 672 1695 κρασθὲν
695 1652 771 1687 Ald.
796 1654 876 1687 Bas.
905 1666 935 1687 a.

316 1719 454 1764 κακὸν]
492 1721 546 1757 Ita
570 1721 671 1754 Vind.
697 1720 736 1754 F.
771 1733 792 1755 a
816 1733 859 1756 ln.
885 1734 936 1767 pr.

270 1767 331 1801 sed
357 1772 550 1800 correctus:
575 1767 700 1799 κακῶν
718 1772 797 1800 ante
822 1781 912 1803 corr.

319 1855 502 1901 εὐμαθίαι
524 1856 588 1891 καὶ
618 1857 850 1902 δυσμαθίαι]
876 1856 936 1893 εὕ-

270 1902 429 1948 μάθειαι
452 1903 514 1937 καὶ
534 1903 761 1945 δυσμάθειαι
788 1906 878 1938 Mon.
896 1907 934 1939 Β.

269 1951 365 1984 Flor.
393 1951 468 1983 RU.
504 1947 685 1991 εὖμαθίαι
709 1949 771 1983 καὶ
794 1950 935 1993 δυσμα-

270 1997 373 2030 θειαι
410 1996 508 2030 vind.
533 1982 575 2029 F.
612 1993 797 2038 ευμοὶθεια
830 2009 934 2041 supra

270 2042 312 2076 L.
336 2043 395 2075 VI.
422 2053 454 2086 p.
478 2045 558 2076 494.
586 2042 624 2074 B.
650 2043 804 2082 oninium,
830 2043 872 2076 ib.
899 2055 932 2088 p.

270 2090 350 2124 490.
367 2088 406 2123 C.
422 2088 672 2132 plerorumque,
686 2089 933 2131 φιλομαθείας

269 2134 316 2168 ib.
352 2146 385 2178 p.
409 2135 490 2168 499.
512 2134 553 2166 Ε.
570 2135 750 2178 potiorum
782 2135 933 2168 codicum

269 2180 477 2213 auctoritate
519 2180 617 2213 firma
648 2180 747 2213 lectio
793 2183 933 2223 vulgata

271 2232 346 2266 est;
380 2226 533 2259 similiter
569 2223 801 2268 δυσμάθεια,
836 2225 934 2269 οἶμα-

271 2273 383 2313 θεια,
409 2269 647 2314 πολυμάθεια
679 2273 711 2304 in
737 2284 799 2305 usu
830 2273 936 2306 fuisse

272 2317 356 2351 satis
390 2324 537 2352 constat.
595 2317 666 2350 Sed
700 2319 797 2351 alte(
779 2330 841 2352 ins
865 2321 936 2352 for-

271 2375 346 2396 mae
380 2364 532 2418 exempla
567 2363 656 2396 haud
700 2365 808 2396 minus
841 2370 936 2398 certa

271 2413 369 2443 sunt.
395 2406 546 2451 οἷμαθια
570 2409 655 2448 Leg.
681 2409 718 2442 L
732 2410 842 2454 111.p.
857 2412 935 2445 683.

270 2455 315 2488 D.
341 2456 383 2487 V.
412 2454 491 2490 734.
522 2456 562 2489 Β.
596 2457 673 2490 737.
697 2456 737 2488 Β.
774 2456 833 2490 VI.
856 2457 934 2491 784.

272 2502 314 2534 C.
341 2501 493 2543 Ειιῐῑι)(1.
516 2513 549 2545 p.
570 2502 648 2536 286.
669 2501 709 2535 Ι).
734 2502 878 2536 Phaedr.
899 2515 931 2547 p.

269 2548 348 2582 235.
365 2546 407 2579 C.
435 2547 626 2589 δυσμαθία
651 2547 788 2582 Charin.
805 2560 840 2592 p.
857 2550 932 2583 159.

268 2593 313 2626 E.
340 2593 424 2636 Leg.
453 2593 491 2626 L.
511 2593 583 2625 vll.
611 2605 642 2634 p.
659 2595 737 2628 812.
752 2594 795 2628 E.
820 2595 931 2628 Defin.

270 2650 304 2683 p.
329 2639 407 2674 415.
432 2638 473 2671 E.
500 2636 666 2681 εῑῖμαθία
692 2640 828 2673 Charm.
855 2641 875 2673 l.
904 2653 933 2674 c.

270 2685 384 2728 Epist.
411 2684 489 2717 VII.
517 2696 548 2728 p.
568 2686 647 2718 344.
666 2686 707 2718 A.
737 2686 874 2722 Menon.
897 2699 931 2731 p.

269 2732 326 2766 88.
351 2731 392 2764 A.
426 2731 645 2772 πολυμαθία
678 2731 761 2775 Leg.
789 2732 828 2765 L.
853 2733 931 2766 VII.

270 2787 304 2821 p.
331 2778 408 2813 811.
437 2779 475 2810 A.
501 2777 541 2809 Β.
575 2777 653 2812 819.
679 2778 717 2810 A.
756 2783 792 2811 et
824 2779 931 2813 Alcib.

1511 832 1564 874 τὰ
1613 831 1660 874 δὲ

995 1080 1042 1114 ΙΙ.
1068 1092 1101 1126 p.
1117 1079 1192 1116 147.
1213 1082 1253 1114 Α.
1280 1081 1397 1114 Erast.
1425 1091 1458 1125 p.
1474 1082 1550 1116 133.
1561 1080 1602 1114 D.
1616 1080 1658 1113 E.

998 1129 1074 1162 139.
1094 1128 1133 1161 A.
1159 1127 1371 1171 φιλομαθία
1395 1127 1483 1160 Tim.
1509 1128 1606 1171 p.96.
1617 1127 1658 1159 Β.

995 1174 1118 1218 quibus
1135 1174 1283 1218 quinque
1307 1173 1386 1206 locis
1408 1173 1583 1206 Bekkerus
1607 1172 1659 1205 di-

995 1220 1203 1264 phthongum
1235 1220 1270 1253 in
1309 1219 1497 1264 penultima
1539 1223 1661 1252 contra

996 1266 1130 1298 codices
1155 1265 1308 1299 meliores
1332 1264 1483 1298 retinuit.

1040 1345 1214 1388 τοιαῦτα]
1241 1357 1306 1378 om.
1334 1345 1412 1378 Vat.
1437 1345 1476 1377 B.

1042 1412 1116 1458 καὶ]
1143 1412 1206 1446 καὶ
1229 1411 1325 1446 κατὰ
1350 1413 1429 1447 Bas.
1453 1414 1487 1446 b.

1042 1479 1376 1525 ξυγκεραννύμενα]
1393 1481 1489 1523 ξυνκ.
1506 1481 1605 1516 Vind.
1617 1482 1659 1518 F.

1042 1546 1148 1594 ὥστε]
1176 1547 1270 1584 ὥστ’
1295 1551 1395 1585 vind.
1420 1551 1459 1584 F.
1484 1551 1569 1596 Aug.
1593 1552 1636 1586 B.

1042 1616 1078 1661 ἐξ
1107 1617 1298 1663 ἁπάντων]
1322 1616 1423 1661 ἐξαπ.
1450 1619 1550 1653 Vind.
1575 1619 1619 1654 F.

1042 1685 1192 1743 αὐτῶν]
1209 1686 1329 1722 αὐτὸν
1355 1689 1432 1722 Vat.
1448 1688 1497 1721 M.
1523 1692 1560 1721 et
1584 1699 1659 1722 cum

996 1734 1025 1767 ὦ
1049 1746 1152 1779 snper
1178 1732 1196 1768 ὁ
1224 1735 1309 1768 Lob.
1337 1734 1413 1767 τῶν
1439 1745 1487 1768 ccv
1508 1735 1588 1768 Bas.
1603 1735 1634 1768 b.

1039 1801 1108 1837 τὸν
1133 1800 1284 1847 ἀμείνω]
1314 1801 1381 1837 τὸν
1405 1815 1471 1836 om.
1493 1803 1588 1837 Flor.
1613 1804 1657 1837 T.

993 1868 1039 1873 —
1070 1849 1229 1882 Ficinus:
1272 1855 1311 1883 ut
1343 1862 1383 1882 cx
1418 1850 1472 1882 his
1505 1851 1659 1883 omnibus

993 1896 1207 1939 singulorum
1234 1902 1365 1929 natura
1398 1897 1516 1929 valeat
1547 1897 1659 1929 consi-

992 1942 1140 1982 derare,
1173 1943 1219 1974 ad
1252 1944 1390 1975 animae
1413 1948 1577 1975 naturam
1602 1953 1658 1975 re-

992 1988 1149 2029 spiciens,
1176 1989 1345 2020 meliorem
1372 1989 1481 2020 vitam
1514 2000 1536 2020 a
1562 1989 1659 2021 dete-

990 2034 1074 2066 riori
1097 2034 1288 2067 dz'scernere
1312 2030 1425 2077 (ὥστε
1446 2053 1492 2058 -
1517 2030 1657 2076 α’μείνω

990 2078 1103 2123 βίον).

1037 2145 1164 2192 ἐκεῖσε]
1192 2146 1267 2182 ἐκεῖ
1292 2150 1368 2183 Vat.
1394 2149 1439 2182 H.
1463 2149 1559 2183 Flor.
1581 2149 1623 2184 A.

1040 2212 1153 2260 ἅξει,]
1181 2217 1319 2250 Comma
1344 2218 1431 2258 feci,
1464 2217 1546 2271 quia
1570 2229 1658 2262 quae

993 2268 1191 2307 sequnntur,
1218 2263 1269 2302 εἰς
1293 2262 1334 2298 τὸ
1359 2261 1589 2305 ἀδικωτέραν
1605 2264 1657 2307 γί-

992 2309 1353 2389 γνεξσςέδαιέρεχθςεεί
1377 2310 1575 2343 inserviunt.
1603 2310 1655 2343 Cf.

992 2366 1025 2399 p.
1123 2381 1130 2387 .
1189 2381 1196 2389 .

1040 2420 1079 2456 δὲ
1105 2419 1220 2467 ἄλλα]
1255 2420 1293 2457 δ’

1331 2419 1423 2457 ἄλλα
1460 2424 1556 2458 vind.
1582 2424 1656 2459 BE.

992 2469 1065 2503 Pal.
1091 2470 1131 2502 A.
1160 2470 1236 2503 Vat.
1258 2470 1303 2503 Η.
1460 2476 1463 2478 “

1036 2550 1176 2592 χαίρειν
1201 2547 1321 2594 ἐάσει]
1354 2551 1407 2584 Ita
1442 2552 1522 2585 Par.
1548 2551 1654 2585 ΑΒΚ.

992 2606 1059 2628 sec.
1087 2597 1194 2629 Bekk.
1233 2597 1328 2630 vind.
1359 2597 1461 2631 BEF.
1494 2597 1574 2631 Mon
1612 2599 1653 2631 B.

990 2641 1063 2675 Pal.
1087 2643 1127 2674 A.
1154 2643 1231 2677 Vat.
1260 2643 1302 2675 H.
1328 2643 1421 2676 Flos.
1445 2644 1649 2677 ACRTUV.

990 2699 1021 2730 χ.
1046 2684 1170 2722 ἐάσειν
1194 2688 1278 2721 Lob.
1314 2688 1389 2723 Vat.
1424 2690 1503 2723 ΒΜ.
1528 2702 1559 2732 χ.
1586 2687 1652 2735 ε’ᾇν

991 2735 1075 2767 Ven.
1092 2735 1130 2769 Β.
1156 2735 1292 2778 AngAE.
1319 2739 1354 2768 et
1376 2735 1551 2770 editiones.
1577 2736 1651 2779 (re-

990 2781 1086 2824 liqua
1108 2782 1205 2823 vero)
1230 2786 1425 2815 contemnat
1449 2782 1523 2816 Fic.
1558 2782 1651 2816 Ale-

1690 2153 1724 2193 Ε
