1764 3176
181 514 249 549 605
271 506 476 561 γίγνεται.

157 2794 225 2828 605

272 123 358 165 232

698 128 1171 175 PLATONIS

273 243 374 277 σιον
410 231 463 276 ὀν
501 231 568 277 ἀεὶ
608 235 715 280 αὐτὰ
748 238 889 297 αύτῳ,
928 241 1029 286 οὔτε
1059 242 1216 302 ῥᾴδιον
1246 244 1523 303 μιμήσασθαι
1554 248 1653 292 ούτε

272 299 545 384 μιμούμενον
582 301 757 358 εὐπετὲς
797 316 1092 365 καταμαθεῖν,
1135 311 1274 365 ἄλλως
1316 331 1362 358 τε
1409 316 1481 359 καὶ
1520 332 1654 374 πανη-

271 366 397 423 γύρει
435 369 509 411 καὶ
549 377 847 427 παντοδαποῖς
878 376 1131 434 ἀνθρώποις
1172 383 1232 433 εἰς
1262 382 1427 437 θέατρα
1458 385 1655 440 ξυλλεγο-

273 437 432 492 μένοις.
483 435 716 494 ἀλλοτρίου
752 444 837 500 γάρ
878 461 969 489 που
1008 447 1185 500 πάθους
1221 450 1247 506 ἡ
1287 452 1463 507 μίμησις
1505 452 1654 505 αὐτοῖς

314 675 427 722 αὐτὸ]
452 691 516 713 om.
542 681 627 715 Lob.
647 682 747 718 Vind.
761 685 805 719 F.
834 686 927 721 Μοῐι.

266 722 309 758 Β.
339 724 413 757 Vat.
441 725 518 759 ΒΜ.
560 728 664 770 (Ven.
688 729 746 764 C?
776 732 887 765 vide'
879 745 929 766 111-

265 770 319 802 fra
353 770 396 803 ad
427 769 654 814 μιμούμενον
686 775 809 822 dicta.)
845 778 926 814 Par.

264 814 925 865 DK.sec.Bekk.Ang.B.Flo1-.

264 860 378 895 RTU.
403 863 501 896 Stob.
528 865 646 899 Trinc.

311 938 439 987 αὐτῷ]
484 941 545 977 αὖ.
583 944 669 980 Lob.
714 948 811 982 Vind.
849 950 925 984 EF.

263 984 385 1032 ἑαυτῷ
412 989 510 1023 Stob.
544 1002 613 1035 qua
637 992 679 1026 de
703 1005 742 1027 re
775 996 819 1028 cf.
848 996 925 1030 Vol.

261 1032 308 1065 II.
336 1045 371 1078 p.
395 1033 475 1078 344,
502 1037 533 1069 b.

309 1109 423 1158 ου’τε]
458 1111 544 1149 οὔτι
583 1117 682 1151 Stob.
728 1120 836 1155 Gesn.
886 1121 926 1155 In

260 1160 362 1195 Vind.
389 1161 428 1195 F.
453 1172 491 1195 τε
516 1164 667 1198 evanuit.

305 1238 556 1320 μιμούμενον]
581 1242 809 1287 μιμουμένου
840 1246 925 1282 Lob.

259 1285 359 1320 vind
466 1288 561 1323 Mon.
589 1291 629 1323 Β.
667 1292 748 1326 Vat.
774 1293 815 1327 B.
844 1294 923 1327 Par.

258 1331 336 1366 DK.
372 1344 441 1366 sec.
477 1335 587 1369 Bekk.
622 1336 718 1370 Flor.
744 1338 787 1372 U.
839 1340 924 1383 (Pro

258 1377 359 1412 Vind.
384 1379 425 1412 B.
460 1392 560 1424 quem
592 1380 768 1416 Bekkerus
801 1396 923 1439 perpe-

257 1435 331 1456 ram
365 1424 455 1458 inter
487 1426 570 1467 hos,
603 1428 660 1472 qui
694 1428 923 1473 μιμουμένου

257 1470 450 1512 exhibeant,
474 1473 613 1514 retulit,
640 1475 723 1508 Ven.
751 1477 792 1509 C
818 1477 923 1521 signi-

255 1515 362 1549 ficare
387 1529 463 1551 eum
487 1519 636 1553 voluisse
660 1521 834 1566 suspicor:
869 1527 923 1557 at-

256 1573 323 1606 que
348 1563 464 1618 eodem
490 1576 607 1599 errore
631 1578 735 1611 supra
758 1568 791 1601 in
817 1549 922 1602 libro—

255 1619 330 1641 rum
356 1605 448 1644 οιύτὸ
475 1611 698 1647 omittentium
715 1625 856 1648 recensu
877 1617 919 1659 Φ,

256 1655 346 1696 quod
383 1656 482 1690 Vind.
509 1658 548 1692 B.
582 1658 713 1702 signum
749 1665 824 1702 est,
858 1674 920 1707 pro

257 1700 305 1741 H,
331 1713 396 1745 quo
422 1704 508 1736 Ven.
536 1703 575 1736 C.
603 1708 715 1746 notat,
738 1709 919 1760 posuerit.)

254 1745 503 1790 μιμουμένους
536 1750 634 1783 Stob.
674 1752 704 1784 si
749 1753 922 1788 imitemur

256 1791 330 1826 Fic.
366 1794 424 1837 qui
461 1795 568 1828 videli
600 1800 715 1840 potest
743 1799 921 1843 μιμουμέ-

254 1849 330 1871 νων
351 1838 476 1882 legisse
505 1844 564 1874 aut
588 1841 816 1885 μιμούμενον
839 1858 922 1890 pas-

254 1883 324 1917 siva
350 1885 618 1940 significatione
635 1890 821 1931 praeditum
849 1893 920 1925 exi—

254 1930 421 1966 stimasse
461 1933 502 1977 (p
506 1944 542 1965 ro
578 1929 728 1974 εὐπετὲς
755 1949 920 1980 καταμα-

252 1977 339 2009 θεῖν
367 1945 502 2019 facilep
508 1981 717 2023 percipietur
747 1984 918 2029 seiipsit.)

252 2025 297 2055 At
322 2028 442 2058 neutro
467 2037 552 2069 opus
578 2038 612 2058 es
599 2031 641 2066 ·‚t
660 2028 757 2060 modo
779 2041 820 2061 ne
836 2043 917 2074 per-

252 2080 385 2109 sonam,
410 2083 498 2115 quae
522 2083 603 2104 sane
626 2084 690 2105 non
715 2080 828 2118 potest
852 2089 916 2110 non

252 2095 497 2158 animadverti,
530 2118 589 2150 sed
614 2119 841 2155 imitationem
866 2123 917 2156 la-

252 2165 328 2194 tere
356 2162 421 2195 dici
446 2168 636 2198 statuamus
662 2165 714 2207 ei,
747 2168 798 2200 cui
825 2169 917 2203 diffi-

252 2206 315 2240 cile
339 2209 385 2241 sit
416 2210 606 2243 imitantem
631 2211 914 2249 animadvertere.

252 2253 353 2292 Quae
384 2254 413 2287 si
445 2256 496 2288 cui
531 2255 668 2290 liberior
701 2270 776 2292 esse
808 2260 916 2294 inter-

250 2300 400 2343 pretatio
456 2302 634 2341 videatur,
686 2304 913 2350 μιμουμένου

250 2347 446 2389 praeferat,
472 2349 560 2402 quod
596 2354 691 2383 certe
723 2363 824 2385 accur
827 2354 914 2387 atius

251 2394 304 2424 est
337 2394 371 2424 et
405 2392 506 2426 facile
530 2394 562 2426 in
587 2393 813 2440 μιμούμενον
839 2411 915 2432 cor-

249 2438 361 2482 rumpi
386 2439 508 2483 potuit.
536 2440 591 2474 cf.
608 2442 682 2477 Vol.
693 2443 720 2477 I.
744 2455 780 2488 p.
790 2446 870 2488 308,
881 2458 912 2480 a.

297 2501 416 2546 ἄλλως
438 2519 477 2541 τε
501 2507 577 2554 καὶ]
610 2522 675 2544 om.
699 2512 776 2546 Fic.
814 2509 815 2514 ¹

295 2586 396 2628 ξυλλε
400 2587 593 2634 γομένοις.]
607 2590 913 2643 ξυλλεγομένοιςς

248 2633 502 2678 Asti1153quod
527 2637 634 2681 magis
660 2640 836 2691 probabile
858 2652 913 2674 es·

248 2683 321 2720 set,
347 2679 374 2712 si
400 2681 552 2715 Socratis
580 2684 691 2717 matio
717 2686 770 2718 hic
794 2686 913 2720 termi-

248 2728 398 2759 naretur.

295 2790 359 2838 Ὁ]
387 2790 407 2827 ὃ
434 2795 533 2830 vind.
560 2798 603 2830 F.

528 508 791 555 Παντάπασι
827 514 907 570 μὲν
945 510 1040 559 οὖν.

1097 516 1146 560 Ο
1180 516 1234 574 δη
1273 519 1502 575 μιμητικός
1530 536 1654 578 ποιη-

1033 688 1148 733 δῆλον
1170 687 1243 735 ὅτι]
1269 688 1443 735 δηλονότι
1453 691 1649 727 Lob.Vind.

1030 781 1227 825 τοιοῦτον]
1263 782 1416 817 τοιοῦτο
1447 783 1534 818 Lob.
1570 785 1648 819 Vat.

1029 870 1175 916 πέφυκέ
1191 884 1229 916 γε
1245 892 1292 898 -
1308 871 1484 918 πέπηγεν]
1505 874 1571 916 „In
1589 875 1650 909 de-

984 918 1069 952 cimo
1094 919 1136 951 de
1161 919 1250 962 Rep.
1278 919 1432 964 dialogo,
1461 921 1519 953 ubi
1542 921 1650 955 habe-

984 967 1052 1006 tur,
1076 965 1298 998 Manifestum
1325 965 1443 1010 itaque
1468 972 1533 1008 est,
1558 967 1649 1012 quod

983 1022 1050 1043 non
1076 1011 1117 1044 ad
1143 1010 1332 1044 huiusmodi
1357 1011 1493 1056 sapiens
1517 1013 1649 1047 animae

982 1067 1088 1099 genus
1113 1059 1214 1100 poeta
1238 1057 1390 1091 imitator
1404 1062 1525 1092 natura
1546 1071 1648 1103 prae-

983 1102 1072 1135 ditus
1106 1106 1177 1135 est:
1213 1115 1324 1147 neque
1348 1104 1516 1148 sapientia
1539 1105 1646 1150 ipsius

982 1159 1044 1192 per
1061 1149 1124 1181 hoc
1148 1149 1283 1193 placere
1308 1150 1413 1183 solet:
1437 1150 1474 1183 in
1499 1152 1646 1185 Graecis

982 1194 1158 1237 legendum
1200 1198 1253 1228 est
1295 1200 1502 1251 postremum
1543 1208 1648 1230 mem-

983 1240 1092 1281 brum,
1116 1238 1179 1274 καὶ
1202 1237 1224 1284 ή
1250 1241 1366 1284 σοφία
1395 1239 1498 1288 αύτῷ
1523 1241 1645 1289 τούτῳ

984 1282 1152 1340 οἷρεσκειν
1173 1286 1349 1329 πέφυκεν.
1367 1276 1496 1342 Vulgo
1521 1277 1646 1333 legitur

982 1343 1145 1375 πεπηγεν
1155 1332 1240 1365 falso
1252 1344 1313 1376 pro
1325 1331 1502 1377 πέφυκεν.
1507 1336 1530 1353 “
1557 1336 1646 1368 Cor-

981 1377 1097 1411 narius
1130 1378 1191 1411 ecl.
1225 1390 1259 1422 p.
1284 1382 1360 1413 102.
1415 1381 1645 1434 „Suspectum

982 1428 1035 1456 est
1058 1425 1199 1457 verbum
1223 1425 1313 1457 istud
1336 1423 1521 1469 πέπηγεν·
1546 1427 1645 1472 quin-

981 1469 1084 1502 etiam
1108 1470 1243 1512 negatio
1268 1471 1387 1504 deesse
1411 1473 1555 1506 videtur.
1596 1473 1644 1507 At

980 1515 1054 1550 Fic.
1092 1516 1162 1557 ita,
1206 1516 1354 1549 Imitatio
1393 1529 1474 1551 vero
1519 1523 1643 1563 poetae

978 1561 1068 1594 haud
1086 1562 1129 1595 ad
1147 1563 1209 1595 hoc
1230 1562 1376 1595 intendit
1392 1568 1429 1596 ut
1447 1564 1524 1597 huic
1543 1564 1643 1598 animi

979 1613 1124 1641 naturae
1157 1619 1218 1641 sua
1243 1609 1412 1652 sapientia.
1434 1610 1587 1654 placeat,
1614 1610 1643 1644 si

978 1654 1078 1698 vulgo
1114 1654 1158 1687 sit
1195 1654 1374 1697 placitur-a
1379 1658 1401 1673 “
1446 1657 1641 1712 Stephanus

978 1700 1013 1733 in
1038 1712 1079 1733 m.
1127 1700 1307 1741 „Affertur
1331 1700 1398 1734 alia
1420 1701 1531 1744 lectio,
1556 1699 1641 1746 ἀρέ-

979 1756 1077 1779 σκειν
1109 1743 1294 1789 πέφυκευτ
1329 1747 1387 1780 sed
1417 1760 1537 1792 parum
1561 1748 1640 1783 huic

977 1793 1119 1825 adhibeo
1145 1793 1238 1834 fidei,
1260 1793 1374 1837 quod
1366 1806 1430 1826 lam
1453 1794 1639 1828 habeamus

976 1835 1140 1880 πέφυκε,
1174 1839 1206 1871 111
1247 1849 1347 1871 versu
1386 1840 1444 1884 qui
1488 1841 1640 1885 proxime

976 1884 1164 1927 praecedit.
1199 1884 1357 1929 Alioquin
1371 1890 1562 1930 suspectum
1578 1887 1640 1920 mi-

977 1930 1009 1962 hi
1035 1941 1110 1962 esse
1134 1927 1314 1974 πέπηγεν,
1341 1943 1407 1964 11011
1431 1932 1639 1967 dissimulavi

975 1975 1009 2008 in
1042 1975 1086 2008 iis
1119 1988 1207 2020 quae
1248 1977 1390 2020 margini
1431 1978 1638 2022 3(15(111ρ51.“

975 2020 1068 2053 Idem
1114 2026 1225 2054 annot.
1273 2033 1306 2065 p.
1349 2025 1406 2057 27.
1483 2023 1638 2069 Denique

974 2067 1223 2100 Valckenarius
1247 2068 1288 2100 3(1
1317 2068 1490 2113 Euripidis
1509 2070 1634 2104 Phoen.

973 2125 1006 2146 v.
1028 2114 1107 2149 923.
1135 2109 1230 2156 ἅπερ
1249 2111 1403 2157 πέφυκε,
1429 2115 1552 2149 ταῦτα
1569 2114 1636 2150 κᾶ-

972 2156 1086 2202 νάγκη
1113 2169 1150 2192 σε
1176 2159 1291 2205 δρᾷν,
1329 2168 1508 2205 postquam
1540 2158 1636 2207 α’περ

971 2203 1109 2248 πέπηγε
1142 2185 1383 2240 emendaiidum
1415 2219 1492 2240 esse
1523 2212 1635 2242 osten-

972 2251 1022 2284 dit
1046 2253 1149 2295 (quac
1179 2253 1317 2295 quidem
1333 2255 1413 2296 fixa
1441 2259 1538 2295 sunt,
1564 2256 1635 2288 ista

965 2300 1088 2340 facere
1113 2303 1146 2331 te
1162 2310 1297 2332 neccsse
1317 2312 1447 2343 quoque
1467 2302 1546 2343 est.)
1566 2301 1634 2335 Lo-

972 2344 1003 2377 ci
1024 2343 1185 2386 Platonis,
1210 2344 1331 2389 inquit,
1355 2346 1515 2379 recordor
1534 2346 1632 2381 Polit.

971 2389 1014 2422 X.
1040 2401 1072 2433 p.
1102 2391 1179 2424 605.
1206 2392 1246 2423 A.
1278 2391 1311 2424 in
1347 2403 1413 2436 quo
1439 2393 1546 2426 verba
1569 2391 1634 2427 πέ-

971 2447 1087 2478 φυκεν
1112 2439 1147 2468 et
1163 2433 1301 2480 πέπηγε
1320 2437 1498 2471 videantur
1518 2442 1634 2473 trans-

969 2482 1141 2515 mutanda.
1146 2486 1167 2500 “
1202 2483 1289 2516 Huic
1312 2485 1495 2517 obsecutus
1518 2485 1632 2519 Astius

970 2531 1002 2560 in
1027 2539 1094 2561 sec.
1119 2525 1259 2572 πέπηγέ
1277 2540 1316 2572 γε
1335 2550 1380 2554 -
1398 2527 1573 2573 πέφυκεν,
1595 2531 1631 2565 111

969 2578 1051 2607 tert.
1084 2575 1324 2629 cacophoniam
1352 2575 1463 2609 vitans
1491 2574 1630 2620 πέπηγε

969 2639 1016 2644 ——-
1056 2617 1221 2664 πέφυκεν
1260 2622 1417 2666 scripsit,
1463 2624 1632 2666 probante

970 2666 1003 2699 in
1038 2678 1090 2710 pr.
1127 2667 1366 2709 Stallbaumio,
1417 2668 1629 2712 improbante

969 2712 1276 2747 Schleiermachero
1290 2717 1325 2748 et
1334 2714 1497 2747 rationem
1514 2718 1629 2748 trans-

969 2759 1119 2792 mutandi
1150 2770 1187 2792 se
1218 2760 1342 2793 nullam
1371 2760 1489 2793 videre
1521 2760 1627 2804 profi-

968 2807 1071 2838 tente.
1121 2805 1285 2840 Fortasse
1308 2805 1550 2842 Valckenarius
1578 2807 1626 2841 si-
