1764 3176
262 165 345 204 196
717 155 1183 201 PLATONIS

261 287 369 323 που,
410 272 446 314 εἰ
479 269 620 321 θέλεις
659 269 808 325 λαβὼν
845 269 1091 324 κάτοπτρον
1133 266 1381 322 περιφέρειν
1412 269 1633 322 πανταχῆ·

215 343 230 383 ⁴]
261 339 381 396 ταχὺ
407 338 486 394 μὲν
524 337 652 393 ἥλιον
689 337 884 394 ποιήσεις
922 339 996 382 καὶ
1035 337 1088 380 τά
1119 336 1166 379 ἐν
1198 338 1259 391 τῷ
1291 334 1494 393 οὐρανῷ,
1527 333 1635 390 ταχύ

259 407 306 451 δὲ
334 411 438 462 γῆν,
479 405 586 462 ταχὺ
625 406 671 450 δὲ
702 404 865 450 σαυτόν
903 423 947 450 τε
986 406 1060 449 καὶ
1095 399 1230 447 τᾶλλα
1271 405 1359 455 ζῶα
1397 402 1473 446 καὶ
1502 400 1636 458 σκεύη

258 475 335 519 καὶ
362 472 482 530 φυτά
521 474 594 518 καὶ
621 473 787 525 πάντα,
825 474 909 519 ὅσα
948 478 1032 518 νῦν
1063 471 1115 529 δὴ
1152 471 1328 526 ἐλέγετο.
1388 470 1502 522 Ναὶ,
1537 471 1636 527 ἔφη,

260 539 627 598 φαινόμενα,οὐ
663 541 812 597 μέντοι
848 541 956 585 ὄντα
991 540 1039 598 γε’
1077 555 1164 584 που
1202 542 1253 596 τῇ
1295 536 1486 594 ἀληθείᾳ
1545 541 1637 581 Κα-

259 614 369 661 λῶς,
403 611 460 665 ἦν
490 606 534 651 δ’
565 607 670 664 ἐγώ,
699 609 772 652 καὶ
802 611 862 661 εἰς
891 609 993 653 δέον
1023 609 1123 664 ε’ρχῃ
1153 611 1215 665 τῷ
1244 605 1371 663 λόγῳ.
1425 609 1515 649 τῶν
1543 623 1638 650 τοι-

261 675 406 721 ούτων
434 675 542 732 γὰρ,
582 674 726 754 οἶμαι,
766 678 1047 757 δημιουργῶν
1085 691 1158 718 και
1188 673 1212 718 ὁ
1248 673 1477 730 ζωγράφος
1511 674 1639 718 ἐστίν.

260 741 288 802 ἦ
322 743 430 801 γάρς
479 747 580 795 Πῶς
627 743 712 798 γάρ
765 743 843 793 οὕς
880 742 1005 787 Ἀλλά
1044 741 1198 799 φήσεις
1245 741 1328 785 οὐκ
1366 738 1532 798 ἀληθῆ,
1578 739 1641 786 οἶ-

262 831 363 869 μαι,
400 810 535 855 αὐτὸν
575 817 718 856 ποιεῖν
753 810 781 858 ἂ
820 816 946 854 ποιεῖ.
1007 814 1149 854 καίτοι
1185 808 1334 868 τρόπῳ
1375 810 1422 864 γέ
1452 827 1538 853 τινι
1567 811 1641 853 καὶ

264 881 288 927 ὁ
328 879 562 938 ζωγράφος
598 881 752 935 κλίνην
789 883 913 922 ποιεῖ.
971 878 1000 934 ἢ
1043 877 1118 928 οὕς
1166 879 1281 929 Ναὶ,
1331 866 1437 934 ἔφη,
1478 894 1642 932 φαινο-

264 949 400 1007 μένην
436 958 484 1005 pe
524 947 595 992 καὶ
639 944 779 999 οὗτος.
852 948 903 991 Τι’
951 946 996 990 δὲ
1045 945 1069 990 ὁ
1108 944 1380 997 κλινοποιός,·
1423 943 1506 991 οὐκ
1544 943 1642 1002 ἄρτι

311 1098 452 1143 θέλεις]
488 1096 615 1137 θέλοις
647 1099 729 1131 ven.
765 1099 805 1132 C.
840 1096 922 1132 ἐθέ-

265 1148 336 1185 λεις
359 1148 433 1179 Ast.
457 1156 525 1179 sec.
552 1148 633 1178 text.
678 1144 731 1177 Cf.
760 1146 923 1198 supxaA.

310 1189 545 1244 κάτοπτρον]
599 1189 849 1224 Antiatticistes
891 1202 924 1234 p.

268 1240 438 1273 10210:
486 1233 700 1292 κάτοπτρον
746 1232 791 1269 οὔ
835 1245 927 1279 φασι

266 1285 344 1317 δεῖν
370 1281 506 1326 λέγειν,
532 1278 616 1315 αλλ’
643 1280 835 1326 ἔσοπτρον.
872 1282 927 1315 cf.

266 1329 356 1364 Tim
381 1340 414 1373 p.
435 1328 491 1363 46.
511 1329 549 1362 A.
571 1329 612 1362 Β.

313 1374 509 1418 πανταχῆ]
543 1371 715 1417 πανταχὴ
752 1373 850 1407 Vind.
884 1373 926 1406 Ε.

269 1427 304 1455 et.
337 1431 425 1454 corr.
459 1421 502 1454 F.
540 1420 637 1463 (ante
669 1428 756 1452 1,.011·
790 1439 836 1445 —
867 1419 929 1462 χῆ)

268 1466 438 1511 πανταχῇ
466 1467 546 1499 Bas.
572 1477 603 1498 a.
629 1465 822 1508 (Bekkerus
846 1467 929 1508 etc.)

269 1512 462 1555 πανταχοῦ
488 1513 569 1545 Bas.
593 1513 626 1545 b.
654 1511 761 1544 colon
786 1523 806 1544 a
825 1511 932 1544 Stall-

268 1559 379 1593 baum'·¹
384 1569 402 1591 o
421 1558 453 1590 in
470 1569 540 1592 sec.
563 1557 815 1611 perspicuitatis
832 1568 932 1590 caus-

271 1615 310 1638 sa
346 1609 424 1649 post.
448 1603 616 1646 πανταχῆ
650 1603 798 1647 positum
828 1603 932 1636 etiam

272 1650 501 1684 necessatium
518 1649 661 1682 videtu..
689 1648 831 1682 Ficinus
848 1650 933 1682 haec

275 1695 353 1730 inde
377 1696 419 1729 ab
444 1692 537 1729 ἀλλὰ
562 1695 726 1738 πολλαχῆ
754 1694 804 1728 sic
828 1696 936 1729 intet-

273 1744 429 1787 pletatus
453 1744 526 1774 est:
560 1746 659 1795 potes
692 1742 783 1774 enim
805 1742 935 1786 passim

275 1792 307 1821 et
330 1788 487 1821 celeriter
517 1787 633 1821 omnia
654 1790 789 1840 Jacerc.
849 1788 935 1831 Spe-

275 1835 388 1868 culum
414 1833 549 1877 accipe,
571 1834 765 1877 passimque
792 1834 936 1867 circum-

269 1882 384 1971 ferg}
398 1920 570 1969 οὐρανῷ]
593 1923 645 1969 τῷ
670 1935 734 1958 om.
754 1925 839 1958 Lob.
858 1925 938 1959 Vat.

277 1960 607 2051 gmssgizdsssss.
643 1970 735 2004 Mon.
771 1970 940 2005 c.F101-.

289 2061 292 2064 ’
325 2056 462 2105 τᾶλλα]
493 2056 609 2095 τᾶλλα
644 2061 746 2096 Vind.
771 2061 812 2095 F.
845 2061 939 2095 Mon.

282 2109 322 2143 B.
360 2108 482 2165 Steph.
517 2109 589 2140 Ast.
631 2104 671 2140 τ’
706 2103 800 2140 α’λλα
840 2108 940 2141 Vind.

283 2156 325 2188 Ε.
352 2166 399 2187 τα
425 2151 519 2187 ἄλλα
548 2153 647 2186 Vind.
673 2154 712 2187 B.
738 2154 831 2188 Mon.
857 2153 897 2188 C.

331 2201 421 2257 ζῶα]
447 2200 523 2244 ζῷα
545 2199 621 2233 Ald.
646 2200 725 2233 Bas.
751 2200 806 2233 ab.

330 2244 375 2290 δὴ
402 2234 554 2299 ελέγετο]
582 2243 759 2289 διελέγετο
785 2245 883 2279 Vind.
897 2246 940 2278 F.

284 2293 455 2326 F101.R.
492 2288 538 2334 δὴ
572 2287 741 2336 ἐλέγομεν
782 2293 867 2325 Ven.
900 2292 941 2326 B.

284 2339 364 2372 Bas
397 2338 431 2371 b.
465 2349 518 2380 γρ.
557 2348 673 2381 margo
707 2338 827 2383 steph.
869 2338 942 2371 Ast.

285 2384 622 2418 commemoravimus
642 2384 716 2417 Fic.

334 2437 569 2484 φαινόμενα]
614 2438 831 2484 φαινόμεθα
865 2442 944 2475 vat.

287 2489 338 2522 M.
362 2487 503 2519 Photius
527 2489 620 2520 Pors.
646 2499 679 2530 p.
700 2489 787 2522 551:
812 2484 945 2540 φαινό-

291 2542 406 2588 μενα·
442 2530 601 2565 Πλάτων
624 2533 819 2573 Πολιτείας
841 2530 947 2566 δεκα-

289 2591 350 2634 τηι
376 2575 466 2621 ε’·φη
492 2575 731 2634 φαινόμενα·
753 2576 798 2613 ου’
820 2576 947 2634 μέντοι

292 2620 386 2659 ὄντα
409 2634 447 2667 γε
465 2635 539 2656 που
560 2624 633 2678 27}st
647 2621 837 2668 αληθείαι·
864 2622 948 2658 ἀντὶ

292 2670 360 2705 τοῦ
377 2670 588 2723 φαντασίαν
606 2667 879 2705 α’ποτελοῦντα·
902 2668 947 2704 οὐ

292 2714 419 2760 μέντοι
449 2726 487 2758 γε
507 2711 610 2750 ὄντα.
646 2716 747 2757 Quae
769 2717 949 2762 explicatio

293 2761 468 2797 obscurior
492 2766 545 2794 est
567 2773 620 2803 eo,
639 2763 693 2796 cui
713 2763 821 2799 lucem
845 2763 949 2798 affer—

293 2820 333 2843 re
353 2806 525 2842 destinata
547 2819 583 2840 es
586 2813 610 2840 t.

1029 1096 1132 1142 ἔρχῃ]
1159 1093 1250 1140 α’ρχη
1275 1096 1354 1130 Par.
1380 1096 1424 1130 K.
1448 1108 1516 1131 sec.
1535 1097 1644 1131 Bekk.

982 1146 1069 1188 Aug.
1088 1145 1129 1176 B.
1154 1141 1262 1186 κέχρη
1291 1143 1368 1176 Vae.
1393 1143 1444 1176 M.
1470 1140 1564 1187 ἔρχει
1588 1155 1644 1176 re-

983 1174 1642 1247 66111ῑί0165.Ευῐὶιγᾶ.Ρ.275.Β1

984 1246 1065 1278 σφω
1102 1235 1171 1269 οὖν
1203 1230 1268 1278 η’κε
1254 1246 1336 1268 τον
1366 1234 1418 1274 εἰς
1441 1233 1647 1269 κάλλιστον.

983 1282 1117 1325 Theag.
1143 1293 1177 1336 p.
1206 1282 1282 1316 122.
1305 1282 1353 1314 A.
1388 1279 1432 1315 σύ
1463 1281 1533 1315 ούν
1557 1278 1646 1326 ἡμῖν

986 1327 1038 1366 εἰς
1078 1329 1193 1360 καλον
1236 1337 1329 1381 παρε
1316 1324 1468 1382 .φάνης.
1524 1328 1644 1384 Eurip-

987 1373 1116 1407 Troad.
1142 1375 1229 1407 7611
1265 1370 1307 1406 τὸ
1341 1370 1382 1405 δ’
1409 1371 1546 1408 ἐσθλὸν
1579 1371 1648 1408 ov'n

990 1419 1041 1458 εἰς
1080 1416 1212 1462 καιρὸν
1253 1414 1350 1461 ἦλθέ
1394 1428 1452 1452 σοι
1495 1417 1648 1474 πατρός.

990 1466 1045 1498 Ex
1076 1465 1127 1497 his
1166 1464 1247 1497 locis
1280 1470 1424 1508 apparet
1467 1465 1518 1505 εἰς
1561 1463 1648 1499 δέον

990 1509 1162 1554 ἔρχεσθαι
1193 1521 1229 1543 65
1232 1521 1269 1543 56
1301 1516 1489 1553 opportune
1521 1513 1650 1553 venire,

989 1563 1141 1612 tempore
1167 1557 1359 1589 necessario
1383 1569 1587 1592 succurrere.

1035 1600 1144 1636 ἐστίν.
1168 1596 1214 1645 ἦ]
1242 1599 1332 1635 ἐστ-ιε
1356 1597 1379 1645 ἢ
1405 1602 1504 1637 Vind.
1529 1604 1574 1637 F.

1038 1645 1108 1682 οὐκ
1133 1644 1272 1691 ἀληθῆ]
1302 1643 1429 1682 ου’καλ.
1455 1649 1560 1684 Vind.
1581 1650 1639 1683 Ε.

1038 1691 1165 1738 οἶμαι]
1203 1699 1281 1739 post
1321 1691 1442 1728 αὐτὸν
1472 1695 1574 1729 Vind.
1607 1696 1649 1729 F.

991 1743 1077 1782 Aug.
1104 1741 1143 1773 Β.

1040 1785 1125 1830 ἔφη]
1154 1783 1247 1829 ἔφην
1272 1785 1358 1819 Lob.

1039 1830 1284 1876 φαινομένην]
1305 1831 1533 1878 φαινομένης
1551 1835 1651 1871 Vind.

995 1878 1037 1911 Β.
1063 1879 1156 1911 Mon.
1184 1877 1213 1910 C

1043 1921 1110 1957 οὐκ
1135 1919 1232 1966 ἄρτι]
1257 1923 1355 1957 His
1346 1936 1380 1958 111
1401 1924 1502 1960 Vind.
1523 1926 1562 1960 Β.
1588 1937 1652 1961 σω.

997 1982 1018 2004 a
1040 1981 1086 2002 m.
1110 1980 1138 2003 5.
1153 1969 1422 2026 praescriptum.

1044 2027 1089 2049 ου
1122 2012 1188 2058 τὸ]
1224 2012 1311 2048 ουδὲ
1344 2014 1386 2049 τὸ
1414 2016 1514 2050 Vind.
1540 2019 1643 2052 ΒΕΕ.
1655 2019 1722 2057 597

997 2060 1090 2095 Mon.
1117 2061 1158 2094 C.
1184 2061 1274 2094 Flor
1297 2061 1403 2095 ACR.

1042 2102 1078 2162 ὃ]
1105 2105 1124 2140 ὁ
1153 2106 1228 2139 Ald.
1255 2107 1334 2140 Bas.
1364 2109 1417 2142 ab.

1042 2148 1062 2186 ὃ
1099 2149 1193 2195 ἐστι]
1231 2148 1254 2187 o'
1287 2150 1361 2187 ἐστι
1393 2153 1527 2188 οοόιοεε
1559 2167 1580 2189 a
1603 2167 1656 2190 me

995 2199 1109 2233 collati
1133 2198 1193 2242 (F'
1195 2200 1262 2242 or.)
1296 2203 1331 2232 et
1354 2200 1436 2233 editi
1461 2206 1541 2234 ante
1566 2202 1655 2236 Bek-

997 2245 1125 2279 kerum.
1174 2244 1260 2278 Item
1285 2245 1396 2289 paullo
1421 2251 1509 2291 post.

1042 2287 1142 2334 τινά]
1165 2288 1250 2324 τιὰν
1274 2292 1372 2325 Vind.
1394 2292 1435 2325 F.

1035 2344 1206 2392 Ἔλεγον]
1240 2345 1407 2393 ἐλέγομεν
1439 2350 1523 2384 Lob.
1559 2352 1654 2386 Mon.

1002 2395 1043 2428 Β.
1073 2395 1152 2429 Vat.
1175 2395 1255 2428 ΒΜ.
1290 2397 1375 2429 Ven.
1401 2396 1441 2429 C.
1479 2398 1554 2431 Par.
1578 2398 1656 2432 DK.

1002 2440 1094 2474 Flor.
1122 2440 1166 2474 U.
1175 2441 1276 2495 (11011
1300 2441 1392 2475 Mon.
1420 2442 1482 2486 C.)

1048 2483 1114 2529 μὴ]
1137 2483 1200 2529 μὴ’
1230 2486 1315 2521 Lob-

1047 2533 1169 2577 ποιεῖ]
1203 2535 1311 2567 ποιοῖ
1340 2533 1438 2568 Vind.
1471 2534 1511 2569 B.
1544 2537 1656 2579 ποιεῖ,

1003 2579 1414 2669 51ιῖςιῖεοῗοῖῖ]Μτῗδιιῆοῐιοῧ.
1439 2629 1559 2669 ποιεῖ,
1579 2616 1655 2673 Sup.

1005 2682 1059 2711 οι,
1093 2670 1192 2704 Vind.
1225 2671 1268 2704 F.
1306 2672 1498 2716 Stephanus
1526 2673 1656 2718 signum

1001 2716 1233 2758 interrogandi
1255 2718 1420 2773 apposuit.

1052 2759 1143 2795 α’λλιί
1163 2762 1220 2806 τι]
1244 2759 1339 2797 α’λλὰ
1362 2763 1417 2797 τίε
1443 2763 1541 2798 Vind.
1564 2764 1607 2798 F.

1052 2808 1243 2853 τοιοῦτον]
1295 2810 1445 2844 τοιοῦτο
1492 2809 1569 2844 Par.
1615 2811 1655 2847 A.
