1764 3176
272 130 328 170 20

721 125 1197 168 PLATONIS

273 235 485 292 τροφέας,
532 234 861 292 δουλωσάμενοι
898 236 993 282 τότε
1030 237 1284 292 περιοίκους
1312 252 1356 279 τε
1385 236 1457 280 καὶ
1488 238 1656 288 οἰκέτας

275 304 465 360 ἔχοντες,
516 301 641 348 αὐτοὶ
683 305 877 389 πολέμου
915 323 959 349 τε
998 306 1072 348 καὶ
1102 307 1301 360 φυλακῆς
1331 301 1478 348 αυτῶν
1508 304 1655 360 ἐπιμε-

273 377 458 415 λεῖσθαι.

272 441 515 494 γίγνεσθαι.

521 376 659 416 Δοκεῖ
685 390 783 428 μοι,
818 373 927 430 ε’φη,
968 371 1077 429 αὕτη
1118 371 1145 427 ἦ
1187 371 1421 428 μετάβασις
1451 372 1657 416 ἐντεῦθεν

590 438 789 490 Οὐκοῦν,
829 443 886 497 ἠν
924 442 967 486 δ’
1001 439 1108 496 ἐγὼ,
1150 439 1198 482 ἐν
1235 439 1352 496 μέσῳ
1391 456 1454 489 τις
1493 439 1549 482 ἂν
1591 442 1655 495 είη

272 506 607 589 ἀριστοκρατίας
637 524 680 551 τε
713 509 785 550 καὶ
818 507 1065 564 ὀλιγαρχίας
1093 507 1204 563 αὕτη
1228 507 1255 563 ἡ
1276 509 1491 557 πολιτείας
1527 506 1655 550 Πάνυ

272 575 350 630 μὲν
377 578 472 619 οὑν.

533 576 835 632 Μεταβήσεται
866 576 944 630 μὲν
974 575 1026 630 δὴ
1057 575 1198 622 οὕτω·
1237 578 1458 631 μεταβᾶσα
1487 576 1533 618 δὲ
1562 590 1657 626 πως

209 647 248 688 D
275 642 462 699 οἰκήσεις
495 642 522 699 ἢ
552 642 760 699 φανερὸν,
792 643 858 686 ὅτι
882 660 934 686 τα
962 643 1041 697 μὲν
1071 642 1300 698 μιμήσεται
1329 642 1408 698 τὴν
1436 642 1656 696 προτέραν

271 712 517 762 πολιτείαν,
558 710 611 753 τοὶ
653 711 698 754 δὲ
736 709 816 765 τὴν
855 711 1132 766 ὀλιγαρχίαν,
1177 710 1248 753 ἅτ’
1290 712 1337 754 ἐν
1378 708 1492 767 μέσῳ
1525 704 1653 763 οὖσα,

270 779 320 822 τὸ
352 779 397 823 δέ
427 796 468 822 τι
497 779 570 821 καὶ
602 775 737 832 αὐτῆς
776 778 856 830 ἕξει
894 780 1038 829 ἰ’διονς
1085 778 1261 831 Οὕτως,
1303 779 1398 834 ἔφη.

320 925 616 971 δουλωσάμενοι]
668 924 934 970 δονλοσάμενοι

272 976 351 1009 Bas.
381 975 436 1008 ab.

315 1043 354 1066 τε
380 1030 442 1065 καὶ
468 1028 614 1069 οἰκέτας
638 1026 805 1074 ἔχοντες]
833 1027 932 1074 ἕχον-

269 1089 330 1118 τες
353 1077 416 1111 καὶ
437 1075 583 1115 οἰκέτας
608 1076 707 1109 Vind.
733 1077 775 1110 E.

316 1132 450 1178 αὐτοὶ]
491 1134 607 1166 Astius
639 1133 674 1166 in
699 1145 767 1167 sec.
794 1130 933 1173 αὐτούς

270 1181 483 1214 scribendum
507 1178 644 1223 putavit
667 1182 702 1212 et
726 1191 859 1213 sensum
874 1180 934 1212 ho-

269 1238 342 1260 rum
381 1227 565 1259 verborum
609 1225 749 1258 eundem
800 1225 934 1267 statuit,

269 1284 368 1318 quem
401 1271 542 1304 Ficinus
576 1271 625 1304 ita
668 1271 856 1315 expressit.
890 1291 933 1296 -—

270 1320 306 1352 in
331 1319 531 1352 servitutem
553 1317 784 1371 νεάιὲαιιῑιιν,
821 1323 854 1352 et
875 1329 933 1351 ve-

270 1366 320 1398 lut
347 1364 476 1398 subditi
508 1368 612 1407 atque
645 1364 735 1396 servi
769 1364 848 1396 belli
873 1376 933 1397 cu-

269 1411 467 1454 stodiaeque
492 1410 642 1453 ipsorum
667 1421 785 1442 curam
809 1421 932 1453 gerere

269 1458 527 1500 compellantur.
563 1455 619 1499 qui
652 1467 672 1488 a
704 1459 816 1488 mente
848 1455 933 1488 scri-

269 1503 379 1547 ptoris
427 1501 649 1535 alienissimus
697 1506 760 1534 est.
820 1501 932 1541 Quum

268 1550 303 1581 in
328 1548 454 1593 optima
481 1547 620 1580 civitate
656 1547 735 1579 belli
758 1551 793 1580 et
817 1552 933 1580 custo-

270 1595 348 1628 diae
370 1593 483 1627 munia
505 1594 567 1626 sub
586 1596 728 1637 paterno
752 1593 932 1636 magistra-

269 1644 365 1673 tuum
397 1638 569 1684 praesidio
604 1650 624 1671 a
660 1637 847 1672 iunioribus
873 1650 933 1671 cu-

270 1685 424 1720 stodibus
450 1685 627 1719 obirentur
651 1684 759 1718 omnia
786 1684 932 1718 commu-

270 1733 326 1765 nia
350 1731 573 1771 habentibus,
596 1730 828 1774 corruptione,
853 1730 933 1763 inde

270 1777 439 1811 discordia
469 1776 557 1809 inter
591 1776 811 1819 magistratus
856 1782 933 1808 orta

270 1823 464 1857 melioribus
498 1825 532 1854 et
564 1821 788 1854 deterioribus
820 1822 854 1855 in
879 1821 932 1854 di-

270 1881 371 1903 versa
412 1868 597 1901 nitentibus
637 1867 775 1900 tandem
808 1867 932 1912 placet,

271 1921 311 1949 ut
335 1915 394 1960 qui
428 1918 529 1947 antea
561 1913 607 1946 nil
630 1913 803 1957 proprium
827 1913 932 1946 habe—

270 1965 366 2002 rent,
399 1971 501 2004 agros
525 1962 560 1992 et
583 1959 701 1992 domus
723 1958 933 2003 possideant,

271 2007 399 2041 tutelae
421 2006 542 2040 civium
564 2017 644 2038 vcro
668 2008 839 2058 tamquam
858 2015 932 2038 ser—

270 2065 387 2087 vorum
434 2050 650 2104 prospiciant
702 2051 932 2095 magistu-,atus

272 2099 422 2133 Casuum
444 2097 676 2141 discrepantia
704 2102 740 2130 et
772 2105 851 2141 post
873 2108 932 2129 ac-

271 2145 461 2179 cusativum
493 2140 831 2197 κατανειμαμένους
851 2142 931 2175 illa—-

271 2194 326 2225 tus
374 2189 597 2224 nominativus
653 2185 933 2230 δουλωσάμενοι

272 2242 308 2272 et
342 2234 485 2280 ἔχοντες
516 2239 551 2269 et
590 2231 700 2269 αὐτοὶ
733 2237 835 2278 atque
869 2234 933 2267 hoc

272 2294 454 2327 pronomen
484 2282 594 2336 ipsum
620 2293 659 2315 eo
683 2284 861 2334 spectant,
894 2282 933 2312 ut

270 2329 345 2363 illos
388 2328 439 2367 εἰς
476 2326 589 2370 μέσον
632 2323 932 2370 ὁμολογήσαντας

271 2374 494 2418 magistratus
525 2373 680 2406 meliores
710 2383 785 2406 esse
808 2371 932 2405 intelli—

272 2431 409 2465 gamus,
451 2419 510 2464 qui
542 2430 700 2463 agrorum
735 2418 931 2452 divisionem

271 2466 500 2500 deterioribus
533 2466 743 2506 condonent,
781 2463 932 2497 domina-

273 2519 343 2546 tum
366 2511 433 2566 ipsi
451 2515 664 2565 praeoptent.

319 2555 501 2613 πολέμου]
525 2554 713 2611 πολέμονσ
735 2555 834 2592 Vind.
858 2555 900 2589 F.

322 2601 474 2646 αὐτῶν]
500 2599 561 2636 αὖ.
587 2603 680 2637 Mon.
706 2604 745 2636 Β.
770 2614 790 2636 a
814 2613 855 2635 m.
880 2613 908 2635 s.

322 2648 414 2693 ἔφη]
440 2654 517 2692 post
542 2644 638 2692 αὕτη
664 2648 751 2682 Lob.
775 2649 854 2682 Vat.
881 2646 930 2680 M.

320 2695 533 2740 γίγνεσθαι]
562 2693 632 2737 γίν.
655 2693 757 2729 Vind.
780 2694 822 2727 F.

322 2742 397 2785 τις]
424 2740 480 2780 τίς
505 2740 601 2773 Vind.
625 2741 666 2774 B.

321 2789 383 2832 τε]
407 2799 471 2821 om.
497 2786 583 2821 Lob.
609 2787 689 2820 vat.
712 2785 760 2820 M.

1476 776 1655 822 Οὐκοῦν

1037 928 1205 962 πολιτεία
1216 929 1241 971 ‚·]
1262 927 1440 961 πολιτεία.
1458 927 1541 961 Lob.
1551 927 1652 962 Vind.

991 975 1031 1008 B.
1058 974 1151 1008 Mon.
1177 975 1216 1007 B.
1245 974 1320 1007 Ald.
1344 975 1424 1007 Bas.
1449 974 1504 1007 ab.
1531 974 1651 1019 Steph.

991 1020 1329 1110 Εἰἳῑᾶεταβήσεται]
1400 1062 1654 1119 μεταθήσεται

991 1111 1091 1146 Vind.
1122 1112 1163 1146 F.
1197 1112 1292 1146 Flor.
1322 1111 1365 1145 R.
1396 1108 1654 1156 μεταβηθήσε-

990 1169 1052 1191 ται
1087 1157 1171 1191 Lob.
1209 1158 1294 1193 Ven.
1323 1157 1363 1190 C.
1409 1158 1486 1190 V.at
1521 1157 1571 1190 M.
1605 1160 1651 1197 et,

991 1215 1064 1247 sup.
1109 1205 1128 1236 λ
1170 1215 1272 1247 super
1311 1203 1354 1248 β,
1392 1204 1433 1237 Β.
1475 1201 1653 1247 μεταβλη-

990 1248 1166 1329 ‘gaz-etz}
1201 1249 1293 1282 Mon.
1344 1250 1384 1283 Β.
1447 1249 1525 1283 Par.
1575 1247 1651 1282 DK.

1036 1339 1108 1395 δῂ]
1137 1353 1200 1374 om.
1225 1340 1310 1374 Lob.
1340 1341 1419 1375 Vat.
1443 1340 1494 1375 M.

1038 1384 1077 1419 δε
1102 1387 1205 1428 πῶς]
1232 1385 1274 1420 δέ
1299 1398 1378 1425 πως
1410 1386 1507 1419 Vind.
1533 1386 1576 1419 F.

1035 1430 1132 1510 τα]Β
1132 1433 1200 1466 τοῦ
1229 1433 1328 1468 Wind.
1355 1433 1396 1466 F.
1421 1435 1476 1474 et,
1501 1443 1578 1476 sup.
1617 1428 1653 1474 οὶ,
1679 1422 1718 1463 D

991 1478 1132 1522 Ang.B

1037 1547 1084 1568 τα
1109 1532 1173 1578 δὲ]
1203 1531 1242 1567 δὲ
1268 1546 1333 1568 om.
1358 1534 1459 1569 Vind.
1485 1535 1528 1569 Ε.

1039 1585 1158 1635 οὖσα]
1195 1584 1310 1624 οὖσαν
1352 1591 1436 1625 Lob.
1481 1593 1579 1627 Vind.
1613 1593 1652 1626 B.

990 1639 1070 1672 Vat.
1097 1638 1212 1670 BHM.
1236 1638 1322 1680 Ang.
1333 1637 1373 1669 B.
1398 1637 1493 1672 Flor.
1512 1639 1652 1674 ACRV.

991 1687 1025 1717 et
1050 1695 1123 1717 eum
1148 1688 1274 1727 puncto
1299 1684 1361 1716 sub
1386 1695 1407 1716 ν
1433 1684 1530 1719 Vind.
1554 1685 1597 1721 F.

1037 1737 1175 1784 αὐτῆς]
1202 1737 1262 1773 αὖ.
1288 1740 1372 1773 Lob.
1391 1740 1491 1774 Vind.
1517 1742 1590 1775 EF.
1617 1745 1652 1775 et

989 1799 1010 1821 a
1034 1799 1077 1820 m.
1104 1798 1155 1831 pr.
1181 1786 1273 1819 Mon.
1300 1787 1340 1818 Β.
1366 1787 1442 1821 Ald.
1467 1788 1547 1821 Bas.
1573 1788 1627 1822 ab.

1036 1842 1128 1887 ἔφη]
1168 1856 1233 1878 om.
1259 1844 1339 1878 Vat.
1365 1845 1406 1878 Β.

1035 1901 1111 1945 τῷ]
1135 1898 1178 1934 τὸ
1207 1901 1292 1933 Lob.
1317 1900 1416 1935 Vind.
1440 1901 1481 1933 F.
1505 1901 1596 1935 Mon.
1609 1900 1648 1934 B.

990 1947 1063 1990 (hic
1086 1947 1260 1990 vulgatum
1284 1957 1305 1978 a
1329 1958 1373 1980 m.
1398 1958 1425 1980 5.
1461 1947 1495 1980 in
1522 1958 1565 1981 m.
1591 1947 1652 1980 ha—

987 1993 1072 2036 bet)
1112 1994 1191 2026 Vat.
1222 1991 1336 2025 BHM.
1379 1994 1462 2027 Ven.
1498 1992 1538 2025 C.
1572 1992 1650 2026 Par.

987 2038 1064 2072 DK.
1088 2049 1156 2071 sec.
1181 2037 1289 2070 Bekk.

1033 2082 1094 2116 καὶ
1135 2083 1318 2135 γεωργιῶν
1359 2079 1565 2126 ἀπέχεσθαι
1605 2081 1648 2117 τὸ

987 2128 1251 2183 προπολεμοῦν
1282 2126 1420 2172 αὐτῆς]
1466 2128 1528 2163 καὶ
1560 2139 1650 2172 προ-

986 2177 1158 2217 πολεμεῖν
1201 2171 1320 2218 αυτῆς
1353 2174 1415 2208 καὶ
1464 2175 1650 2219 γεωργιῶν

988 2218 1081 2264 απέχ
1086 2222 1195 2254 εσθαι
1217 2221 1316 2255 Vind.
1342 2221 1382 2255 B.

1033 2267 1221 2310 ξυσσίτια]
1247 2266 1412 2308 ξυνσίτια
1436 2266 1535 2300 Vind.
1560 2267 1604 2300 F.

1034 2310 1364 2354 κατεσκευάσθαι]
1431 2312 1650 2346 κατεσκευά-

989 2360 1082 2392 σθαι
1131 2360 1217 2402 Ang.
1263 2359 1304 2392 B.
1347 2358 1651 2392 κατασκενᾶσθαι

990 2405 1087 2438 Vind.
1113 2405 1156 2437 F.
1182 2401 1530 2438 κατασκευάσασθαι
1563 2404 1648 2438 Lob.

988 2452 1067 2484 Vat
1093 2451 1173 2484 ΒΜ.
1200 2451 1282 2485 ven.
1309 2451 1348 2484 C.
1385 2451 1458 2484 Ald.
1490 2451 1569 2484 Bas.
1594 2451 1650 2484 ab.

989 2497 1108 2541 Steph.
1134 2498 1318 2540 Ast.fient
1347 2497 1420 2531 Fic.

989 2551 1274 2634 γ’μᾶμηὲῖεταις]
1309 2551 1515 2598 μιμήσεται.
1562 2552 1648 2587 Lob.

1022 2611 1157 2689 ullVoct'J.
1177 2601 1353 2680 ‘'Sntzfffpllldob·
1382 2647 1461 2681 vat.
1485 2645 1535 2679 M.

1040 2691 1123 2737 Τῷ]
1152 2691 1220 2724 τοῦ
1245 2692 1320 2727 Ald.
1342 2693 1422 2726 Bas.
1439 2703 1471 2726 a.
1495 2689 1538 2725 τὸ
1567 2690 1645 2722 Vat.

990 2737 1029 2769 B.
1063 2749 1148 2770 am.
1174 2749 1201 2770 s.
1238 2738 1426 2784 (teiam.
1452 2737 1528 2782 pr.)
1563 2736 1646 2768 Ven.

990 2783 1029 2817 B.
1055 2783 1133 2818 Bas.
1157 2783 1189 2817 b.
1215 2772 1336 2829 steph.
1361 2783 1550 2818 tacentibus
1572 2781 1647 2825 Bip.
