1764 3176
533 223 861 273 CIVITAS
898 224 1022 270 LIB.
1049 226 1107 271 X.
1138 235 1205 269 605

1469 233 1555 275 235

173 339 228 395 τῇ
255 339 376 393 ψυχῇ
405 335 624 393 ἐμποιεῖν,
671 342 734 395 τῷ
773 336 948 395 α’νοήτῳ
986 337 1120 394 αὐτῆς
1157 339 1441 396 χαριζόμενον
1479 343 1553 386 καὶ

173 405 274 449 οὔτε
303 403 357 448 τοὶ
383 407 511 461 μείζω
540 406 644 451 οὔτε
670 407 724 450 τὰ
751 406 912 451 ἐλάττω
945 405 1327 462 διαγιγνώσκοντι,
1361 406 1469 452 ἀλλὰ
1499 409 1552 453 τοὶ
1587 414 1619 456 C

172 470 286 517 αὐτοὶ
323 473 420 517 τοτὲ
457 475 537 531 μὲν
574 475 740 532 μεγάλα
776 473 1034 532 ἡγουμένῳ,
1072 474 1167 517 τοτὲ
1208 476 1253 519 δὲ
1284 477 1471 533 σμικροὶ,
1503 480 1557 522 εἴ·

171 542 288 585 &aaa
319 544 692 596 εἰδωλοποιοῦντι,
721 546 804 587 τοῦ
835 543 881 587 δὲ
912 541 1108 598 ἀληθοῦς
1136 542 1290 597 πόρῤω
1312 546 1429 590 πάνυ
1453 545 1558 603 ἀφε-

170 613 324 653 στῶτα.
384 610 515 655 Πάνυ
555 611 636 668 μὲν
666 606 761 655 οὖν.

824 608 889 655 Οὐ
920 611 1068 666 μέντοι
1098 626 1165 654 πω
1196 611 1247 654 τό
1275 629 1324 667 γε
1352 615 1557 670 μέγιστον

168 679 532 736 κατηγορήκαμεν
562 678 708 737 αὐτῆς.
739 678 789 723 τό
813 678 898 735 γὰρ
929 680 1003 723 καὶ
1032 679 1136 730 τοὺς
1166 679 1364 732 ἐπιεικεῖς
1394 682 1553 738 ἱκανήν

170 744 281 791 εἶναι
311 752 565 803 λωβᾶσθαι,
606 747 728 800 ἐκτὸς
761 746 880 791 πάνυ
918 752 1053 791 τινῶν
1092 747 1276 803 ὀλίγων,
1318 749 1556 795 πάνδεινόν

168 830 272 858 που.

170 898 235 927 ων
282 883 451 928 σκόπει.

347 817 400 859 Τί
448 813 490 859 δ’
525 813 579 859 οὗ
619 816 787 872 μέλλει,
829 817 948 868 εἴπερ
990 832 1039 871 γε
1088 818 1170 873 δρᾷ
1219 815 1349 868 αὐτός

1404 816 1555 866 Ἀκού-

530 885 575 927 οῐ
606 883 707 939 ’γάρ
756 899 845 927 που
895 884 1111 939 βέλτιστοι
1160 883 1285 941 ἡμῶν
1335 884 1556 942 α’κροώμε-

169 967 242 994 νοι
279 951 475 1008 Ὁμήρου
521 950 550 1009 ἢ
599 953 674 996 καὶ
713 952 849 996 ἄλλου
895 953 1015 1004 τινός
1053 957 1142 996 τῶν
1193 956 1617 1013 τραγῳδιοποιώνΒ

168 1055 250 1090 Par.
273 1056 319 1091 K.
342 1068 410 1090 sec.
436 1057 511 1102 Bip.
538 1054 669 1099 σμικρὰ
694 1055 757 1089 καὶ
784 1055 833 1089 εἴ·

169 1101 271 1135 δωλα
294 1114 362 1136 sec.
388 1103 496 1136 Bekk.
547 1104 685 1136 Comma
704 1114 723 1136 a
740 1102 834 1136 Bek-

168 1147 254 1181 kero
278 1151 333 1181 est
353 1148 602 1191 interpositum.

217 1193 545 1238 εἰδωλοποιοῦντι]
580 1195 635 1228 Ita
663 1194 763 1228 Vind.
787 1194 831 1227 F.

168 1240 230 1274 sed
266 1252 341 1274 cum
364 1241 470 1274 litura
499 1241 534 1274 in
558 1246 710 1284 extrema
735 1252 758 1273 ι.
791 1240 832 1273 In

168 1287 264 1321 Mon.
288 1287 328 1320 B.
355 1288 526 1331 vulgatum
555 1299 575 1320 a
599 1298 642 1321 m.
666 1298 717 1330 pr.
743 1286 831 1319 scri-

167 1338 264 1378 ptum
288 1344 309 1366 a
331 1344 374 1366 m.
399 1345 428 1366 s.
452 1334 487 1367 in
513 1332 831 1367 εἰδωλοποιοῦντα

167 1382 334 1412 mutatum
358 1384 424 1422 est,
449 1380 538 1424 quod
562 1379 669 1423 ipsum
695 1390 714 1412 a
734 1378 831 1412 Mor—

167 1425 365 1468 gensternio
401 1425 610 1470 propositum
644 1424 761 1458 Astius
794 1424 830 1457 in

166 1475 250 1505 tert.
274 1476 309 1504 et
331 1471 574 1504 Stallbaumius
606 1472 639 1504 in
674 1482 725 1516 pr.
749 1482 830 1515 pro-

166 1517 313 1559 barunt,
338 1516 394 1550 hic
418 1517 450 1550 in
475 1529 543 1550 sec.
570 1517 668 1550 etIam
695 1517 729 1549 in
754 1523 829 1549 tex-

167 1567 239 1596 tum
262 1563 404 1607 recepit.
453 1563 524 1596 Sed
550 1563 647 1597 vilius
672 1563 715 1596 is
702 1563 759 1595 ud
786 1564 829 1596 ab

168 1609 314 1653 optimo,
346 1609 559 1663 λογιστικῷ,
585 1609 756 1642 diversum
786 1609 829 1642 si-

169 1654 321 1688 mulacra
339 1659 374 1688 et
379 1655 504 1711 ipsum
524 1655 626 1699 fingit
642 1657 702 1697 (cf.
724 1654 827 1687 schol.

169 1701 213 1733 ad
236 1701 343 1734 verba
365 1698 441 1735 υπὸ
480 1699 616 1744 ε’ρωτος
649 1701 690 1735 L.
714 1701 831 1735 VIIII.

169 1757 204 1790 p.
225 1747 304 1781 574.
325 1747 386 1791 E.)
420 1750 526 1792 utque
559 1759 621 1791 pro
654 1747 746 1780 veris
771 1747 831 1780 ha-

168 1792 315 1826 beantur
356 1793 482 1827 efficit·
516 1797 650 1837 ροὲἐῐᾶιι]
697 1793 831 1838 quidem

169 1838 216 1872 nil
249 1837 313 1872 nisi
347 1840 482 1872 umbras
514 1841 630 1872 facere
662 1843 698 1872 et
728 1850 832 1883 supra

169 1884 253 1918 satis
277 1885 544 1919 demonstratum
568 1891 604 1918 et
622 1885 678 1918 hic
696 1896 832 1930 quoque

167 1930 371 1987 repetitum
389 1934 442 1965 est
475 1931 592 1964 verbis
616 1931 669 1965 τῶ
704 1931 832 1986 φαῦλα

167 1979 290 2010 ποιεῖν
303 1975 398 2021 πρὸς
417 1974 599 2021 ἀλήθειαν
628 1966 745 2011 ἔοικεν
766 1974 832 2011 ocv’-

167 2022 234 2068 τῷ.
280 2023 404 2068 Neque
436 2024 622 2066 Socnates,
655 2024 682 2056 si
712 2024 766 2057 hic
790 2024 832 2056 de

167 2071 274 2124 poeta
300 2069 431 2103 Iocutus
463 2075 577 2112 esset,
607 2070 720 2126 paullo
753 2075 833 2114 post

168 2112 288 2159 αὐτῆς
309 2115 435 2160 potius,
453 2127 554 2161 quam
579 2113 697 2150 αυτοῦ
723 2116 833 2150 dictu—

166 2172 225 2194 rus
248 2161 384 2196 fuisset.

213 2207 297 2251 τοῦ]
323 2207 438 2241 τοῦτο
465 2208 547 2243 Bas.
571 2209 606 2242 b.

212 2251 328 2308 πάνυ]
356 2251 429 2288 ἄνυ
456 2254 558 2289 Vind.
577 2255 619 2288 F.

215 2295 429 2344 ἀφεστῶτα]
456 2300 510 2334 Ita
522 2301 602 2335 Par.
614 2300 721 2334 ΑΒΚ.
735 2300 828 2335 Mon.

168 2346 210 2379 Β.
235 2346 315 2380 vat.
340 2346 380 2380 B.
405 2346 489 2379 Ven
516 2346 557 2380 C.
583 2347 719 2391 Angmss
737 2347 828 2380 Flor.

167 2390 313 2426 RTUV.
340 2388 535 2426 vineatam
557 2393 658 2426 Vind.
684 2395 722 2427 F.
746 2390 828 2436 ἑφε-

168 2437 292 2471 στῶτα
314 2438 394 2472 Vat.
408 2438 455 2472 Μ.
481 2435 667 2483 αφεστῶτι
690 2439 775 2472 Ven.
786 2440 827 2472 B.

167 2489 206 2518 et
235 2483 296 2518 int.
328 2496 419 2518 vers.
451 2485 530 2519 Par.
554 2485 596 2519 D.
631 2497 705 2518 cnm
729 2485 828 2519 editis

167 2533 249 2564 ante
281 2530 495 2564 Stallbaumii
536 2543 607 2566 sec.
649 2528 828 2574 ἐφεστῶτι

167 2576 254 2610 Lob.
280 2573 494 2632 αφεστῶτος
521 2577 621 2612 Vind.
646 2578 721 2611 BE.
746 2579 826 2611 Vat.

165 2623 212 2657 H.
236 2623 333 2656 Flor.
351 2623 424 2656 Ac.
451 2619 648 2667 ἀφεστῶτα
667 2627 702 2657 et
724 2624 827 2657 εἰδω-

168 2668 397 2703 λοποιοῦντα
417 2669 519 2703 etiam
541 2670 681 2703 Ficinus
705 2670 828 2714 legiSse

169 2715 304 2748 videtur
336 2716 421 2749 haec
452 2715 530 2749 inde
572 2717 615 2749 ab
658 2715 829 2750 εἰδωλοπ.

168 2761 219 2795 sic
251 2762 515 2806 interpretatus:
551 2768 655 2807 atque
683 2763 761 2796 huic
783 2764 830 2796 si-

168 2809 325 2842 mulacra
336 2808 470 2852 fingit,
503 2809 605 2853 longe
634 2821 657 2842 α
682 2810 831 2843 veritate

167 2859 327 2888 remotus.
375 2854 469 2888 Idem
506 2855 622 2888 Astius
656 2858 691 2888 et
724 2855 832 2888 Stall-

169 2900 323 2934 baumius
354 2904 530 2942 statuunt,
563 2911 704 2946 quorum
737 2901 831 2946 prior

892 1053 1092 1100 α’φεστῶτα
1134 1057 1170 1090 in
1213 1061 1294 1091 tert.
1343 1059 1556 1092 scribendum

890 1104 1108 1148 suspicatur,
1131 1105 1219 1136 alter
1242 1104 1277 1137 in
1301 1116 1369 1137 sec.
1395 1105 1445 1138 ita
1469 1105 1556 1138 scri-

889 1149 969 1194 psit.
1038 1149 1125 1183 Mihi
1159 1147 1358 1192 οἷφεστῶτα
1396 1155 1555 1184 neutrum

889 1200 962 1234 est,
994 1201 1031 1228 ut
1063 1196 1129 1228 vile
1161 1196 1250 1228 istud
1283 1197 1416 1230 dicatur
1440 1199 1556 1231 facere

889 1241 1025 1285 quidem
1049 1241 1188 1286 afiquid,
1212 1242 1270 1275 sed
1296 1243 1385 1287 quod
1409 1243 1509 1288 longe
1534 1255 1555 1277 a

888 1287 1035 1320 veritate
1058 1294 1224 1321 remotum
1249 1287 1307 1321 sit.

933 1344 992 1366 πω
1016 1329 1062 1368 τό
1087 1335 1146 1378 γε]
1173 1345 1289 1367 ποταε
1323 1346 1397 1367 cum
1421 1334 1556 1378 virgula

887 1390 950 1424 per
995 1391 1018 1412 α
1052 1380 1212 1412 traducta
1249 1380 1349 1414 vind.
1382 1380 1422 1413 F.
1467 1378 1554 1414 τότε

886 1427 972 1468 Ang.
999 1427 1038 1459 B.
1068 1426 1159 1458 Flor.
1184 1426 1226 1459 R.

934 1469 1261 1515 κατηγορήκαμεν]
1304 1469 1553 1516 κατηγορήσο-

887 1528 953 1560 μεν
982 1518 1066 1550 Lob.
1094 1518 1172 1551 Vat.
1201 1518 1234 1550 Μ

934 1564 1022 1617 που]
1052 1561 1147 1597 πολύ
1174 1564 1272 1597 Vind.
1292 1564 1333 1598 F.

933 1607 1035 1652 μέλλ
1023 1611 1086 1665 [⁶³2]
1102 1607 1244 1652 μέλλει;
1269 1611 1350 1644 Bas.
1375 1611 1430 1644 ab.

935 1653 1053 1696 αὐτός
1078 1653 1380 1699 Ἀκούων]αὗτοῦ
1395 1653 1454 1689 du.
1468 1656 1555 1690 Lob.

887 1705 922 1736 et
956 1713 1030 1735 cum
1074 1702 1169 1755 signo
1203 1706 1354 1736 mutatae
1389 1714 1556 1747 personae

888 1753 968 1782 ante
1004 1744 1122 1782 αὐτοῦ
1159 1749 1234 1782 V.at
1270 1749 1352 1783 ΒΜ.
1395 1749 1477 1782 Ven.
1513 1750 1556 1782 C.

888 1794 966 1827 Par.
1001 1793 1079 1828 DK.
1115 1806 1185 1828 sec.
1216 1795 1325 1828 Bekk.
1362 1794 1556 1839 (Bipontini

888 1840 931 1873 de
953 1840 1011 1873 illo
1037 1839 1133 1884 signo
1157 1841 1302 1884 tacent.)
1327 1841 1423 1874 Flor.
1447 1840 1493 1874 U.
1519 1845 1556 1875 et

889 1898 908 1919 a
936 1898 978 1919 m.
1015 1897 1065 1931 pr.
1099 1887 1192 1920 Mon.
1217 1888 1258 1920 B.
1293 1887 1334 1931 (a
1367 1898 1412 1920 m.
1440 1898 1467 1920 s.
1492 1899 1554 1931 pro

888 1932 984 1976 signo
1010 1937 1090 1966 mut.
1117 1944 1207 1976 pers.
1240 1933 1372 1976 signum
1406 1933 1555 1967 interro-

887 1979 990 2022 gandi
1024 1979 1182 2022 factum.)
1220 1976 1314 2013 αὐτὸ
1349 1976 1407 2012 οἰκ.
1454 1979 1554 2014 Vind.

890 2025 993 2058 BEF.
1019 2025 1074 2058 hic
1100 2037 1173 2058 cum
1199 2031 1363 2059 commate
1387 2029 1467 2059 ante
1492 2023 1554 2060 αὖ.

890 2067 998 2104 αὐτό.
1033 2068 1096 2105 'Am
1128 2072 1203 2105 Ald.
1229 2073 1311 2105 Bas.
1337 2073 1391 2105 ab.
1417 2072 1554 2106 Bekke-

889 2128 948 2151 rus
973 2123 1009 2151 et
1031 2117 1274 2151 Staubaumius
1305 2118 1338 2151 in
1363 2129 1414 2162 pr.

937 2162 988 2206 οι]
1012 2175 1056 2197 ου
1082 2164 1178 2198 Flor.
1205 2164 1277 2197 AC.
1302 2167 1337 2196 et
1360 2169 1441 2197 ante
1466 2175 1554 2198 corr.

891 2209 994 2242 Vind.
1018 2211 1060 2244 Β
1086 2210 1120 2242 in
1145 2222 1211 2255 quo
1236 2222 1255 2243 a
1281 2222 1323 2243 m.
1348 2221 1375 2242 s.
1405 2220 1467 2244 σω.
1493 2221 1555 2244 an-

886 2260 921 2289 te
946 2255 983 2288 οἱ.
1006 2255 1169 2289 insertum
1195 2261 1260 2289 est.
1284 2268 1397 2289 nonne
1422 2256 1496 2290 Fic.

932 2299 1136 2347 βέλτιστοι]
1171 2300 1359 2347 βέλτιστον
1383 2302 1485 2338 Vind.
1509 2303 1553 2337 F.

886 2356 966 2382 ante
991 2359 1079 2381 corr.
1585 2385 1594 2389 ,

930 2389 954 2437 ἢ
980 2393 1068 2438 καὶ]
1099 2392 1162 2427 καὶ
1186 2406 1250 2427 om.
1275 2393 1361 2428 Lob.
1385 2394 1486 2430 Vind.
1508 2395 1551 2428 F.

885 2440 979 2474 Mon.
1003 2441 1044 2474 B.
1070 2442 1148 2475 Vat.
1177 2440 1257 2474 ΒΜ.
1295 2441 1377 2473 Ven.
1406 2442 1446 2475 C.
1473 2441 1552 2475 Par.

885 2486 961 2520 DK.
997 2498 1067 2520 sec.
1104 2486 1216 2520 Bekk.
1249 2486 1336 2530 Ang.
1373 2487 1414 2521 B.
1457 2487 1488 2520 Γ
1489 2487 1551 2522 lor.

930 2578 1256 2623 τραγῳδιοποιῶν]
1343 2579 1546 2622 τραγωϊδο-

883 2625 1004 2658 ποιῶν
1043 2624 1142 2658 Vind.
1172 2625 1218 2670 F.
1254 2625 1547 2668 τραγωδοποιῶν

886 2671 985 2706 Vind.
1011 2671 1083 2705 ΒΕ.
1111 2673 1198 2714 Ang.
1223 2671 1262 2704 B.
1288 2673 1367 2705 Vat.
1394 2671 1438 2704 H.
1456 2672 1551 2706 Flor.

886 2717 960 2750 AC.
986 2728 1127 2760 quorum
1151 2717 1353 2762 scripturam
1371 2718 1552 2751 Bekkerus

887 2766 923 2796 et
946 2762 1190 2797 Stallbaumius
1215 2766 1249 2796 et
1273 2764 1308 2797 in
1332 2768 1413 2796 tert.
1435 2763 1551 2797 Astius

887 2808 996 2842 secuti
1021 2814 1111 2843 sunt.
1143 2810 1191 2842 Ac
1210 2810 1389 2842 Bekkerus
1414 2810 1551 2853 quidem

887 2854 921 2888 in
939 2866 1055 2888 eornm.
1078 2855 1160 2889 nihil
1178 2855 1240 2889 nisi
1259 2855 1551 2898 τραγωδοποιῶν

886 2900 920 2934 in
944 2901 1054 2935 tribus
1086 2900 1154 2936 inis
1177 2913 1197 2935 a
1230 2912 1267 2935 se
1290 2901 1462 2936 inventum
1485 2913 1549 2935 no-
