1764 3176
592 185 1069 228 EDITORIS.
1420 199 1543 225 hvllll

153 316 230 343 man
251 307 312 341 δαέ
342 304 555 350 &utenhuson
584 306 650 341 unb
681 304 848 348 stupente
879 304 1031 346 nanntc.)
1061 303 1129 338 eine
1159 297 1272 346 gteidye
1299 300 1356 336 ine
1376 300 1543 343 (Βεδὶεῖτε,

154 365 207 399 ets
230 363 370 407 humbert
390 363 425 398 in
448 365 503 399 δεῖ
523 360 629 406 cange
662 364 728 397 unb
759 361 900 405 δαηδεῖῖ
919 361 953 396 in
976 362 1032 395 δεῖ
1061 359 1204 399 §Breites
1236 358 1304 393 eine
1328 359 1465 397 αηδεῖε,
1497 358 1546 392 δίε

156 427 318 466 &maraon
332 415 465 462 gteicbet
480 417 585 463 cange
608 417 658 461 ist!
680 417 757 453 αδεῖ
778 418 840 453 mit
855 415 1112 460 metlangerung
1132 417 1187 451 δεῖ
1200 415 1293 450 einen
1309 415 1420 456 Ε’Ξεὶεε,
1444 415 1475 453 fo
1491 415 1552 454 δαβ

155 485 246 522 fimat
271 473 347 518 aud)
367 475 508 519 banbett
537 485 580 511 an
601 476 657 510 δεῖ
674 475 779 518 δαδῐ,
812 471 889 516 uad)
918 475 989 509 bem
1025 469 1264 515 biametrifdjen
1293 471 1462 506 uusbruoe
1497 472 1553 505 δεῖ

155 531 286 577 &anien
308 532 404 567 δαῖίη
436 533 559 576 stegen,
591 539 708 566 mocon
735 530 812 566 ubet
840 530 908 573 iebe
938 529 1037 572 biescr
1059 527 1189 572 &suiten
1220 525 1295 571 nod)
1328 528 1395 563 eine
1427 527 1552 569 bebarf,

156 591 223 625 unb
246 589 324 633 gmei
344 588 465 624 &eirea
486 585 744 632 unaussgebritrtt
774 587 862 630 Ῐίηδε
894 587 1035 631 humbert
1068 586 1145 620 αδεῖ
1176 585 1285 628 fulgen
1314 589 1377 619 oue
1400 585 1459 619 δεη
1482 583 1553 618 Ru:

157 646 217 682 ben
238 647 295 681 δεῖ
320 645 483 690 θῖείδεὶε.
525 645 622 688 Qicfe
642 653 742 689 gange
759 644 842 687 ὃαδῐ
860 643 899 687 1·st
918 653 987 679 nun
1009 638 1225 686 geomettifd),
1244 642 1311 675 unb
1331 641 1453 684 regiect
1474 638 1555 675 ὑδεῖ

157 703 207 738 δίε
230 702 501 738 nourommneren
527 703 604 737 οδεῖ
621 701 944 736 unvourommncren
966 696 1186 743 mensd)1id)en
1203 698 1414 741 3eugungen.
1444 697 1555 732 {Benn

157 759 238 802 δίεῖε
267 757 344 794 abet
372 766 436 794 von
469 768 566 794 euetn
604 754 843 801 &cbuebt‘ttern
873 758 930 792 bes
960 756 1093 791 &tants
1122 751 1208 797 nidyt
1238 755 1374 789 erfonnt
1412 755 1554 795 τυεῖδειι,

158 817 225 851 unb
255 814 296 858 sie
323 815 389 858 αῐῖο
412 815 632 859 Sungfrauen
663 816 730 849 unt>
753 813 986 857 zunggeseuen
1006 822 1065 857 gur
1081 812 1195 857 ungcit
1229 808 1341 854 cheud)
1367 810 1554 851 υεῖδὶηδεη,

157 872 190 915 fo
211 873 340 907 ωεῖδεη
367 871 453 908 {eine
481 871 697 916 gurgebitbcte
735 872 802 905 unb
830 871 1026 914 segenssnoIIe
1060 869 1187 904 ἐξίηδεῖ
1221 867 1393 911 εητῆεδεη.
1454 868 1554 901 Haec

158 930 223 963 etsi
242 940 312 963 non
331 929 569 972 satisfaciunt,
601 933 716 962 tamen
746 932 875 962 certam
894 928 1101 961 sententiam
1130 925 1302 970 produnt,
1333 925 1428 958 cuius
1450 924 1554 957 etiam

159 997 219 1021 exs
245 986 456 1020 ectationem
483 987 533 1020 vir
567 985 783 1019 doctissimus
816 985 850 1017 in
885 985 1108 1019 annotatione
1131 983 1176 1016 ad
1194 982 1285 1015 hunc
1307 983 1418 1015 locum
1436 981 1554 1022 movit,

158 1052 294 1087 coplam
327 1043 500 1085 nondum,
529 1042 622 1085 quod
655 1042 781 1084 sciam,
810 1041 904 1075 fecit.
971 1040 1060 1082 Alii,
1089 1040 1146 1083 qui
1175 1044 1296 1073 nostra
1322 1043 1438 1072 aetate
1464 1038 1554 1071 scri-

159 1103 318 1144 pserunt,
349 1100 579 1142 ignorantiam
608 1110 704 1132 suam
732 1103 792 1132 aut
813 1103 933 1141 aperte
952 1097 1098 1132 confessi
1116 1101 1196 1130 sunt
1223 1101 1283 1129 aut
1310 1095 1432 1128 callide
1454 1095 1555 1128 dissi-

158 1158 374 1190 mulaverunt
391 1161 451 1190 aut
474 1158 592 1190 leviter
613 1160 833 1189 excusarunt.
891 1155 956 1188 His
977 1155 1081 1197 igitur
1113 1153 1253 1187 silentio
1282 1152 1489 1185 transmissis
1509 1151 1553 1184 ad

159 1213 319 1259 antiquos
353 1213 428 1247 illos
462 1224 526 1247 nos
555 1213 804 1253 convertimus,
834 1222 978 1255 quorum
1008 1211 1167 1244 notitiam
1193 1210 1381 1243 Francisco
1406 1209 1554 1242 Barocio

161 1271 337 1316 debemus,
366 1271 463 1303 cuius
481 1280 524 1303 ex
543 1270 629 1302 libro
648 1279 739 1302 nunc
756 1270 840 1302 satis
860 1269 1011 1312 cognito,
1041 1278 1130 1311 quae
1151 1267 1195 1300 de
1215 1266 1318 1300 variis
1336 1276 1454 1299 eorum
1480 1265 1555 1309 opi-

161 1327 318 1361 nionibus
342 1330 460 1369 agunt,
490 1325 578 1360 haec
598 1325 845 1369 excerpsimus:

272 1382 374 1417 Nunc
403 1383 447 1417 ad
476 1384 620 1417 aliorum
641 1383 868 1425 interpretum
897 1381 1128 1425 expositiones
1153 1391 1217 1414 nos
1243 1379 1482 1420 conferamus,
1520 1382 1560 1412 ut

160 1439 210 1474 eis
225 1439 423 1482 declaratis,
455 1445 560 1483 atque
581 1439 777 1481 confutatis,
807 1439 848 1473 eo
868 1439 976 1481 magis
1001 1449 1166 1481 praesens
1189 1441 1306 1470 nostra
1332 1436 1473 1469 huiusce
1493 1435 1559 1469 loci

160 1497 331 1540 expositio
353 1498 583 1531 confirmetur.
613 1497 786 1532 Quoniam
807 1496 911 1539 igitur
933 1500 969 1528 ut
987 1496 1030 1528 ab
1050 1495 1148 1528 initio
1170 1494 1329 1535 diximus,
1352 1493 1560 1526 clarissimo-

161 1563 235 1587 rum
256 1558 414 1587 autorum
433 1554 476 1587 de
503 1553 570 1587 hoc
591 1553 748 1587 Platonis
774 1553 852 1586 loco
883 1562 1076 1586 sermonem
1108 1551 1306 1584 habentium
1335 1551 1392 1583 alii
1424 1550 1560 1592 quidem

161 1611 276 1643 locum
299 1610 409 1654 ipsum
432 1610 671 1644 tantummodo
702 1610 912 1653 tetigerunt,
954 1615 989 1642 et
1014 1608 1094 1642 nihil
1125 1608 1169 1641 ad
1202 1608 1275 1641 eius
1300 1607 1560 1649 intelligentiam

161 1667 344 1709 dixerunt,
374 1668 432 1701 alii
459 1667 541 1701 vero
561 1667 711 1700 breviter
730 1677 806 1700 eum
826 1669 1080 1709 exposuerunt,
1109 1666 1284 1704 multaque
1318 1664 1561 1706 praetermise-

163 1728 263 1757 runt:
294 1723 339 1757 de
359 1724 418 1766 iis,
451 1724 508 1767 qui
535 1725 649 1757 locum
679 1723 848 1757 duntaxat
867 1723 1078 1765 attigerunt,
1106 1722 1151 1755 nil
1184 1720 1264 1754 mihi
1287 1720 1471 1754 dicendum
1489 1724 1560 1753 est:

164 1785 203 1814 at
224 1780 268 1814 de
284 1780 347 1824 iis,
377 1780 435 1823 qui
467 1781 580 1815 locum
609 1790 782 1823 exponere
805 1780 921 1813 conati
951 1782 1048 1819 sunt,
1080 1778 1113 1811 in
1136 1777 1333 1821 praesentia
1357 1787 1432 1810 sum
1457 1777 1560 1810 verba

163 1836 330 1871 facturus.
388 1837 474 1870 Cam
498 1841 614 1870 autem
642 1837 788 1869 lacobus
813 1837 926 1870 Faber
954 1830 1169 1878 stapulensis
1194 1835 1343 1868 omnium
1374 1834 1408 1867 in
1436 1832 1502 1867 hac
1523 1844 1561 1867 re

163 1893 441 1937 diligentissimus
464 1893 589 1935 fuerit,
623 1892 754 1926 idcirco
781 1893 925 1936 primum
955 1892 1092 1934 quidem
1115 1892 1187 1924 eius
1210 1891 1459 1934 expositionem
1483 1890 1562 1923 dili-

162 1955 285 1993 genter
307 1950 524 1992 examinabo,
557 1949 682 1983 deinde
701 1953 915 1983 caeterorum
937 1949 1040 1982 etiam
1059 1949 1292 1992 expositiones
1312 1948 1431 1991 paucis
1455 1958 1561 1991 expe-

163 2007 267 2041 diam.
326 2007 452 2043 Quoad
483 2007 733 2050 expositionem
757 2006 875 2049 itaque
900 2006 1026 2050 Fabri,
1056 2005 1232 2039 sciendum
1264 2009 1334 2046 est,
1365 2004 1457 2047 quod
1486 2005 1560 2047 ipse

165 2073 234 2098 non
254 2064 418 2107 explicuit
434 2073 602 2107 quaenam
633 2064 679 2096 sit
699 2063 732 2096 in
753 2062 818 2096 hoc
848 2064 926 2096 loco
945 2063 1099 2096 Platonis
1117 2062 1274 2103 intentio,
1303 2073 1369 2095 nec
1388 2062 1460 2095 eius
1477 2071 1559 2094 sen-

166 2121 310 2154 tentiam
327 2121 438 2154 verbis
455 2121 538 2164 ipsis
558 2119 763 2164 applicavit,
791 2124 831 2153 ut
851 2131 913 2153 nos
931 2119 966 2153 iu
987 2119 1276 2163 praecedentibus
1305 2118 1467 2160 fecimus;
1497 2117 1561 2151 sed

166 2177 468 2221 ipsorum'tantirm
486 2178 665 2211 verborum
679 2177 937 2210 Platonicorum
955 2177 1223 2219 significationes
1240 2176 1439 2217 declaravit,
1469 2174 1561 2217 quod

169 2243 233 2267 nos
254 2233 360 2267 etiam
388 2234 423 2268 in
441 2234 673 2278 superioribus
697 2234 828 2276 egimus
859 2237 1042 2276 antequam
1063 2233 1219 2266 Platonis
1239 2237 1389 2265 mentem
1408 2233 1560 2275 aperire-

170 2300 256 2326 mus,
287 2291 322 2324 in
350 2291 562 2334 exponendis
582 2294 697 2324 autem
720 2291 832 2324 verbis
850 2291 932 2334 ipsis
962 2291 1029 2323 alia
1048 2290 1184 2333 quidem
1205 2289 1333 2332 optime
1362 2289 1562 2330 declaravit,

170 2347 238 2380 alia
256 2347 338 2380 vero
355 2348 500 2390 quanvis
519 2347 716 2381 acutissime
732 2358 802 2380 non
821 2352 936 2380 tamen
959 2347 1075 2390 recte,
1104 2347 1239 2389 aliaque
1267 2346 1403 2379 demum
1426 2345 1564 2379 omnino

171 2404 306 2438 silentio
333 2404 481 2438 involvit.
512 2415 578 2438 nec
610 2404 848 2437 admirandum
877 2414 953 2437 esse
985 2414 1108 2437 censeo
1136 2403 1227 2446 quod
1247 2407 1362 2436 tantus
1382 2402 1429 2436 vir
1449 2403 1564 2436 omnia

172 2461 335 2504 consequi
357 2471 425 2494 non
447 2462 618 2504 potuerit,
648 2461 809 2503 quoniam
837 2466 871 2494 et
888 2461 984 2494 locus
1006 2459 1063 2503 (ut
1090 2461 1158 2493 iam
1179 2460 1341 2503 vidimus)
1361 2460 1567 2493 obscurissi-

172 2527 248 2550 mus
266 2521 331 2558 est,
361 2521 397 2551 et
414 2528 482 2551 non
500 2519 613 2551 omnia
635 2527 816 2561 possumus
838 2527 968 2559 omnes,
999 2516 1205 2560 quandoque
1224 2519 1310 2550 enim
1331 2517 1440 2550 bonus
1461 2517 1566 2550 etiam

174 2573 338 2607 dormitat
368 2574 551 2608 Homerus.
581 2575 615 2609 in
641 2574 757 2617 primis
784 2574 888 2617 igitur
915 2575 1106 2608 universam
1135 2574 1206 2607 eius
1236 2574 1486 2617 expositionem
1510 2584 1567 2607 re-

174 2631 342 2678 censebo,
376 2630 500 2664 deinde
520 2641 687 2674 quaenam
708 2631 751 2663 ab
772 2641 814 2664 eo
834 2632 950 2671 recte,
978 2634 1015 2664 et
1038 2641 1125 2673 quae
1143 2631 1232 2664 male
1251 2631 1429 2675 exposita,
1461 2640 1568 2673 quae—

174 2697 242 2730 que
263 2687 399 2730 penitus
428 2688 671 2731 praetermissa
698 2688 787 2729 sint,
817 2688 1009 2721 ostendam.
1068 2687 1285 2722 Clarissimus
1309 2688 1413 2730 igitur
1432 2688 1498 2720 iste
1517 2686 1568 2720 vir

175 2742 265 2777 hunc
288 2744 322 2777 in
343 2743 479 2777 modum
499 2745 602 2778 verba
619 2744 777 2778 Platonis
803 2745 965 2788 explicat.
1023 2744 1140 2778 Primo
1168 2744 1309 2788 exponit
1326 2744 1467 2778 verbum
1485 2743 1568 2777 illud

173 2809 335 2843 graecum
355 2797 534 2842 πυθμὴν,
559 2805 594 2835 et
620 2802 668 2834 ait
703 2801 794 2844 quod
816 2805 962 2844 quatuor
983 2802 1178 2844 significare
1195 2805 1330 2845 potest,
1358 2801 1488 2834 scilicet
1506 2811 1564 2834 ra-

174 2857 298 2900 dicem,
327 2858 563 2902 propaginem,
586 2857 739 2900 fundum,
769 2861 804 2892 et
823 2858 986 2900 solidum3
1019 2858 1179 2903 quodque
1206 2858 1257 2893 his
1286 2862 1436 2901 quatuor
1454 2857 1565 2892 modis
