1764 3176
601 185 636 228 E
664 185 756 229 DJ
784 185 822 228 T
852 186 892 230 O
921 182 961 229 R
988 186 1009 229 I
1041 186 1085 230 S.
1326 203 1518 230 Lxxvllll

127 310 287 348 centum
305 308 481 348 numeris
501 307 751 360 totidemque
774 307 886 347 cubis
907 309 1069 347 ternarii
1089 306 1295 348 harmonia
1314 309 1519 360 posterior

127 400 340 441 efficienda
370 400 434 440 sit.
505 399 662 438 Horum
684 412 760 452 ego
781 413 854 452 ea,
888 411 990 450 quae
1019 412 1176 439 mecum
1209 401 1330 440 sentit
1353 402 1412 440 vir
1442 401 1516 440 do-

127 493 350 540 ctissimus,
386 504 594 531 numerum
611 505 635 530 a
655 490 824 530 Platone
842 491 1106 542 significatum
1130 504 1223 531 esse
1243 492 1349 540 216,
1386 496 1427 532 et
1447 492 1521 533 da-

125 585 248 623 tivum
267 579 330 638 τῇ
349 574 601 640 προμήκει,
637 583 672 622 si
693 584 747 622 ita
768 583 989 635 scripserit,
1026 582 1073 621 ab
1099 574 1303 642 ἰσομήκη
1326 585 1520 636 pendere,

126 688 251 726 quum
272 676 390 714 etiam
417 688 522 714 nunc
544 687 619 728 pro
642 676 746 714 veris
767 675 960 723 habeam,
996 687 1078 714 non
1102 675 1228 726 magis
1246 688 1416 726 possum
1438 689 1520 717 non

124 767 321 820 probare,
368 761 624 819 quam'quod
661 767 958 807 harmoniarum
987 767 1358 819 interpretationem
1388 782 1520 808 meam

122 859 347 911 improbat,
380 859 492 898 cuius
523 862 678 912 partem
700 860 877 911 priorem
897 871 949 898 ne
971 859 1069 898 mihi
1093 859 1254 910 quidem
1283 860 1519 901 satisfacere
1580 893 1589 902 ,

122 952 201 990 iam
232 955 317 990 tum
348 951 518 991 ostendi.
601 951 684 990 Sed
725 952 964 1004 posterioris
1009 950 1268 1003 explicandae
1307 953 1516 1002 rationem,

124 1057 201 1095 qua
224 1043 424 1083 senarium
451 1056 661 1082 numerum
682 1043 839 1082 duobus
867 1042 997 1082 modis
1018 1046 1059 1082 et
1085 1043 1210 1082 altero
1231 1044 1391 1094 quidem
1410 1046 1514 1084 veri-

122 1136 193 1174 tati
211 1138 460 1186 repugnante
477 1135 726 1187 designatum
765 1148 859 1174 esse
884 1135 1131 1186 suspicatur,
1163 1147 1308 1175 vereor
1338 1140 1383 1176 ut
1402 1138 1513 1188 quis-

121 1239 243 1277 quam
267 1226 580 1279 probabiliorem
608 1227 770 1265 iudicet.
841 1226 960 1277 Quod
979 1239 1101 1265 unum
1121 1228 1196 1275 ait,
1226 1240 1309 1267 non
1331 1228 1410 1267 duo
1437 1241 1512 1268 nu·-

122 1330 257 1358 meros
275 1317 484 1358 Platonem
506 1319 731 1371 significare
766 1317 976 1367 debuisse,
1012 1319 1242 1359 universum
1264 1321 1424 1372 quidem
1445 1323 1511 1359 to-

121 1409 199 1449 tius
217 1410 298 1449 loci
318 1411 528 1449 consilium
561 1413 602 1449 et
622 1411 750 1463 prima
770 1411 890 1450 verba
907 1411 1013 1450 haud
1031 1411 1151 1450 dubie
1170 1411 1222 1451 de
1238 1425 1318 1452 uno
1340 1412 1513 1464 quodam

120 1503 288 1554 cogitari
316 1503 477 1551 iubent,
508 1503 574 1554 qui
602 1503 762 1555 generis
790 1503 953 1542 humani
980 1503 1227 1544 fertilitatem
1255 1508 1295 1544 et
1325 1504 1511 1544 sterilita-

119 1597 201 1633 tem
229 1607 375 1646 regens
397 1595 482 1633 eius
510 1594 721 1646 periodum
740 1596 821 1643 sic,
851 1599 895 1634 ut
917 1595 1035 1636 divini
1056 1597 1265 1648 perfectus
1293 1600 1334 1636 et
1354 1597 1515 1636 aliarum

119 1698 252 1724 rerum
285 1687 533 1725 terrestrium
563 1686 661 1725 alius
700 1686 963 1736 determinet,
999 1701 1132 1740 neque
1167 1689 1298 1728 verbis
1328 1681 1394 1730 ὦν
1413 1682 1510 1731 ἐπί-

119 1788 286 1836 τριτος
315 1767 519 1834 πυθμήν
557 1781 632 1816 etc.
652 1790 782 1828 usque
810 1778 860 1817 ad
889 1769 1047 1835 κύβων
1068 1771 1264 1837 τριάδος
1284 1780 1405 1829 nihil,
1436 1780 1513 1819 nisi

119 1868 396 1907 accessionem
433 1871 475 1907 et
515 1881 628 1920 quam
665 1870 917 1910 corollarium
965 1871 1207 1911 definitionis
1246 1884 1512 1924 praegressae

120 1960 316 1999 contineri
336 1960 588 2012 negaverim3
625 1961 698 1999 sed
726 1962 834 2013 quod
864 1962 1011 2003 deinde
1039 1967 1080 2003 et
1113 1965 1246 2003 statim
1267 1968 1363 2016 post
1381 1965 1509 2004 maio-

118 2062 186 2091 res
215 2051 308 2091 illos
336 2052 633 2092 harmoniarum
664 2066 854 2093 numeros
883 2046 1065 2111 ξύμπας
1093 2049 1234 2104 οὗτος
1267 2059 1306 2095 et
1331 2069 1507 2112 γεωμε-

117 2134 278 2201 τρικός
312 2143 479 2192 dicitur,
524 2143 566 2183 id
593 2157 741 2184 novum
769 2146 941 2198 aliquem
977 2158 1150 2196 eumque
1180 2147 1508 2199 multiplicatione

119 2235 295 2284 omnium
323 2235 641 2275 antecedentium
668 2238 926 2277 efficiendum
961 2237 1139 2277 indicare
1163 2239 1340 2290 videtur,
1389 2252 1507 2290 quem

119 2339 223 2378 ego,
254 2327 345 2378 quia
369 2327 481 2379 prior
522 2328 653 2367 verbis
686 2328 736 2372 ἐν
776 2322 813 2386 ᾦ
834 2321 1006 2388 πρώτῳ
1036 2331 1220 2369 minimus
1251 2331 1314 2369 sui
1346 2331 1506 2383 generis

118 2417 248 2456 dictus
279 2431 411 2470 eoque
445 2421 668 2459 certissime
697 2421 923 2473 descriptus
947 2425 1069 2469 esset,
1097 2436 1119 2461 a
1138 2423 1274 2474 priore
1295 2422 1507 2471 diversum,
1544 2428 1546 2431 ’

119 2512 160 2548 et
183 2509 367 2560 quoniam
393 2510 491 2550 item
521 2503 789 2567 α’μεινόνων
821 2526 875 2554 τε
907 2507 985 2554 καὶ
1013 2504 1244 2571 χειρόνων
1279 2511 1507 2570 γενέσεων

117 2592 280 2658 κύριος
299 2603 578 2654 appellaretur,
613 2617 695 2644 non
713 2605 842 2644 minus
860 2605 997 2656 priore
1015 2604 1177 2644 fatalem
1195 2609 1314 2657 atque
1335 2606 1508 2658 plurium

117 2692 399 2744 periodorum,
434 2706 599 2746 quarum
629 2709 810 2748 quaeque
840 2709 915 2747 per
935 2696 1045 2735 illum
1071 2698 1183 2736 finita
1213 2711 1296 2737 non
1313 2710 1505 2737 necessa·

116 2784 178 2823 rio
209 2785 470 2825 mutationem
493 2788 534 2826 in
573 2788 689 2840 peius
719 2787 906 2836 afferret,
939 2800 1148 2828 numerum
1183 2802 1277 2829 esse
1305 2789 1504 2842 putabam.

115 2873 203 2916 Nec
222 2887 360 2916 secum
387 2878 478 2931 ipse
501 2880 595 2919 satis
617 2881 818 2926 consentit
837 2879 1255 2931 Schleiermacherus,
1291 2894 1412 2934 quum
1429 2894 1502 2921 eo-
