1764 3176
638 149 730 200 Pag.
763 149 1011 200 242—266.
1516 151 1569 194 81

341 261 579 312 suspicatur,
610 255 665 302 αὖ
692 275 784 301 vero
814 262 958 302 addens
985 264 1197 302 mutabilem
1220 265 1375 303 eandem
1397 269 1435 304 et
1456 266 1570 303 modo

341 318 437 367 huc,
469 319 580 356 modo
611 318 695 356 illuc
733 319 823 357 ferri
862 321 1009 358 solitam
1038 321 1236 370 significat.
1294 321 1378 359 Nec
1417 321 1571 359 dubium

340 374 450 421 mihi,
491 375 581 424 quin
620 374 831 427 Xenophon
870 377 1000 427 Sjffmp
1039 391 1071 417 c.
1113 377 1150 425 4,
1167 384 1201 418 3.
1237 378 1431 428 scripserit
1466 378 1570 427 quod

342 431 492 468 codices
533 430 729 479 exhibent,
768 432 981 484 θαυμαστοὶ
1021 428 1077 485 γ’,
1127 433 1163 472 εἰ
1212 430 1289 501 μὲν
1333 430 1434 486 πρός
1479 449 1572 480 τους

342 483 485 533 ἄλλους
521 481 693 526 δύνασαι
726 489 904 536 δικαίους
938 485 990 528 ἂν
1024 492 1157 528 ποιεῖν
1191 485 1360 538 αὐτοὺς,
1399 505 1499 542 προς
1528 488 1572 529 δὲ

343 539 491 582 σαυτόν
528 540 592 583 οὕ.
632 556 779 593 mzrecm,
816 558 846 582 sz
888 545 977 582 tales
1015 545 1166 582 reddere
1200 559 1255 583 eos
1291 549 1416 596 potes,
1449 547 1571 596 quales

341 611 435 648 erga
476 599 633 649 reliquos
668 602 759 636 uasti
792 602 888 649 sz'97et
928 615 1021 664 erga
1060 605 1095 638 te
1131 603 1248 652 ipsum
1274 603 1388 639 iustos
1418 602 1571 639 reddere

341 667 413 690 non
440 658 554 704 potes.
584 656 636 692 ita
665 660 702 692 ut
732 656 880 696 δίκαιοι
909 652 961 696 ὃίν
990 651 1103 704 ὄντες
1131 658 1402 708 intelligantur.

341 711 397 751 20
431 711 570 748 addas:
611 711 669 748 Cf.
708 710 805 761 Leg
843 711 886 750 L.
926 713 973 753 X.
1007 726 1046 763 p.
1076 715 1170 754 897.
1205 713 1264 751 D:
1304 711 1493 754 κάλλιστα
1520 710 1571 753 ἂν

340 764 479 818 λέγοις.
515 766 647 816 quibus
687 768 812 806 verbis
846 768 988 806 Clinias
1016 781 1091 807 non
1123 770 1340 821 simpliciter
1376 783 1570 808 assensum

341 822 499 873 praebet
526 823 656 872 dictis,
687 825 754 861 sed
776 837 821 863 ea
841 825 1008 872 ratione,
1039 838 1151 876 quam
1174 827 1340 864 ostendit
1365 827 1571 864 Athenien-

342 879 415 927 sis,
455 877 702 928 pulcherrime
738 893 821 918 eum
859 884 1069 920 sermonem
1100 881 1312 921 habiturum
1349 883 1466 920 videri
1503 884 1572 920 de—

339 939 540 973 monstrat.

343 993 394 1033 12
425 1005 447 1030 a
476 991 622 1042 f.,p0st
654 987 829 1043 μήποτε)
866 993 1029 1033 inseras:
1067 1012 1123 1021 —-
1145 1007 1198 1034 πο
1229 1015 1285 1025 -ν-
1312 995 1410 1034 inter
1438 1007 1570 1033 versus

342 1046 428 1085 Par.
450 1046 494 1088 A.
517 1047 592 1086 Dii.

347 1104 400 1144 10
429 1117 451 1141 a
479 1103 505 1141 f.
535 1108 625 1154 post
655 1100 736 1143 ὑπὸ
767 1104 935 1143 inseras:
975 1105 1061 1144 Par.
1089 1106 1136 1144 A.
1162 1105 1236 1146 Dii.

342 1160 366 1199 5
403 1172 425 1196 a
465 1158 491 1200 f.
530 1163 628 1210 post⁴
658 1155 883 1213 ἀνέλεγκτα)
919 1162 1084 1201 inseras:
1124 1158 1177 1202 οἷν
1215 1183 1271 1189 —-
1308 1163 1404 1202 inter
1442 1178 1571 1204 versus

341 1215 453 1266 paulo
484 1217 673 1254 recentius
706 1217 791 1259 Par.
821 1218 866 1254 A.
891 1217 966 1258 Dii.

342 1272 369 1311 3
400 1286 422 1311 a
450 1272 478 1312 f.
508 1277 598 1323 post
628 1269 684 1325 μή
716 1287 755 1312 τε
790 1274 956 1312 inseras:
988 1274 1073 1317 Par.
1103 1274 1149 1311 A.
1177 1274 1252 1313 Dii.

69 1327 268 1378 Pag.256‚
291 1340 325 1376 3,
345 1329 442 1366 inter
470 1342 506 1369 V.
539 1330 590 1370 19
621 1335 659 1368 et
684 1329 740 1370 20
769 1331 934 1369 inseras:
966 1325 1121 1382 ἀληθῆ)
1149 1352 1203 1358 -
1223 1332 1252 1383 ἦ
1281 1332 1317 1370 in
1349 1332 1461 1372 litura
1484 1333 1570 1372 Par.

344 1385 390 1422 A.
418 1383 493 1423 Dii.

287 1442 324 1492 b,
342 1443 440 1479 inter
469 1454 505 1479 v.
541 1442 564 1482 2
597 1445 635 1478 et
674 1441 700 1481 3
738 1440 904 1479 inseras:
941 1437 1127 1495 μάλιστα)
1159 1438 1369 1495 μά.λιστα
1402 1444 1486 1483 Par.
1528 1446 1571 1485 A.

342 1496 418 1537 Dii.
475 1497 618 1536 Fuerat
643 1499 687 1536 λλ

343 1554 369 1593 3
399 1559 487 1605 post
510 1551 606 1601 τούς
635 1549 676 1594 δ’
701 1557 739 1591 et
765 1565 851 1604 pen.
877 1558 967 1605 post
993 1553 1048 1594 δί’
1076 1554 1237 1592 inseras:
1269 1554 1354 1597 Par.
1384 1557 1429 1594 A.
1459 1556 1531 1596 Dii.

70 1607 161 1659 Pag.
177 1610 270 1657 257,
287 1622 323 1658 3,
348 1611 444 1649 inter
475 1623 509 1650 v.
540 1611 563 1651 2
595 1615 634 1648 et
661 1610 687 1650 3
712 1611 879 1647 inseras:
909 1610 1112 1660 φανεῖται)
1139 1621 1154 1650 ἰ·
1179 1624 1295 1662 super
1323 1628 1371 1652 αν
1400 1619 1448 1651 et'
1467 1629 1484 1653 ε
1510 1611 1573 1652 5ἱέ-

347 1679 414 1717 per
443 1671 481 1708 εῖ
507 1667 619 1718 paulo
650 1666 835 1704 recentius
864 1667 1003 1717 scripta
1026 1667 1142 1704 habet
1171 1666 1257 1707 Par.
1286 1668 1332 1708 A.
1365 1669 1438 1708 Dii.

71 1721 164 1771 Pag.
177 1722 272 1769 259,
289 1721 327 1769 b,
349 1725 444 1762 inter
474 1736 508 1760 v.
538 1725 563 1762 7
593 1727 630 1761 et
660 1724 685 1763 8
711 1723 872 1760 inseras:
906 1720 949 1772 ὁὶ)
977 1724 1157 1761 insertum
1188 1723 1302 1763 habet
1323 1725 1409 1767 Par.
1431 1727 1474 1767 A.
1500 1727 1572 1766 Dii.

70 1778 270 1828 Pag.261‚
296 1791 329 1825 3,
354 1781 403 1820 16
432 1783 522 1830 post
551 1774 678 1829 φύκια
707 1779 870 1817 inseras:
900 1778 984 1819 Par.
1015 1781 1059 1816 A.
1089 1778 1165 1821 Dii,

349 1836 402 1876 20
431 1836 571 1874 addas:
598 1833 757 1873 Luciani
788 1838 885 1882 Πῶς
910 1836 973 1875 δεῖ
999 1835 1224 1889 lausum.
1262 1850 1293 1875 e.
1324 1840 1363 1878 8.
1391 1853 1460 1890 pro
1491 1837 1572 1890 φύ-

345 1907 434 1932 κιον
465 1892 583 1930 codex
615 1891 847 1929 Gorlicensis
876 1892 1024 1942 φυκίον
1054 1892 1180 1933 habet.

74 1946 166 1998 Pag.
181 1946 277 1997 263,
292 1961 327 1997 3,
349 1950 402 1991 21
441 1953 531 1999 post
576 1946 881 2001 ἔπηνέγκαμεν)
936 1945 1099 1987 inseras:
1152 1948 1437 2003 ἐπηινεῄκαμεν
1488 1951 1572 1991 Par.

347 2005 394 2047 A
430 2004 505 2044 Du.

347 2063 374 2102 9
400 2075 423 2099 a
451 2060 478 2101 f.
507 2064 595 2112 post
624 2054 727 2116 αὐτῇ
762 2059 902 2115 ψυχῇ)
940 2061 1104 2100 inseras:
1134 2057 1386 2119 αὖτηιψυχῆι
1410 2061 1498 2106 Par.
1528 2066 1571 2104 A.

347 2116 421 2155 Dii
449 2121 489 2155 ut
517 2117 615 2155 solet
641 2118 677 2155 in
707 2119 937 2184 compositis.

75 2170 276 2224 Pag.264,
291 2184 326 2222 a,
349 2173 400 2213 19
428 2187 452 2212 a
479 2174 505 2213 f.
537 2174 676 2212 addas:
714 2196 759 2202 -—
792 2168 971 2225 αὕτηδικ.
1004 2173 1090 2212 Par.
1122 2177 1166 2212 A.
1193 2173 1268 2216 Du.

294 2230 331 2281 b,
350 2232 372 2272 2
393 2242 498 2280 ..sqq
525 2230 572 2267 de
609 2228 696 2268 Par.
731 2230 777 2269 A.
820 2244 864 2269 ex
866 2228 1076 2268 Bekkeri
1109 2235 1146 2268 et
1171 2230 1322 2269 Faehsii
1350 2231 1573 2271 testimoniis

350 2287 560 2325 coniectata
581 2286 692 2325 aliter
719 2300 760 2325 se
786 2286 924 2325 habere
956 2291 994 2323 et
1022 2287 1059 2324 in
1087 2286 1150 2324 illo
1171 2287 1355 2326 codicem
1374 2290 1572 2328 verborum

352 2346 527 2381 contextu
547 2339 684 2393 ἐπειδη
705 2337 758 2395 ἧν
776 2343 914 2383 τοίνυν
936 2342 1181 2395 (κεκριμέναι
1202 2342 1319 2390 εἰσιν,
1330 2341 1410 2403 ἐγω
1431 2343 1574 2394 πάλιν)

349 2399 387 2437 in
416 2398 585 2447 margine
615 2412 703 2436 vero
727 2412 750 2437 a
772 2413 820 2437 m.
844 2403 917 2437 vet.
945 2414 992 2452 γρ
1022 2397 1158 2451 ἐπειδὴ
1183 2401 1335 2452 τοίνυν,
1362 2396 1473 2455 ἦνδ’
1483 2400 1572 2456 ἐγω,

351 2453 574 2507 κεκριμέναι
606 2454 702 2503 εἰσὶ,
730 2452 852 2496 παλιν
877 2456 952 2504 legi
980 2460 1141 2494 testatur
1169 2454 1244 2498 Dii

356 2512 406 2551 11
438 2525 459 2549 a
489 2509 514 2550 f.
539 2512 585 2549 ad
614 2506 712 2564 παρ’
741 2507 780 2552 οἷ.
807 2513 943 2550 addas:
972 2511 1057 2555 Par
1091 2512 1134 2553 A.
1164 2512 1241 2555 Dii

80 2563 170 2615 Pag.
187 2561 281 2615 265,
298 2578 332 2615 a,
356 2568 406 2607 18
427 2572 514 2617 post
534 2565 624 2605 Par.
644 2567 691 2608 A.
710 2569 872 2607 inseras.
902 2567 1083 2619 (superne
1104 2569 1271 2608 additum
1289 2583 1311 2608 a
1327 2584 1374 2611 m.
1390 2575 1464 2614 vet.
1483 2570 1574 2621 Dii.)

351 2623 449 2661 inter
479 2635 512 2660 v.
546 2625 596 2664 22
628 2627 666 2662 et
694 2625 749 2666 23
785 2625 947 2662 inseras:
984 2622 1051 2676 τοὶ)
1088 2626 1185 2664 inter
1212 2640 1342 2666 versus
1372 2641 1394 2666 a
1423 2637 1469 2667 m.
1500 2634 1574 2667 vet.

352 2677 437 2719 Par.
469 2679 515 2716 A.
546 2678 618 2719 Dii.

300 2733 337 2782 b,
359 2736 409 2775 11
439 2738 529 2786 post
556 2734 596 2772 1ιὶ
621 2736 692 2774 duo
724 2736 889 2774 inseras:
920 2741 957 2774 et
985 2735 1070 2780 Par.
1102 2739 1146 2780 A.
1179 2735 1252 2781 Dii.

354 2790 378 2829 ὅ
408 2801 431 2831 3
461 2792 488 2828 f.
515 2794 604 2840 post
622 2787 668 2832 τ’
699 2791 741 2833 ἐν
769 2793 931 2830 inseras:
953 2792 1047 2834 =Par.
1084 2794 1128 2835 A,
1158 2793 1230 2832 Du.

84 2842 175 2895 Pag.
188 2845 283 2894 266,
300 2843 399 2893 b,18
426 2851 513 2897 post
542 2845 632 2887 Par.
662 2852 712 2889 A.
740 2848 908 2887 inserasz
938 2848 1157 2900 (Diibnerus
1186 2864 1209 2891 a
1241 2860 1290 2889 m.
1321 2863 1377 2902 pr.
1408 2851 1577 2906 δρομῆις

187 2910 281 2945 Add.
310 2912 358 2944 ad
385 2913 528 2948 Platon.
1285 2913 1312 2956 6
