1764 3176
289 81 346 120 96

287 190 525 247 ταληφθεὶς
567 187 749 246 θανάτῳ
788 190 972 233 δίδοται.

746 75 1208 120 PLATONIS

1038 185 1236 244 Ἀνάγκη.
1291 185 1340 231 Ὁ
1379 189 1426 233 δὲ
1464 187 1517 245 δή
1558 204 1665 243 προ-

223 258 261 299 D
291 257 447 314 στάτης
476 257 640 308 ἐκεῖνος
670 255 803 308 αὐτὸς
831 260 969 316 δῆλον
999 258 1051 315 δὴ
1087 256 1156 301 ὅτι
1183 254 1315 312 μέγας
1343 257 1583 314 μεγαλωστὶ
1612 255 1668 300 οὐ

284 331 422 369 κεῖται
440 358 449 376 ,
482 322 591 369 ἄλλα
622 325 885 382 καταβαλών
915 325 1075 377 ἄλλους
1104 323 1296 375 πολλοὺς
1325 323 1501 382 ἕστηκεν
1535 326 1582 369 έν
1606 327 1668 382 τῷ

284 394 428 451 δίφρῳ
468 397 544 449 τῆς
573 391 761 447 πόλεως,
803 393 1022 449 τύραννος
1059 391 1157 436 ἀντὶ
1185 391 1435 448 προστάτου
1472 393 1668 437 ἀποτετε-

222 1464 261 1506 D

283 462 502 517 λεσμέυος

570 464 620 505 Τί
655 461 696 506 δ’
739 461 792 505 οὐ
831 463 998 518 μέλλεις
1042 462 1137 518 έφη.
1198 462 1454 517 Διέλθωμεν
1494 461 1548 518 δή
1589 459 1669 518 τήν

285 527 592 584 εὐδαιμονίαν,
623 524 680 586 ἦν
711 527 756 573 δ’
794 530 892 586 ἐγώ,
922 534 1003 574 τοῦ
1032 546 1076 573 τε
1106 529 1269 585 ἄνδρος
1297 531 1370 573 καὶ
1390 533 1465 586 τῆς
1488 528 1671 581 πόλεως,

286 597 334 641 ἐν
366 615 392 654 ῃ
428 597 484 640 ἂν
523 597 546 641 6
586 600 787 648 τοιοῦτος
823 597 982 654 βροτὸς
1018 598 1262 655 ἐγγένηταις
1297 597 1426 641 Πάνυ
1468 597 1546 653 μὲν
1573 591 1670 650 οὖν,

287 666 370 721 ἔφη
383 698 393 717 ,
425 666 676 722 διέλθωμεν.

727 661 823 721 Αρ’
857 663 960 720 οὖν,
990 664 1137 719 εἶπον,
1170 664 1225 710 οὐ
1244 672 1337 718 ταῖς
1366 682 1445 723 μεν
1474 664 1672 719 πρώταις

285 732 468 790 ἡμέραις
505 750 549 777 τε
587 735 661 778 καὶ
698 735 839 794 χρόνῳ
872 739 1092 792 προσγελᾷ
1121 751 1165 778 τε
1193 735 1267 778 καὶ
1297 734 1530 787 ασπάζεται
1558 732 1674 777 πάν-

228 812 262 853 Ε
291 818 388 854 τας,
420 804 454 860 ῳ
491 801 546 845 ἂν
575 802 891 860 περιτυγχάνῃ,
920 804 994 847 καὶ
1024 802 1124 847 οὔτε
1152 801 1368 858 τύραννός
1399 814 1533 858 φησιν
1563 800 1673 845 εἶναι

337 902 476 945 ἐκεῖνος
501 901 641 949 αὐτὸς]
675 903 737 941 αὐ.
768 903 819 940 ε’κ.
852 905 952 940 vind.

289 951 330 985 F.
360 952 445 994 Aug.
473 952 514 986 B.
560 952 660 992 Quae
694 953 729 985 in
751 952 954 986 editionibus

290 1000 370 1031 ante
393 998 585 1040 Bekkerum
617 997 668 1031 his
695 998 812 1032 addita
836 998 955 1042 legun-

289 1047 347 1077 tur
371 1045 476 1077 verba
498 1044 566 1087 τῆς
594 1041 759 1085 πόλεως,
795 1055 896 1089 quum
920 1047 955 1077 et

292 1100 413 1134 parum
447 1089 619 1123 commode
652 1091 764 1134 posita
807 1090 875 1123 sint.
919 1094 955 1123 et

290 1140 422 1169 tantum
457 1136 540 1170 Ven.
570 1136 611 1169 B.
647 1136 747 1169 Vind.
784 1137 827 1170 E.
862 1135 954 1170 Flor.

292 1180 334 1214 C.
360 1185 395 1216 et
418 1180 530 1215 Ficini
563 1182 631 1223 (At
658 1183 777 1226 populi
803 1183 860 1215 ille
894 1183 956 1215 de-

284 1229 425 1271 fensor)
452 1228 657 1261 auctoritate
680 1230 849 1269 nitantur,
882 1239 954 1262 cum

290 1274 472 1315 Bekkem,
504 1274 600 1308 Astio
624 1274 658 1307 in
680 1279 763 1309 tert.
789 1280 824 1308 et
848 1274 957 1308 Stall-

289 1320 426 1354 baumio
453 1320 558 1353 omisi.

336 1364 470 1409 μέγας]
496 1378 560 1399 om.
587 1366 682 1400 Mon.
704 1366 747 1400 Β.

337 1411 564 1456 μεγαλωστὶ]
589 1410 794 1455 μεγαλωστί
804 1412 903 1448 Vind.
915 1413 959 1447 F.

342 1456 388 1492 οὐ
422 1460 558 1502 κεῖται]
596 1459 771 1504 (magnus
795 1461 960 1504 magnifi-

295 1507 363 1549 ce)
392 1505 662 1550 haudquaquam
680 1517 752 1538 sese
768 1508 861 1550 gerit
882 1506 960 1539 Fic.

292 1552 379 1585 male
402 1550 576 1584 immemor
601 1551 667 1585 loci
692 1552 886 1590 Homerici,
919 1562 962 1584 ex

291 1609 359 1642 quo
385 1597 469 1629 haec
492 1598 653 1631 traducta
676 1603 774 1635 sunt,
800 1598 839 1632 ΙΙ.
865 1598 959 1631 XVI.

293 1644 373 1678 776.
398 1643 441 1676 de
459 1642 650 1676 Cebrione:
679 1639 698 1676 6
727 1640 766 1676 δ’
792 1641 832 1677 ἐν
857 1653 962 1686 στρο-

294 1686 400 1733 φάλι)
402 1700 443 1731 γι
499 1689 626 1732 κονίης
682 1692 781 1722 κεῖτο
849 1687 909 1732 μεί,
909 1701 964 1728 ας

293 1733 520 1788 μεΙαλωστὶ,
576 1732 795 1778 λελασμένος
852 1735 962 1769 ἱππο-

296 1778 455 1815 συνᾶων.

343 1826 464 1879 δίφρῳ
498 1826 564 1870 τῆς
599 1824 784 1871 πόλεως,]
827 1826 962 1872 δίφρῳ,

295 1873 366 1927 τῆς
387 1870 528 1911 πόλεως
554 1873 673 1926 Steph.

343 1916 692 1972 ἄποτετελεσμένος]
744 1914 962 1952 ἅντιτετελε-

297 1962 428 2008 σμένος
482 1965 564 1997 Ven.
613 1964 653 1997 C
712 1962 963 2007 τετελεσμένος

296 2011 383 2044 Lob.
404 2010 499 2046 Mon.
518 2011 559 2045 B.
586 2011 665 2044 Vat.
690 2011 770 2045 ΒΜ.
795 2011 874 2044 Par.
884 2011 960 2044 DK.

298 2057 394 2090 Flor.
419 2056 464 2091 U.

343 2100 485 2158 μέλλει]
510 2099 610 2145 μέλει
632 2102 812 2136 Ald.13=s.
839 2103 894 2137 ab.

345 2145 557 2192 ἐγγένηται,
573 2149 585 2192 ]
634 2144 834 2192 ἐγγένηται.
887 2148 964 2182 Ald.

297 2196 416 2250 Steph.
440 2196 514 2229 Ast.
538 2207 592 2238 pr.
618 2206 688 2229 sec.

338 2233 438 2296 Αρ’]
481 2207 561 2283 (ἐρ’Ρ
585 2241 685 2274 vind.
718 2240 761 2273 F.
796 2240 889 2274 Flor.
922 2240 964 2273 R.

285 2282 366 2330 Αρ’
392 2287 469 2320 Ald.
489 2288 574 2341 ’zBas
601 2299 631 2321 a.
665 2283 734 2329 Ἀρ’
760 2286 838 2320 Bas.
863 2287 896 2321 b.

344 2328 411 2376 οὐ]
451 2329 520 2376 οὐχ
557 2329 575 2367 ὁ
602 2329 789 2375 τύραννος
824 2333 896 2367 Pan.
921 2332 961 2365 A.

295 2377 330 2411 in
355 2389 430 2432 quo
464 2379 550 2413 haec
583 2390 691 2423 isque
724 2379 766 2412 ad
787 2390 963 2422 μεταμπι-

297 2421 474 2467 σχόμενος
509 2425 544 2458 in
578 2425 646 2459 fine
670 2425 770 2459 huius
802 2426 880 2459 libri
904 2436 965 2458 ex-

298 2481 355 2503 cet
358 2473 418 2513 pta
441 2472 611 2524 leguntur.

343 2518 425 2554 ταῖς
448 2514 514 2558 μὲν
547 2514 713 2559 πρώταις
746 2513 901 2561 ἡμέραις
925 2527 963 2550 τε

297 2560 373 2641 κΕαὶ
384 2560 529 2607 χρόνῳ]
559 2564 728 2607 Principio
747 2564 884 2607 quidem
905 2582 962 2596 —.

332 2619 362 2640 nc

344 2653 526 2699 προσγελᾷ
534 2655 612 2706 τε]
637 2655 862 2697 προσγελᾶτε
887 2654 964 2689 Ald.

335 2697 589 2754 περιτυγχάνῃ
602 2701 624 2744 ,]
662 2702 772 2745 Vulgo
797 2712 964 2745 περιτυγ-

297 2743 415 2792 xoium
440 2751 586 2792 excepta
617 2746 707 2780 Astii
740 2759 810 2781 sec.

1054 905 1117 941 καὶ
1143 906 1242 951 ἰδία]
1277 904 1341 940 καὶ
1372 918 1436 940 om.
1464 905 1550 939 Lob.
1574 904 1668 939 Mon.
1696 906 1731 946 Ε

1008 954 1050 987 Β.
1080 955 1158 987 iat
1182 952 1262 986 ΒΜ.
1294 953 1372 986 Par.
1397 952 1473 987 ΒΚ.
1505 952 1600 986 Flor.
1622 950 1670 985 U.

1009 999 1085 1033 Ald.
1109 999 1187 1032 Bas.
1221 1010 1252 1032 a.

1058 1044 1267 1090 δημοσίᾳ,]
1302 1043 1474 1090 δημοσία.
1507 1042 1583 1077 Ald.
1609 1041 1673 1086 δη-

1011 1091 1145 1146 μοσίᾳ,
1158 1091 1292 1146 steph.
1316 1091 1388 1123 Ast.
1416 1102 1466 1134 pr.

1058 1134 1196 1170 εαυτὸν
1211 1133 1429 1180 ,]εαυτο’ν;
1462 1135 1583 1180 Steph.

1056 1183 1199 1226 πρᾶος]
1227 1183 1401 1228 πατρῷος
1430 1182 1507 1217 Ald.
1538 1181 1618 1214 Bas.
1642 1192 1674 1214 3.

1010 1229 1132 1273 Steph.
1181 1229 1303 1275 πρᾷος
1350 1229 1432 1263 Bas.
1473 1228 1507 1263 b.
1554 1238 1677 1271 πραος

1010 1275 1111 1309 Vind.
1130 1274 1170 1307 F.
1512 1293 1514 1297 ν

1057 1318 1183 1369 εἶναι]
1188 1323 1265 1365 post
1276 1320 1576 1364 προσποιεῖταιῩ
1577 1322 1624 1355 at.
1625 1318 1675 1353 M.

1059 1378 1118 1411 γε,
1145 1363 1267 1410 οἶμαι]
1303 1379 1368 1400 om.
1400 1367 1472 1400 Pal.
1498 1367 1536 1400 A.

1062 1417 1142 1452 τοῖς
1165 1411 1254 1466 μεν]
1288 1424 1378 1451 τους
1408 1423 1474 1454 μεν
1507 1412 1607 1446 Vind.
1632 1411 1675 1445 F.

1016 1458 1677 1493 Flor.R.cu1us1mmem0rSta11bau-

1018 1505 1104 1538 mius
1124 1505 1157 1538 in
1180 1516 1249 1538 sec.
1274 1505 1317 1538 ad
1338 1505 1444 1538 verba
1470 1502 1565 1547 πρὸς
1588 1501 1680 1543 τούς

1020 1548 1087 1592 ἔξω
1131 1547 1290 1594 ἐχθρούς
1339 1551 1423 1583 haec
1470 1549 1677 1595 adscripsit:

1018 1602 1078 1630 aut
1108 1598 1260 1630 absolute
1284 1597 1450 1641 positumz
1483 1597 1572 1641 quod
1592 1597 1678 1630 atti-

1018 1648 1076 1677 net
1105 1644 1152 1676 ad
1178 1649 1332 1676 externos
1358 1644 1492 1683 hostes3
1524 1646 1583 1676 aut
1616 1653 1678 1687 per

1018 1689 1278 1722 constructionis
1320 1689 1496 1732 enallagen
1534 1688 1680 1722 infertur

1019 1738 1098 1774 τοῖς
1122 1746 1199 1778 μεν.
1232 1734 1309 1768 Nisi
1331 1736 1421 1768 forte
1445 1734 1568 1768 deinde
1589 1732 1681 1773 τούς

1018 1779 1059 1824 μὲ
1064 1793 1084 1814 ν
1116 1793 1195 1815 κατ.
1227 1781 1441 1814 scribendum
1475 1786 1551 1822 est,
1589 1781 1680 1835 quod

1018 1827 1239 1883 praecedenti
1301 1824 1395 1869 πρὸς
1458 1825 1548 1866 τοὺς
1612 1824 1680 1868 ἔξω

1019 1870 1178 1915 ἐχθρούς
1212 1883 1275 1916 per
1308 1872 1551 1917 appositionem
1593 1871 1682 1906 adii-

1020 1920 1141 1952 ciatur.
1190 1919 1298 1952 Recte
1340 1919 1425 1951 enim
1460 1919 1583 1952 dicitur
1616 1930 1679 1951 κα·

1019 1962 1286 1998 ταλλάττεσθαι
1309 1961 1404 2006 πρός
1432 1977 1527 1998 τινα.
1540 1965 1563 1982 “
1610 1964 1680 1997 Re-

1019 2015 1073 2044 cte
1098 2010 1132 2043 id
1154 2010 1307 2063 quidem,
1341 2014 1377 2043 at
1409 2022 1473 2044 non
1497 2011 1578 2044 item
1602 2010 1684 2044 δια·-

1021 2056 1193 2100 φθείρειν
1225 2054 1319 2098 πρός
1354 2068 1463 2098 τινα,
1499 2062 1534 2090 et
1567 2060 1683 2089 tamen

1021 2103 1165 2137 alterum
1197 2102 1277 2135 i¹1ud
1313 2100 1403 2141 τοὺς
1428 2101 1490 2146 δε,
1526 2103 1553 2137 si
1578 2114 1681 2147 prae-

1021 2149 1159 2182 cederet
1175 2145 1263 2187 τούς
1280 2160 1358 2192 μεν,
1385 2161 1449 2182 non
1474 2155 1589 2194 posset
1615 2160 1680 2182 non

1021 2196 1064 2229 ab
1099 2195 1243 2235 eadem,
1285 2206 1349 2237 qua
1382 2195 1465 2238 hoc,
1505 2195 1682 2240 praeposi-

1020 2242 1110 2274 tione
1142 2241 1302 2274 affectum
1332 2241 1453 2275 videri.
1500 2241 1578 2275 Nou
1611 2253 1682 2275 ma—

1020 2288 1072 2331 gis
1105 2286 1289 2331 probabilis
1324 2293 1377 2320 est
1412 2288 1505 2332 prior
1538 2293 1681 2321 annota-

1019 2334 1120 2367 tionis
1144 2333 1435 2366 Stallbamnianae
1457 2345 1549 2379 pars.
1591 2333 1680 2367 Nam

1020 2391 1130 2424 neque
1152 2379 1411 2413 constructionis
1438 2380 1604 2423 enallage,
1622 2392 1682 2413 cu—

1019 2425 1072 2458 ius
1095 2426 1183 2459 ratio
1208 2425 1301 2458 reddi
1327 2430 1494 2470 nequeat,
1527 2438 1548 2459 a
1570 2426 1682 2459 soloe-

1021 2472 1124 2505 cismo
1161 2472 1342 2516 quicquam
1382 2472 1522 2514 differt,
1572 2483 1682 2517 neque

1020 2529 1083 2562 pro
1114 2517 1266 2551 absoluto
1299 2518 1487 2552 habendum
1518 2522 1571 2551 est
1592 2517 1682 2563 quod

1020 2565 1054 2597 in
1080 2563 1190 2596 media
1226 2563 1380 2598 oratione
1411 2565 1558 2609 positum
1582 2565 1682 2598 aliter

1021 2609 1184 2654 explicari
1240 2610 1358 2653 possit.
1426 2611 1683 2654 Praepositione

1020 2654 1115 2699 πρὸς
1138 2655 1226 2689 haud
1250 2667 1328 2689 raro
1352 2655 1399 2689 ita
1420 2658 1624 2698 utebantur,
1646 2659 1685 2689 ut

1021 2703 1182 2744 verbum,
1218 2714 1239 2735 a
1269 2713 1334 2746 quo
1360 2703 1546 2748 penderet,
1581 2702 1682 2736 omit-

1019 2751 1143 2782 terent.
1191 2748 1251 2782 Sic
1274 2748 1462 2793 Aeschylus
1493 2749 1590 2794 Sept.
1614 2750 1681 2785 50:
