1764 3176
558 193 1041 237 EDITORIS.
1407 212 1492 239 cxv

103 313 170 352 hic
193 311 345 364 pendet
366 311 611 361 Kleukerus,
647 314 758 353 cuius
794 315 999 366 epItomen
1028 317 1294 354 annotationis
1320 316 1487 355 Grouia-

102 417 176 443 nae
193 403 472 444 Stallbaumius
492 405 715 444 sententiae
738 405 831 445 loco
858 418 948 445 cum
968 405 1185 445 lectoribus
1208 409 1290 446 suis
1311 421 1488 447 commn-

100 488 255 537 nicarit.
340 497 474 536 Astius
511 497 551 536 in
591 509 735 536 comm.
775 497 872 536 nihil
916 497 992 536 nisi
1030 497 1274 539 scholiasten
1315 501 1492 540 conferri

99 588 227 627 iussit.

235 678 418 730 Denique
452 682 515 719 est
549 680 656 731 quod
685 680 734 719 ad
764 680 896 719 locum
927 679 973 718 L.
1008 678 1125 720 Vllll.
1164 695 1204 733 p.
1227 681 1328 739 580.
1362 683 1405 722 A.
1440 683 1488 722 ab

99 770 207 810 omni
227 772 262 810 si
283 772 413 810 minus
443 772 632 824 caligine,
670 775 780 811 certe
808 772 1102 825 depravationis
1131 774 1363 825 suspicione
1387 774 1485 814 libc—

97 853 262 901 randum
282 863 423 902 addam
442 864 504 921 iis,
535 877 637 915 quae
658 877 697 916 p.
716 864 813 912 143,
838 878 872 903 a.
893 865 930 904 b.
953 866 1003 904 (le
1024 879 1074 905 eo
1098 866 1188 905 dixi.
1235 866 1346 916 Quae
1368 879 1489 916 quum

96 953 310 994 lectionem
335 944 362 994 ὃ
390 945 467 996 διὰ
491 945 675 996 πάντων
695 946 854 1012 κριτὴς
883 969 1019 996 sanam
1041 971 1135 997 esse
1155 970 1282 1009 posse
1301 959 1487 1009 probent..

96 1046 202 1086 idem
221 1059 296 1098 pro
317 1050 429 1086 certo
451 1047 643 1086 affirmari
662 1051 704 1086 ut
726 1048 856 1095 liceat,
883 1048 1083 1100 Ilesychii
1103 1049 1239 1101 glossa
1257 1049 1374 1087 facit:
1411 1040 1488 1089 διὰ

94 1128 277 1178 πάντων
298 1129 468 1194 κριτής.
540 1129 733 1194 Βοηθός
756 1143 873 1194 φησι
894 1135 941 1178 ἐν
970 1143 1069 1190 τοῖς
1092 1135 1198 1195 περὶ
1220 1130 1488 1191 Πλάτωνος,

95 1219 169 1270 ὅτι
188 1220 215 1269 ὃ
234 1225 499 1285 νομοθέτης·
518 1224 724 1270 ἐκέλευσε
746 1233 845 1279 τοῖς
863 1226 1106 1285 κρίνουσιν
1125 1222 1321 1287 γράφειν
1344 1222 1398 1271 τὰ
1418 1244 1486 1272 κε-

93 1319 268 1378 φαλαια
291 1317 494 1362 ἕκαστον.
560 1322 761 1360 Βοὲιῐιιιηι
780 1320 949 1361 Photius
972 1323 1062 1364 cod.
1089 1323 1242 1363 CLllII.
1263 1328 1304 1363 et
1323 1316 1486 1373 λέξεων

95 1393 403 1453 Πλάτωνικῶν
443 1403 715 1469 συναγωγὴν
751 1416 792 1452 et
825 1408 929 1468 περὶ
963 1412 1057 1454 τῶν
1098 1405 1224 1471 παρὰ
1268 1405 1485 1455 Πλάτωνι

89 1495 425 1560 ἀπορουμένων
447 1497 610 1554 λέξεων
629 1506 844 1556 scripsisse
864 1509 1044 1545 testatur.
1117 1506 1259 1558 ltaque
1281 1508 1344 1545 vix
1366 1507 1481 1546 dubi-

88 1598 163 1636 tari
180 1600 338 1649 potest,
375 1597 468 1648 quin
497 1610 636 1636 eorum
667 1597 859 1636 librorum
893 1610 942 1637 ex
975 1598 1164 1638 alterutro
1192 1599 1329 1651 glossa
1356 1601 1482 1651 petita

89 1688 139 1727 ad
157 1688 265 1728 hunc
277 1689 408 1740 ipsum
423 1688 600 1727 Civitatis
616 1689 748 1728 locum
769 1689 1046 1741 explicandum
1067 1691 1316 1741 pertinuerit.
1355 1692 1482 1741 Quam

88 1783 218 1818 utrum
239 1793 382 1832 magna
401 1784 514 1832 parte
536 1785 769 1829 truncatam,
795 1781 1129 1832 quemadmodum
1148 1781 1480 1822 Hemsterhusius

88 1872 335 1924 opinabatur,
355 1885 404 1910 an
424 1872 472 1910 ab
492 1871 702 1923 Hesychio
727 1873 880 1911 sciente
905 1875 945 1911 et
965 1873 1125 1911 volente
1144 1874 1372 1913 inchoatam
1392 1878 1477 1914 tan-

87 1967 169 2002 tum
209 1963 569 2015 imperfectamque
605 1964 785 2003 relictam
818 1965 1059 2012 habeamus,
1109 1978 1191 2004 non
1231 1966 1478 2005 discernam:

85 2056 182 2095 illud
202 2056 280 2094 iam
300 2059 487 2107 apparet,
516 2056 645 2094 minus
667 2056 927 2108 probabiliter
947 2056 1321 2106 Hemsterhusium,
1361 2071 1478 2108 quem

84 2146 265 2187 Platonis
306 2147 421 2186 locus
439 2125 636 2199 fugerat,
682 2161 845 2188 sensum
886 2149 1084 2200 Hesychii
1122 2149 1231 2188 hunc
1275 2150 1476 2195 statuisse,

85 2236 304 2276 Platonem
325 2250 351 2276 a
375 2236 539 2279 Boetho
562 2239 739 2278 narrari
761 2241 876 2292 leges
906 2252 1006 2278 suas
1035 2244 1334 2292 proponentem
1348 2252 1475 2292 prae-

85 2328 246 2380 cepisse
274 2326 505 2378 iudicibus,
536 2334 582 2367 ut
609 2330 780 2381 singula
811 2314 990 2368 actionis
1019 2334 1312 2369 controversae
1335 2331 1475 2382 capita

86 2416 353 2465 adnotarent,
377 2432 456 2471 quo
470 2421 620 2459 melius
640 2425 682 2459 et
700 2421 939 2459 accuratius
959 2419 1088 2460 reddi
1095 2425 1241 2473 posset
1258 2420 1476 2467 iudicium,

83 2509 332 2561 propiusque
363 2524 386 2550 a
413 2524 507 2550 vero
541 2511 715 2551 Petitnm
743 2512 896 2551 afuisse
925 2513 1057 2564 legem
1084 2513 1279 2563 quandam
1302 2514 1472 2553 Athenis

84 2600 244 2653 publice
275 2606 479 2654 receptam
506 2618 528 2643 a
554 2604 714 2644 Boetho
744 2605 959 2657 significari
982 2604 1285 2644 existimantem.
1359 2606 1471 2655 Quae

84 2694 118 2732 si
141 2693 293 2732 iudices
326 2694 387 2733 vel
415 2696 582 2735 arbitros
612 2700 807 2735 certarum
834 2708 1063 2736 caussarum
1094 2709 1168 2747 pro
1200 2709 1245 2736 se
1271 2710 1469 2748 quemque

82 2798 235 2824 summa
264 2786 323 2824 rei
353 2787 481 2837 capita
510 2791 649 2827 notare
680 2789 858 2838 iuberet,
898 2776 1040 2839 quibus
1073 2788 1218 2828 deinde
1242 2790 1468 2840 perspectis

83 2877 264 2917 omnibus
284 2889 384 2917 unus
410 2881 647 2919 sententiam
667 2880 791 2927 ferret
824 2884 863 2920 et
883 2881 1070 2920 iudicium
1102 2880 1278 2929 faceret,
1316 2881 1364 2921 ad
1382 2882 1467 2920 eius

1105 2971 1144 3011 11
1163 2971 1189 3010 2
