1764 3176
517 214 841 258 CIVITAS
874 214 998 258 LIB.
1026 215 1085 258 X.
1116 219 1184 256 605

1437 217 1522 258 233

146 330 220 387 τὴς
249 331 383 385 δῆλον
422 325 490 371 ’ὅτι
529 326 584 371 οὐ
622 326 732 381 πρὸς
758 325 808 369 τὸ
840 330 1046 369 τοιοῦτον
1081 330 1157 383 τῆς
1186 328 1327 382 ψυχῆς
1355 325 1523 381 πέφυκέ

145 413 211 454 γε,
242 397 316 441 καὶ
343 394 371 452 ἡ
402 396 538 452 σοφία
568 394 704 439 αὐτοῦ
733 392 874 449 τούτῳ
906 394 1103 448 ἀρέσκειν
1132 394 1334 450 πέπηγεν,
1366 395 1402 437 εἰ
1430 394 1525 447 μέλ-

146 467 209 508 λει
238 461 542 549 εὐδοκιμήσειν
571 464 619 507 έν
647 468 740 514 τοῖς
768 467 968 514 πολλοῖς,
1000 459 1110 505 ἄλλα
1143 461 1256 515 πρὸς
1285 462 1333 506 τὸ
1365 461 1525 518 α’γανα-

143 531 348 587 κτητικόν
376 548 420 575 τε
458 533 532 576 καὶ
561 533 763 576 ποικίλον
793 526 908 588 ἦθος
946 531 1019 574 διὰ
1050 530 1098 574 τὸ
1131 530 1370 586 εὐμίμητον
1400 528 1525 574 εἶναι.

144 603 309 657 Δῆλον.

144 769 210 804 111111
244 770 494 805 recordabatur
527 770 682 812 illorum,
717 783 807 817 quae

144 816 186 850 L.
209 816 287 851 VII.
312 830 344 863 p.
372 819 452 853 530.
472 817 515 872 D.
541 817 708 859 leguntur.
733 830 807 851 κιν-

144 860 312 918 δυνεύει,
345 876 396 902 ως
429 861 544 918 πρὸς(
558 862 808 906 αστρῡνομίαν

147 904 295 962 ὄμματα
319 907 494 965 πέπηγεν,
514 904 566 948 (ὃς
585 907 682 952 πρὸς
701 908 807 955 ἐναρ-

144 952 277 998 μόνιον
289 954 414 999 φορὰν
432 955 510 989 ω’τα
529 956 703 999 παγῆναι,
722 956 808 990 alio-

146 1012 289 1046 rumque
313 1002 467 1035 similium
491 1002 660 1056 locorum,
684 1002 807 1036 nullius

146 1048 291 1088 autem‚'
283 1059 317 1081 1n
335 1059 400 1092 quo
418 1044 620 1091 πεπηγέναι
633 1060 706 1082 cum
727 1048 807 1081 infi-

144 1093 252 1126 nitivo
263 1097 488 1127 constructum
498 1106 581 1128 eave
591 1094 809 1138 significatio-

146 1150 189 1172 ne
199 1140 390 1183 praeditum
409 1144 513 1181 esset,
525 1152 624 1184 quam
636 1140 807 1173 Schleier-

146 1185 294 1219 macberi
348 1186 587 1241 interpretatio
639 1186 806 1220 ostendit.

146 1250 194 1256 -
222 1232 295 1265 und
331 1234 424 1266 scine
461 1233 574 1266 Kunst
608 1233 678 1266 sich
713 1233 807 1266 nicht

147 1278 295 1311 daran
329 1279 515 1321 hdngen
551 1279 660 1322 darf
679 1280 807 1333 diesem

145 1336 192 1358 zu
209 1325 377 1369 gefallen.
421 1324 491 1357 Sed
514 1331 627 1358 tamen
650 1336 694 1358 πε
698 1336 768 1368 my,
773 1336 807 1358 ε-

146 1381 229 1413 ναι,
263 1382 363 1415 quum
388 1376 618 1414 compactum,
645 1371 808 1414 composi-

146 1421 234 1457 tum,
260 1417 453 1450 institutum
480 1428 550 1449 esse
579 1417 750 1460 significet
774 1421 808 1450 et

145 1463 220 1496 fere
244 1462 352 1504 idem,
375 1462 464 1507 quod
489 1460 728 1504 συνεστάναι,
753 1463 807 1504 sit,

146 1508 237 1553 quod
261 1509 367 1553 ipsum
389 1509 580 1542 Alcinous
572 1521 605 1542 m
630 1509 808 1542 referenda

146 1555 314 1589 sententia
338 1554 378 1587 L.
397 1555 477 1587 VII.
500 1556 623 1599 posuit,
639 1567 704 1588 non
724 1555 806 1588 mul

145 1605 219 1634 tum
251 1612 271 1633 a
293 1597 500 1643 πεφυκέναι
531 1600 690 1634 differens
716 1600 809 1645 pari-

147 1650 203 1679 ter
225 1649 327 1690 atque
346 1647 408 1679 hoc
427 1649 462 1678 et
483 1646 597 1679 eodem
616 1658 714 1680 sensu
734 1658 808 1679 cum

147 1692 314 1725 infinitivo
347 1692 495 1725 construi
532 1693 680 1736 potuisse
711 1693 808 1725 vide—

148 1743 227 1781 tur,
261 1737 468 1781 πεφυκέναι
500 1744 611 1771 autem
645 1736 740 1781 πρός
772 1750 808 1771 τι

148 1784 197 1826 id,
215 1785 303 1829 quod
328 1788 450 1817 natura
473 1785 600 1817 factum
624 1789 658 1817 et
676 1796 808 1818 accom-

149 1830 321 1863 modatum
353 1831 396 1863 ad
428 1830 554 1873 aliquid
587 1834 695 1872 esset,
719 1830 808 1863 haud

151 1875 251 1910 dubie
290 1887 356 1909 non
402 1876 509 1909 minus
552 1876 617 1909 dici
660 1879 808 1920 poterat,

149 1933 251 1967 quam
288 1918 348 1955 ἐπί
378 1934 450 1955 τινι
477 1923 518 1956 L.·
542 1922 572 1956 Ι.
599 1934 632 1967 Ρ.
658 1924 739 1958 341.
766 1922 809 1955 D.

148 1968 207 2011 id,
241 1968 332 2013 quod
366 1968 505 2002 alicuius
539 1969 650 2011 gratia
682 1970 811 2002 factum

150 2018 214 2047 est.
261 2014 383 2058 Itaque
415 2026 481 2047 non
510 2026 594 2059 opus
618 2020 671 2047 est
701 2019 739 2047 ut
763 2014 811 2047 le-

151 2060 295 2094 ctionem
321 2060 463 2093 omnium
494 2060 646 2094 codicum
671 2061 810 2093 desera-

150 2117 233 2140 111115.
282 2106 383 2146 Quod
416 2106 458 2139 ad
489 2107 700 2150 negationem
726 2106 810 2139 atti-

149 2156 220 2193 net,
243 2163 342 2196 quam
366 2152 581 2186 desiderabat
602 2153 808 2207 Stephanus,

149 2198 303 2243 quamvis
336 2198 436 2231 facile
468 2202 546 2254 post
573 2196 691 2232 αὐτοῦ
717 2198 809 2232 exci-

150 2245 233 2278 dere
264 2243 415 2289 potuerit
446 2241 650 2286 013,tan1‹=n
682 2245 716 2278 id
752 2256 809 2278 su-

148 2290 374 2324 baudiendum
393 2291 507 2334 potius
533 2295 569 2324 et
588 2303 630 2324 ex
654 2291 810 2336 superio—-

149 2337 244 2370 ribus
269 2336 507 2379 repetendum,
533 2348 633 2381 quam
656 2337 809 2370 inseren-

150 2382 229 2415 dum
247 2382 394 2422 videtur,
419 2383 619 2438 praesertim
633 2395 737 2438 quum
757 2396 812 2417 se—

151 2428 291 2473 quentia
317 2424 408 2461 οἶλλὰ
433 2426 528 2485 πρὸς
546 2427 588 2463 τὸ
619 2425 723 2472 ἄγαν.
752 2430 811 2462 do-

152 2477 252 2508 ceant
274 2475 379 2516 haec
411 2474 474 2508 καὶ
498 2472 532 2530 ἡ
549 2475 663 2519 σοφία
692 2471 810 2509 αὐτοῦ

152 2518 273 2566 τούτῳ
300 2517 467 2564 ἀρέσκειν
485 2519 658 2565 πέπηγεν,
677 2522 813 2555 artissi-

153 2578 206 2599 me
234 2578 307 2600 cum
340 2567 620 2611 praecedentibus
653 2568 815 2601 cohaere-

152 2624 203 2646 re.
252 2612 415 2646 Similiter
439 2612 501 2647 καὶ
524 2625 584 2657 pro
610 2610 698 2647 ουδὲ
724 2613 813 2668 posi—

153 2664 226 2692 tum
251 2662 304 2692 est
327 2658 412 2693 Phil.
439 2670 473 2703 p.
490 2661 544 2695 16.
562 2660 613 2693 A:
641 2657 811 2703 φειδόμε-

152 2716 218 2743 νος
242 2700 330 2738 ου’τε
370 2702 532 2761 πατρὸς
556 2701 642 2739 οὕτε
673 2704 813 2761 μητρὸς

154 2748 242 2785 οὔτε
268 2747 380 2784 ἄλλον
404 2752 480 2784 τῶν
509 2748 724 2786 οἷκονόντων
749 2748 812 2785 ον’-

154 2795 273 2839 δενὸς,
295 2794 420 2840 ὀλίγον
441 2795 479 2831 δὲ
499 2796 578 2832 καὶ
599 2810 675 2831 των
693 2795 813 2831 ἄλλων

154 2841 296 2900 ζώων,
327 2855 371 2877 ου
404 2840 520 2886 μόνον
554 2844 629 2877 τῶν
664 2840 762 2887 ‹ivae›
767 2841 814 2876 ω’·

153 2901 254 2933 πων,
279 2886 357 2925 ἐπεὶ
380 2887 582 2935 βαρβάρων
598 2900 638 2933 ’γε
657 2856 814 2930 οὐδενὸς

367 599 546 645 Οὐκοῦν
586 601 765 651 δικαίως
796 598 852 643 ἂν
882 597 1021 643 αὐτοῦ
1049 597 1134 656 ἤδη
1168 599 1526 657 ἐπιλαμβανοίμε-

865 766 912 805 div
937 771 1126 827 φείσαιτο,
1158 770 1259 814 εἰπερ
1281 766 1400 813 μόνον
1419 766 1525 825 ἑρμη-

863 816 931 851 νέα
965 816 1087 851 ποθεν
1117 816 1202 861 έᾛχοι
1240 820 1274 850 et
1305 827 1367 860 pro
1392 815 1454 849 καὶ
1479 827 1524 849 ου

863 875 923 897 seu
942 860 1029 898 οὔτε
1053 865 1207 908 supraL.
1220 863 1333 896 VIIII.
1345 874 1377 907 p.
1389 864 1469 898 581.
1480 862 1524 895 Ε.

911 928 1046 976 αὐτοῦ]
1074 929 1175 966 αὐτῶ
1201 933 1280 966 Par.
1297 931 1340 964 K.

909 998 1045 1046 τούτῳ]
1071 1001 1184 1035 τοῦτο
1209 1001 1311 1035 Vind.
1324 1001 1365 1034 B.
1391 999 1525 1034 Vat.H.

911 1081 946 1115 εἰ
971 1079 1090 1125 μέλλει
1111 1102 1157 1106 -
1177 1074 1298 1125 η’θος]
1330 1079 1499 1114 Proclus
1490 1092 1525 1114 1n

865 1127 941 1161 civ.
986 1140 1048 1172 p.
1062 1130 1152 1168 406,
1190 1129 1245 1161 25.
1289 1128 1374 1160 haec
1415 1127 1525 1160 citans

864 1170 979 1218 (ὅταν
1001 1173 1070 1207 ουν
1092 1169 1111 1206 ὁ
1133 1171 1335 1216 Σωκράτης
1358 1170 1441 1217 λέγῃ
1461 1182 1526 1206 σα-

865 1220 967 1275 φῶς·
1012 1216 1031 1252 ὁ
1063 1218 1109 1262 δὴ
1139 1218 1332 1262 μιμητικὸς
1367 1216 1528 1262 ποιητὴς

865 1277 909 1299 ον
940 1263 1033 1308 πρὸς
1060 1263 1103 1299 τὸ
1134 1263 1340 1308 λογιστικὸν
1365 1265 1431 1308 τῆς
1454 1271 1527 1307 ψυ-

863 1311 931 1355 χῆς
954 1309 1130 1354 πέφυκεν,
1157 1311 1191 1344 εἰ
1207 1313 1314 1354 μελοῖ
1338 1312 1420 1354 etc.)
1444 1309 1528 1353 με’λ-

866 1359 923 1391 λοι
960 1357 1063 1401 legst,
1099 1358 1187 1401 quod
1229 1357 1330 1390 etiam
1366 1358 1451 1391 Ven.
1486 1357 1527 1390 B.

866 1403 1015 1438 exhibet.
1051 1404 1119 1436 Sed
1145 1403 1347 1436 indicativus
1372 1403 1528 1436 hocloco

866 1449 1080 1483 necessarius
1098 1449 1251 1482 videtur:
1278 1450 1307 1482 si
1325 1461 1442 1482 verum
1466 1454 1528 1490 est,

866 1498 954 1540 quod
972 1498 1131 1538 ponitur,
1157 1498 1262 1539 vulgo
1284 1508 1359 1528 eum
1376 1496 1528 1539 placitu-

866 1554 954 1583 rum,
978 1554 1076 1574 wenn
1107 1553 1143 1574 er
1171 1543 1264 1574 einer
1293 1543 1359 1581 ist,
1384 1542 1530 1575 weh-her

867 1589 941 1622 dem
953 1600 1095 1631 grossen
1107 1589 1248 1630 Havfen
1261 1589 1419 1632 gefallen
1431 1588 1530 1626 mirei,

866 1646 931 1667 non
956 1646 1054 1666 wenn
1083 1646 1120 1667 er
1154 1635 1264 1666 Rnhm
1296 1635 1408 1667 baben
1433 1634 1529 1666 will

867 1682 918 1714 bei
946 1682 1010 1713 ‹Ier
1045 1682 1191 1724 Menge,
1227 1692 1294 1723 qua
1318 1681 1531 1723 interpreta-

864 1727 956 1760 tione
980 1730 1078 1759 utens
1099 1725 1431 1759 Schleiermacherus
1450 1737 1530 1770 pro-

864 1773 951 1806 xime
977 1772 1248 1805 antecedentium
1273 1784 1407 1805 sensum
1431 1771 1531 1806 adul-

864 1824 979 1852 terare
1004 1822 1142 1851 coactus
1166 1823 1228 1851 est.

914 1883 1006 1921 οἷλλά
1028 1907 1073 1912 -
1092 1884 1223 1930 εἷναι.]
1256 1887 1353 1920 Haec
1377 1886 1410 1920 in
1436 1886 1528 1922 Mon.

865 1934 905 1968 B.
930 1933 1048 2012 tquasi
1090 1933 1233 1966 delenda
1280 1933 1369 1966 linea
1411 1936 1530 1967 notata

866 1992 927 2013 sun
948 2006 955 2014 .

912 2046 1030 2092 πρὸς]
1065 2060 1131 2082 om.
1155 2047 1255 2082 idem.
1302 2048 1439 2082 Ficinus
1467 2059 1531 2081 no-

865 2107 942 2128 vum
967 2096 1107 2128 verbum
1141 2094 1274 2128 intulit:
1309 2096 1369 2128 sed
1401 2107 1529 2139 queru-

867 2143 936 2175 lum
957 2160 1001 2165 —
1023 2143 1191 2175 observat.

913 2218 1207 2265 ἀγανακτητικόν
1231 2220 1283 2264 τε]
1307 2220 1361 2254 Ita
1383 2220 1462 2254 Par.
1487 2220 1528 2255 A.

865 2268 965 2302 Vind.
991 2268 1034 2301 E.
1061 2272 1113 2307 et,
1138 2267 1294 2322 apposito
1318 2267 1353 2299 in
1377 2278 1420 2299 m.
1447 2278 1528 2301 am.

865 2326 915 2360 pr.
943 2311 1192 2358 οἳγανακτικόν
1215 2323 1271 2355 τε,
1297 2313 1336 2346 Β.
1392 2312 1530 2356 Reliqui

869 2360 1001 2394 codices
1026 2372 1099 2394 cum
1126 2361 1258 2401 Proclo,
1283 2358 1340 2403 qui
1364 2369 1403 2392 τε
1428 2359 1531 2392 omit-

868 2406 924 2448 tit,
950 2406 1117 2461 editisque
1133 2410 1212 2439 ante
1227 2405 1422 2438 Bekkerum
1439 2401 1529 2449 ἄγα-

869 2450 1044 2487 νακτικόν
1074 2464 1112 2485 τε
1143 2452 1281 2485 habent.
1327 2451 1416 2484 Nam
1442 2451 1532 2493 quod

870 2498 1113 2532 Stallbaumius
1137 2498 1171 2530 in
1183 2509 1250 2530 sec,
1264 2497 1305 2530 ad
1327 2497 1421 2541 prius
1442 2495 1531 2541 οἷγα·

870 2543 1091 2588 νακτητικὸν
1194 2543 1272 2578 604.
1308 2544 1350 2576 Ε.
1396 2545 1532 2577 eosdem

870 2591 944 2631 hic,
977 2602 1061 2635 quos
1084 2556 1152 2624 ibip
1164 2589 1298 2623 codices
1323 2587 1534 2633 ἀγανακτη-

870 2635 975 2671 τικόν
1007 2636 1094 2669 tueri
1129 2635 1257 2678 tradit,
1288 2635 1412 2681 partim
1437 2639 1532 2669 ceito

871 2683 1020 2716 Bekkeri
1044 2681 1254 2723 testimonio,
1277 2682 1398 2727 partim
1423 2681 1531 2726 ipsius

869 2729 904 2762 in
929 2740 980 2773 pr.
1013 2729 1056 2762 de
1079 2727 1289 2762 Florentinis
1316 2727 1450 2762 silentio
1474 2739 1532 2761 re-

868 2777 1007 2820 pugnat.

914 2837 1028 2887 ἦθος]
1054 2840 1144 2889 ἔθος
1166 2843 1252 2877 Lob.
1276 2843 1363 2877 Ven.
1383 2842 1424 2876 C.
1449 2842 1530 2876 Vat.

869 2889 919 2924 M.
945 2892 980 2923 et
1003 2901 1077 2923 cum
1100 2889 1124 2933 ἠ
1151 2901 1254 2935 super
1278 2887 1296 2922 ἕ
1317 2889 1396 2923 Par.
1422 2888 1464 2922 D.
