1764 3176
595 180 1098 224 EDITORIS„
1380 197 1523 222 xxxxi

139 310 201 344 per
214 309 257 334 se
273 304 353 334 sunt
372 304 432 334 aut
450 300 658 344 quantitates
671 325 682 343 ,
711 311 796 344 quas
827 311 923 334 mens
955 300 1092 333 intuens
1113 302 1148 332 et
1172 298 1264 333 velut
1283 297 1443 331 ordinans
1463 298 1526 332 ob—

138 357 229 390 iecta
253 357 438 400 singularia
458 357 613 392 sensibus
645 358 800 391 subiecta
823 356 1007 400 cogitando
1029 356 1176 397 format,
1206 366 1272 389 nec
1295 355 1456 388 differunt
1483 355 1527 388 ab

137 413 213 457 ipso
239 414 451 457 intelligendi
471 419 550 448 actu
564 440 575 456 ,
604 413 736 457 hocque
755 418 912 447 cessante
944 414 1070 446 abeunt
1089 417 1192 454 atque
1211 417 1436 446 evanescunt:
1469 416 1529 445 ant

138 469 355 504 characteres
377 472 471 514 picti,
501 472 621 514 quibus
639 475 803 505 notantur
822 475 858 504 et
877 471 1111 513 exprimuntur
1128 469 1274 502 numeri.
1331 470 1411 501 lllas
1429 478 1532 502 sensu

136 531 378 569 perceptorum
406 533 466 561 aut
497 528 725 570 cogitatorum
755 527 1001 561 individuorum
1039 526 1288 559 multitudinem
1318 525 1531 567 significare:

136 582 199 616 lios
215 587 344 618 certum
363 585 530 618 unitatum
550 595 740 625 numerum,
773 595 836 617 nec
854 588 992 627 praeter
1011 582 1097 616 baec
1116 582 1207 615 aliud
1227 581 1423 625 quidquam,
1445 582 1532 615 adeo

136 639 273 673 evidens
290 645 363 683 est,
393 645 431 674 ut
446 641 745 675 ‘demonstratione
762 652 830 674 non
854 645 968 683 egeat.
1028 640 1066 673 Si
1097 639 1234 672 aliunde
1262 638 1422 672 advenire
1446 639 1534 672 dici-

137 700 213 738 tur,
243 697 365 738 eodem
391 709 447 731 res
477 698 578 739 redit,
608 709 675 741 quo
705 699 739 731 in
771 698 991 734 Geomantia.
1023 694 1119 742 (eam
1152 696 1264 739 paullo
1288 700 1367 728 ante
1389 696 1533 729 demon-

136 757 308 787 straverat
326 765 438 797 neque
456 765 476 787 a
495 755 662 788 sideribus
686 755 794 787 aliave
817 754 958 798 physica
982 764 1098 793 causa,
1126 763 1239 795 neque
1261 752 1304 784 ab
1328 753 1534 795 incorporea

137 810 250 853 aliqua
295 810 405 844 divina
439 816 499 845 aut
531 812 710 854 angelica,
749 812 813 845 nisi
831 811 921 845 forte
954 811 997 844 ab
1037 810 1196 851 diabolo,
1234 809 1441 842 auctoritate
1464 809 1533 842 ulla

136 867 328 911 praeditam
348 865 455 914 esse.)
513 868 627 901 Credo
656 867 906 902 Arithmantiae
937 878 1060 901 nomen
1094 866 1191 899 initio
1224 866 1289 899 toti
1315 875 1532 899 numerorum

137 923 314 957 doctrinae
331 925 496 958 tributum
522 936 543 958 a
577 925 695 968 primis
725 932 760 958 et
777 926 916 958 summis
947 924 1152 964 artificibus,
1182 933 1248 965 qua
1283 921 1374 956 baud
1394 923 1465 956 scio
1487 933 1531 956 an

137 981 182 1013 sit
200 980 384 1024 perfectior
415 982 482 1015 ulla
511 985 571 1014 aut
602 982 692 1015 vitae
720 981 1034 1023 accommodatior,
1066 984 1126 1013 aut
1154 984 1298 1013 naturae
1328 980 1532 1022 intelligenti

137 1038 402 1072 convenientior.
462 1038 575 1072 Mirae
595 1039 684 1072 enim
712 1043 790 1072 sunt
822 1043 856 1072 et
876 1039 991 1071 variae
1011 1047 1228 1071 numerorum
1248 1037 1477 1079 proprietates
1492 1036 1532 1069 'et

136 1094 316 1136 analogiae
343 1096 433 1128 inter
463 1106 559 1128 sese:
597 1096 702 1128 series
731 1106 800 1129 non
831 1095 993 1136 fortuita,
1035 1094 1094 1127 sed
1124 1093 1299 1137 aptissime
1331 1093 1529 1126 distributa:

94 1184 95 1187 ,
135 1150 331 1184 discrimina
355 1152 469 1197 varia,
500 1163 609 1194 eaque
633 1163 701 1185 non
725 1146 911 1194 ἄχρηστα,
937 1151 998 1185 sed
1033 1152 1150 1185 usibus
1180 1160 1267 1193 pene
1296 1150 1434 1183 infinitis
1469 1160 1530 1182 ac-

137 1208 375 1249 commodata3
409 1219 494 1250 quos
524 1219 600 1242 cum
630 1209 843 1251 ingeniorum
870 1209 1026 1241 acumine
1058 1208 1205 1241 artifices
1223 1206 1391 1240 eruissent
1410 1211 1444 1239 et
1469 1216 1530 1239 ex-

135 1265 334 1308 plicassent,
364 1265 477 1298 mirati
499 1265 716 1299 artificiosam
735 1267 905 1298 rationem
926 1265 1068 1305 caeteri,
1099 1275 1186 1307 quae
1205 1273 1422 1297 numerorum
1441 1264 1531 1296 inter

136 1331 175 1354 se
206 1321 524 1364 commixtionibus,
565 1323 908 1365 amplificationibus,
947 1321 1247 1360 diminutionibus,
1278 1321 1532 1363 partitionibus,

135 1378 319 1420 analogiis,
352 1389 415 1411 ceu
444 1379 590 1421 quadam
622 1379 828 1412 divinatione
858 1379 1045 1412 deduceret
1075 1378 1119 1411 ad
1150 1377 1381 1420 cognitionem
1405 1387 1533 1418 rerum,

136 1434 257 1477 quibus
277 1435 312 1468 in
332 1436 462 1468 artibus
485 1440 521 1469 et
540 1437 608 1469 vita
627 1446 713 1479 opus
735 1441 830 1469 erat:
861 1436 926 1469 vim
953 1436 1102 1468 numeris
1121 1434 1268 1467 divinam
1288 1435 1401 1467 inesse
1422 1435 1531 1467 finxe-

135 1494 236 1535 runt,
266 1491 354 1525 sicut
388 1502 506 1526 revera
536 1494 664 1526 nullum
695 1493 888 1536 expressius
916 1496 975 1525 aut
1007 1491 1194 1525 evidentius
1228 1491 1362 1524 divinae
1394 1491 1533 1534 sapien-

135 1548 205 1581 tiae
228 1549 420 1592 exemplum
439 1549 472 1583 in
490 1549 674 1593 depravata
695 1548 867 1583 hominum
885 1554 1010 1582 natura
1032 1550 1197 1591 reliquum
1223 1552 1274 1580 est
1294 1547 1358 1581 hac
1375 1548 1447 1591 ipsa
1470 1558 1535 1581 nu-

136 1614 306 1638 merorum
336 1606 470 1639 notitia.
537 1607 784 1649 Proportiones
813 1616 1032 1640 numerorum
1059 1606 1308 1638 transtulerunt
1336 1609 1457 1646 argute
1490 1604 1534 1637 ad

136 1661 289 1704 politica,
321 1666 425 1704 atque
448 1663 526 1696 inde
548 1663 590 1696 de
617 1663 812 1706 politiarum
832 1663 994 1706 periodis,
1024 1666 1062 1694 ut
1085 1661 1399 1703 constitutionibus,
1430 1661 1534 1694 dura-

136 1718 252 1759 tione,
281 1717 441 1751 fatalibus
458 1720 702 1752 mutationibus
733 1720 865 1753 erudite
896 1723 974 1752 sunt
996 1717 1247 1761 philosophati:
1279 1729 1367 1760 quae
1387 1729 1535 1761 propor-

138 1774 248 1807 tiones
276 1775 417 1817 imperia
448 1777 660 1816 instaurent,
702 1777 896 1817 stabiliant,
927 1776 1100 1816 muniant,
1133 1785 1175 1807 ac
1203 1779 1382 1807 tueantur:
1414 1775 1535 1817 quibus

136 1831 276 1872 vigeant
300 1835 335 1864 et
360 1832 569 1865 consistant:
601 1842 689 1875 quae
720 1832 908 1865 dissolvant
941 1832 1060 1865 eadem
1089 1836 1193 1874 atque
1220 1836 1376 1864 evertant
1406 1842 1534 1873 rursus,

137 1887 286 1930 denique
307 1888 426 1930 quibus
447 1889 515 1922 sint
535 1889 684 1931 periodis
702 1889 900 1922 durationes
923 1889 1215 1930 circumscriptae.
1273 1888 1399 1921 Exstat
1425 1888 1534 1921 arith-

137 1944 296 1977 meticum
321 1942 519 1979 vaticinium
536 1946 691 1979 Platonis
715 1946 758 1979 de
775 1946 985 1989 Rerumpub.
1006 1945 1156 1988 periodis
1179 1949 1300 1977 octavo
1323 1943 1532 1982 πολιτειῶν.

137 1995 210 2032 ἐστὶ
224 1996 378 2045 μὲνθεῷ
399 2001 537 2048 γενητῷ
550 2000 637 2048 (sic)
654 2001 841 2044 περίοδος,
865 1996 913 2046 ἣν
926 1994 1088 2044 ἀριθμὸς
1101 1996 1368 2044 περιλαμβάνει
1381 1997 1533 2047 τέλειος,

139 2049 365 2103 ἀνθρωπείῳ
395 2052 433 2089 δ’
453 2054 492 2090 ἐν
514 2051 542 2105 ᾧ
563 2055 696 2102 πρώτω
717 2053 907 2102 αὐξήσεις,
939 2055 1147 2099 δυνάμεναί
1163 2068 1202 2090 τε
1224 2055 1287 2090 καὶ
1308 2053 1535 2092 δυναστευό··

136 2124 247 2155 μεναι
269 2115 366 2154 τρεῖς
388 2107 717 2158 ἀποκαταστάσεις,
740 2113 919 2157 τέτταρας
943 2109 984 2148 δ’
1004 2109 1118 2156 ὅρους
1139 2113 1333 2158 λαβοῦσαι,
1358 2108 1534 2157 ὁμοιούν-

137 2181 213 2203 των
233 2179 272 2202 τε
301 2168 363 2203 καὶ
391 2163 690 2214 ἀνομοιούντων,
720 2170 781 2205 καὶ
814 2167 1010 2212 αι’ξόντων
1038 2170 1101 2204 καὶ
1133 2166 1373 2214 φθινόντων,
1409 2167 1535 2204 πάντα

137 2222 355 2270 προσήγορα
370 2226 433 2260 καὶ
457 2223 552 2271 ῥητοὶ
576 2224 671 2271 πρὸς
693 2224 830 2271 ἄλληλα
847 2224 1060 2271 ἀπέφηναν,
1093 2220 1145 2260 ὧν
1168 2223 1351 2268 ἐπίτριτος
1375 2224 1534 2272 πυθμὴν

137 2279 305 2325 πεμπάδι
343 2283 508 2326 συζυγεὶς
551 2281 620 2319 δύο
647 2279 828 2327 ἁρμονίας
863 2283 1078 2327 παρέχειται
1109 2282 1198 2330 (sic)
1235 2282 1312 2324 τρὶς
1342 2280 1534 2328 αὐξηθεὶς,

140 2345 208 2374 etc.
256 2339 458 2374 Aristoteles
490 2341 579 2376 bunc
607 2344 718 2376 locum
738 2343 771 2377 5.
829 2343 1052 2376 Politicorum
1086 2343 1332 2385 interpretatur
1352 2346 1386 2376 et
1411 2343 1536 2387 reiicit,

140 2398 198 2430 ubi
217 2397 260 2431 de
281 2398 430 2441 periodis
449 2399 622 2444 disputat,
655 2396 767 2443 φησὶ,
798 2400 928 2442 inquit,
954 2399 1056 2432 Plato
1085 2397 1206 2431 αἴτιον
1228 2395 1324 2432 εἶναι
1342 2395 1384 2432 τὸ
1403 2394 1451 2442 μὴ
1473 2395 1535 2440 με’·

140 2463 220 2486 νειν
247 2450 383 2496 μηδὲν,
415 2448 501 2487 ἀλλ’
540 2453 579 2489 ἔν
607 2467 681 2488 τινι
716 2453 879 2500 περιόδῳ
911 2451 1172 2500 μεταβάλλειν,
1216 2450 1332 2498 ἀρχὴν
1366 2448 1405 2487 δ’
1440 2450 1537 2489 εἶναι

140 2505 304 2552 τούτων,
340 2501 393 2543 aiv
425 2507 609 2552 ἐπίτριτος
639 2509 798 2556 πυθμὴν
833 2508 999 2554 πεμπάδι
1040 2509 1204 2554 συζυγεὶς
1237 2507 1307 2545 δύο
1353 2506 1538 2555 ἁρμονίας

138 2564 354 2609 παρέχεται,
383 2562 496 2610 λέγων
519 2563 610 2602 ὅταν
633 2562 653 2601 ὁ
673 2569 740 2602 τοῦ
761 2564 1040 2612 διαγράμματος
1060 2563 1222 2609 ἀριθμὸς
1241 2564 1379 2602 τούτου
1397 2567 1539 2610 γίνεται

141 2621 230 2669 (sic)
251 2619 422 2666 στερεὸς,
454 2620 504 2663 αἶς
534 2625 600 2668 τῆς
630 2621 779 2665 φύσεώς
808 2637 898 2659 ποτε
919 2620 1088 2667 φυούσης
1116 2621 1303 2666 φαύλους,
1335 2624 1397 2658 καὶ
1418 2625 1538 2668 κρείτ-

140 2690 230 2716 τους
253 2678 319 2722 τῆς
338 2679 524 2719 παιδείας.
583 2683 658 2716 Etsi
687 2687 800 2717 antem
820 2688 1000 2725 utrumque
1023 2683 1134 2716 locum
1157 2683 1214 2716 alii
1237 2684 1337 2716 aliter
1356 2684 1538 2716 intellexe-

141 2740 241 2770 runt:
272 2741 387 2770 tamen
421 2737 487 2772 hoc
507 2740 592 2773 velle
613 2740 794 2774 Platonem
822 2740 949 2781 iudico,
978 2740 1200 2773 stabilitatem
1222 2741 1453 2783 imperiorum,
1488 2740 1538 2773 vi·-

141 2803 327 2836 goremque
355 2792 406 2826 his
434 2797 583 2829 numeris
606 2797 887 2840 comprehensum
910 2808 985 2830 esse
1007 2807 1048 2829 ac
1065 2796 1253 2838 definitum,
1284 2801 1322 2830 ut
1342 2797 1536 2830 ineuntibus

142 2850 273 2884 duabus
290 2853 588 2898 proportionibus,
618 2864 703 2897 quas
723 2854 940 2898 sesquitertia
961 2853 1057 2887 radix
1078 2863 1154 2887 cum
1174 2854 1329 2897 quinario
1349 2853 1535 2894 constituit,
