1764 3176
229 133 314 172 2⁰6

228 237 627 296 ἐγκωμιαζόμενος,
658 238 687 294 ἢ
716 238 740 282 ὁ
772 239 1066 295 ἐγκωμιάζων.

227 308 269 360 ἐξ
298 310 399 350 ἴσου
429 307 457 363 ἥ
486 298 539 349 τε·
558 306 659 362 τιμὴ
688 308 761 350 καὶ
789 308 817 364 ἡ
848 307 1047 361 ῶφέλεια.

680 127 1150 170 PLATONIS

1130 235 1274 293 Οἶμαι,
1305 238 1406 294 ἔφη·
1438 237 1493 282 οὐ
1512 237 1598 294 γάρ

1111 309 1210 350 Τῶν
1238 306 1317 362 μὲν
1346 305 1498 350 τοίνυν
1527 305 1599 351 ἅλ-

225 379 315 418 nam
353 375 453 428 πέρι
493 375 553 431 μὴ
593 374 843 432 ἀπαιτῶμεν
872 374 1005 431 λόγον
1022 374 1221 430 “Ὀμηρον
1254 373 1286 430 ἢ
1317 372 1449 418 ἄλλον
1479 373 1601 418 ὁντι-

185 444 193 481 3
224 447 336 486 νοῦν
366 446 453 486 τῶν
483 447 694 500 ποιητῶν,
731 443 1002 498 ἐρωτῶντες,
1041 445 1077 486 εἰ
1107 441 1301 497 ἰατρικὸς
1332 437 1388 496 ἦν
1415 457 1479 492 τις
1516 439 1601 484 αὖ·

221 515 332 563 τῶν,
373 510 482 554 ἄλλα
521 510 579 567 μὴ
620 511 805 568 μιμητής
846 510 988 566 μόνον
1028 513 1236 591 ἰατρικῶν
1273 509 1439 564 λόγων,
1479 510 1602 559 τίνας

221 577 358 634 υγιεῖς
399 579 585 661 ποιητής
623 597 688 630 τις
724 584 813 622 τῶν
849 583 1049 622 παλαιῶν
1093 577 1122 634 ἢ
1167 580 1256 621 τῶν
1287 577 1399 620 νέων
1436 575 1602 630 λέγεται

221 647 517 703 πεποιηκέναι,
550 645 694 702 ῶσπερ
716 646 1000 704 Ἀσκληπιὸς,
1030 646 1059 702 ἢ
1086 647 1207 696 τίνας
1237 644 1436 702 μαθητὰς
1467 645 1599 698 ἰατρι-

221 719 301 771 κῆς
331 716 602 767 κατελίπετο,
634 714 779 770 ῶσπερ
811 715 976 766 ἐκεῖνος
1004 713 1109 766 τούς
1139 712 1432 770 ἐκγόνους,μ
1402 710 1509 769 μήδ
1542 705 1600 754 αὖ

221 863 368 897 voluisse
413 862 574 919 suspicor.
632 863 671 897 In
711 863 812 899 Vind.
840 864 881 897 Β.

222 906 454 965 apostvuozff
480 914 544 942 est.

267 952 592 998 ἐγκωμιαζόμενος]
619 951 736 998 ἑγκομ.
763 955 834 988 Ald.

269 999 360 1056 ἔφη·
375 999 506 1057 ]ἕφη.·
531 1000 631 1035 Vind.
656 1001 697 1034 Ε.

268 1044 305 1088 ἐξ
334 1046 432 1090 ἴσον]
459 1044 580 1087 ἐξίσου
605 1046 737 1080 codices
760 1046 824 1080 mei
848 1051 884 1080 et

222 1093 299 1127 Ald.
323 1093 400 1126 Bas.
426 1093 481 1126 ab.

220 1184 261 1218 Β
268 1136 650 1263 maferez&
653 1138 746 1218 12:3¹3.-
767 1139 881 1219 effi:

221 1243 255 1276 p
270 1277 354 1310 Τῶν
390 1288 457 1319 μεν
492 1276 621 1310 τοίνυν
658 1294 700 1301 -
729 1270 866 1318 ἩΕγωγ
869 1301 879 1318 ,

221 1319 303 1366 ἔφη.
342 1324 420 1357 601.
458 1323 520 1365 B.]
559 1322 675 1355 laudat
709 1321 881 1354 Eusebius

218 1380 337 1424 praep.
360 1380 411 1401 ev.
436 1369 474 1401 L.
487 1368 564 1402 XII.
578 1380 609 1412 p.
623 1369 700 1403 362.
713 1378 787 1411 sqq.
814 1368 881 1400 Pro

218 1426 290 1471 μεν
307 1414 434 1448 τοίνυν
450 1415 528 1449 Vat.
552 1414 595 1448 Η
620 1411 746 1456 μέντοι
765 1414 880 1446 habet.

265 1457 311 1503 η’]
339 1458 584 1515 μηδὲ1Ειι5εΙ).

266 1505 400 1562 ἄλλον]
428 1502 549 1539 ἄλλων
575 1507 653 1539 Bas.
677 1506 712 1539 b.

265 1549 465 1597 ὁντινοῦν]
534 1548 736 1586 ὁντιναοῦν
795 1550 880 1583 Lob.

219 1598 315 1633 Vind.
342 1599 379 1632 B.
405 1599 532 1632 Euseb.
560 1595 761 1632 ὁντιναοῦν
779 1596 878 1631 Vind.

217 1645 262 1678 Ε.
298 1641 503 1678 δ’ντιναοῦν
536 1645 626 1678 [lor.
650 1643 792 1677 ACTV.
818 1638 881 1675 όν-

217 1702 302 1724 τινα
339 1690 408 1724 ουν
440 1692 519 1725 Bas.
551 1691 586 1725 b.
622 1686 775 1725 ὁτινοῦν
801 1688 880 1722 Ald.

220 1733 374 1772 ὁντιοῦν
398 1737 478 1770 Bas.
503 1749 534 1770 a.

268 1781 456 1826 ἰατρικὸς]
494 1779 625 1826 ἰατρὸς
657 1781 785 1815 Euseb.
809 1792 881 1814 me-

220 1829 316 1863 dicus
340 1828 411 1861 Fic.
444 1829 485 1862 de
509 1841 576 1883 quo
602 1829 645 1861 cf.
671 1827 745 1860 Vol.
772 1827 820 1859 ΙΙ.
845 1838 880 1870 p.

218 1876 276 1916 24,
289 1875 322 1908 b.
336 1885 387 1919 sq.
414 1872 579 1918 ἰατρικός
597 1886 652 1912 τις
672 1873 766 1915 (Par.
785 1872 879 1916 DK.)

219 1901 294 1954 Alfi.
319 1921 401 1954 Bas.
424 1922 478 1953 ab.
504 1920 624 1965 Steph.
655 1920 726 1952 Ast.
750 1930 803 1963 pr.

218 1961 544 2057 τὸἧῖτλξῗέαὲζζςουή
549 1965 722 2055 vmlji'lgsgb
715 1974 881 2044 Mbn.617}.

219 2070 241 2093 a
264 2070 308 2092 m.
333 2070 386 2103 pr.

268 2102 316 2148 μή
340 2102 512 2148 μιμητὴς]
537 2100 692 2147 μημιτὴς
716 2101 814 2136 Vind.
838 2101 882 2134 E.

222 2149 381 2194 μιμητὴς
404 2151 490 2183 Lob
515 2150 614 2185 Vind.
639 2149 679 2182 F.
707 2150 783 2182 Vat.
800 2147 881 2182 ΒΜ.

223 2201 259 2232 et
282 2209 302 2230 a
325 2208 368 2230 m.
394 2208 446 2241 pr.
465 2196 509 2230 H.
537 2198 620 2239 Ang.
631 2196 672 2230 Β
695 2194 786 2227 Flor.
801 2194 879 2226 RT.

264 2239 402 2287 μόνον]
447 2245 526 2287 post
557 2240 733 2287 ἰατρικῶν
762 2237 882 2283 λόγων

218 2288 349 2322 Euseb.

255 2334 388 2389 τίνας]
431 2345 536 2373 τινας
567 2333 667 2366 Vind.
701 2332 740 2365 F.
776 2330 881 2370 τίνας

217 2392 288 2425 γαρ
312 2380 397 2414 Lob.
424 2381 501 2413 Vat.
526 2381 605 2414 ΒΜ.
630 2381 715 2415 Ven.
733 2379 773 2411 Β.
792 2379 878 2421 Ang.

217 2427 260 2460 B.
291 2426 383 2460 Flor.
416 2426 488 2460 RV.
525 2426 652 2459 Euseb.
688 2425 764 2458 Ald.
798 2425 877 2457 Bas.

218 2473 274 2506 ab.
298 2472 419 2517 steph.
443 2472 516 2504 Ast..
549 2484 623 2505 cum
647 2471 774 2504 maiore
798 2473 878 2503 ante

217 2518 322 2571 τίνας
346 2518 638 2562 interpunctione,
661 2517 751 2562 quod
771 2515 799 2549 si
817 2528 879 2559 ge-

218 2565 355 2598 nuinum
380 2567 453 2604 est,
481 2564 642 2597 Socrates
676 2575 718 2596 an
741 2561 877 2595 medici-

219 2622 283 2643 nae
303 2621 450 2655 unquam
463 2612 637 2654 poetarum
646 2609 767 2654 aliquis
786 2607 878 2653 peri-

218 2661 274 2690 tus
299 2656 402 2690 fuerit
435 2660 618 2701 propterea
650 2666 816 2700 quaerere
840 2664 877 2687 se

219 2701 307 2735 nolle
338 2702 439 2743 dicit,
471 2701 561 2746 quod
589 2711 878 2746 supervacaneum

219 2748 285 2791 sit,
311 2749 390 2793 quia
414 2747 497 2781 satis
519 2752 651 2781 constet
674 2747 799 2780 nullum
823 2747 879 2779 fu

218 2793 307 2836 isse,
332 2806 433 2840 quum
460 2805 555 2827 nemo
586 2805 701 2828 eorum
733 2804 878 2838 unquam

940 874 1080 897 sanasse
1117 861 1263 906 aliquem
1309 860 1453 895 dicatur.
1523 859 1599 893 Hac

940 921 1021 942 vero
1045 909 1088 941 de
1112 919 1234 941 caussa
1259 918 1367 951 aeque
1391 917 1601 951 supervaca—

940 966 1038 988 neum
1062 957 1137 987 erat
1167 953 1208 986 de
1232 953 1311 986 belli
1340 952 1457 997 reique
1488 951 1601 996 publi-

941 1012 1001 1033 cae
1036 999 1323 1033 administratione
1359 1002 1393 1031 et
1427 998 1470 1031 de
1493 997 1599 1030 homi-

940 1057 1018 1079 num
1064 1045 1277 1078 institutione
1319 1054 1511 1089 quaerere3
1557 1042 1600 1076 de

941 1091 1064 1136 quibus
1112 1092 1215 1124 rebus
1262 1092 1427 1124 Socrates
1472 1095 1598 1130 tamen,

940 1138 1022 1182 quia
1061 1137 1225 1171 maximae
1276 1140 1311 1170 et
1353 1136 1600 1181 pulcherrimae

938 1185 1017 1224 sint,
1041 1183 1269 1228 quaerendum
1294 1182 1512 1227 pronuntians
1529 1192 1600 1214 me-

938 1229 1081 1263 dicinam
1113 1234 1148 1262 et
1180 1229 1328 1273 reliquas
1353 1232 1446 1262 artes
1480 1230 1600 1272 utpote

937 1287 1003 1308 non
1026 1275 1243 1320 gravissimas
1275 1275 1384 1318 poetis
1413 1285 1451 1307 se
1475 1273 1600 1307 condo-

938 1332 1021 1354 nare
1056 1321 1215 1354 ostendit.
1270 1321 1394 1364 Itaque
1425 1331 1494 1362 γαρ
1525 1319 1599 1353 ine-

938 1372 1032 1411 ptum
1057 1371 1110 1400 est
1132 1366 1449 1421 inter-’polatumque
1465 1365 1600 1398 videtur

939 1414 982 1445 ab
1007 1412 1141 1457 aliquo,
1174 1412 1231 1457 qui
1260 1412 1295 1445 εἰ
1325 1418 1403 1455 post
1434 1409 1599 1454 ἐρωτῶν-

937 1470 997 1497 τες
1021 1470 1085 1491 ιιοιι
1110 1460 1151 1499 εἰ,
1176 1458 1237 1491 sed
1262 1470 1308 1492 an
1323 1457 1517 1501 signIficare
1538 1457 1598 1490 de-

938 1505 1020 1538 here
1044 1509 1193 1558 putaret.

981 1548 1159 1603 ποιητής]
1218 1548 1359 1592 λέγεται
1420 1544 1597 1603 ποιητής,

937 1596 1058 1629 omisso
1080 1596 1115 1629 in
1134 1596 1354 1640 sequentibus
1378 1596 1482 1628 verbo
1503 1591 1598 1638 λέγε-

937 1654 1010 1684 ται,
1037 1642 1130 1676 Μοιι.
1152 1643 1192 1675 Β.

983 1685 1205 1731 Ασκληπιὸς,
1200 1689 1220 1741 ]
1231 1683 1461 1730 Ἀσκληπιός,
1476 1686 1597 1731 steph.

983 1734 1100 1778 τίνας]
1125 1746 1230 1773 τινας
1256 1733 1352 1766 Vind.
1378 1733 1417 1766 F

983 1780 1220 1821 κατελίπετο]
1247 1779 1478 1813 κατελείπετο
1498 1776 1598 1813 Vind.

938 1826 1043 1860 BEF.
1077 1827 1168 1860 Mon.
1194 1825 1234 1859 C.
1266 1826 1349 1858 Ven.
1368 1825 1406 1858 B.
1443 1827 1530 1869 Ang.
1558 1824 1597 1857 Β.

938 1874 1016 1907 Vat.
1036 1872 1081 1904 H.

985 1914 1179 1961 ἐκγόνους]
1216 1913 1390 1960 ἐγγόνους
1427 1914 1527 1948 Vind.
1558 1916 1597 1947 F.

939 1963 1067 1997 Euseb.
1119 1964 1174 1996 Cf.
1210 1963 1280 1996 Vol.
1308 1962 1336 1995 Ι.
1372 1973 1405 2005 p.
1436 1962 1526 1994 131.
1544 1971 1595 2004 sq.

938 2009 1081 2053 Signum
1113 2008 1348 2052 interrogandi
1377 2018 1398 2040 a
1421 2006 1598 2062 Stephano

939 2060 976 2088 et
1017 2053 1265 2088 recentioribus
1306 2056 1386 2097 post
1423 2049 1598 2095 ἐκγόνους

938 2101 1083 2145 positum
1108 2100 1240 2141 sustuli,
1271 2099 1353 2144 quia
1375 2097 1599 2142 interrogatio

938 2148 1021 2181 haec
1044 2158 1109 2180 non
1134 2146 1264 2179 directa
1287 2148 1351 2179 est.

984 2189 1140 2239 αὐτοὺς]
1165 2188 1284 2225 αυτὸν
1309 2191 1435 2224 Euseb.

984 2233 1065 2283 ῶν]
1076 2239 1153 2272 τῶν
1177 2238 1262 2273 Lob.
1290 2238 1367 2272 vat.
1392 2237 1441 2271 M.
1466 2238 1512 2277 et,
1535 2234 1598 2269 ad-

938 2284 1008 2318 dito
1034 2283 1087 2317 ῶν
1120 2288 1198 2329 post
1220 2283 1442 2325 καλλίστων,
1468 2261 1596 2315 Eilseb.

936 2342 1035 2375 quem
1060 2331 1254 2375 Stephanus
1278 2330 1312 2363 in
1335 2341 1379 2362 ιιι.
1400 2328 1450 2362 ita
1472 2327 1598 2372 legisse

936 2378 1046 2410 docet.

980 2421 1149 2465 πολέμων
1173 2422 1225 2465 τε]
1250 2432 1289 2454 τε
1315 2433 1380 2455 om.
1404 2420 1533 2454 Euseb.

981 2468 1220 2512 στρατηγιῶν]
1248 2469 1368 2501 castris
1392 2467 1470 2499 Fic.

979 2513 1085 2559 πέρι]
1113 2513 1197 2557 περι
1223 2514 1319 2546 Vind.
1347 2513 1390 2547 Ε.
1414 2512 1489 2546 Ald.
1513 2512 1593 2546 Bas.
1623 2501 1662 2542 D

935 2562 990 2596 ab.

981 2603 1214 2651 ἄνθρωπον]
1249 2603 1348 2649 ἅνθρ
1352 2615 1464 2638 ωπων
1495 2604 1596 2638 Vind.

933 2654 974 2687 Β.
999 2654 1106 2697 (corr.
1130 2653 1164 2685 in
1189 2654 1258 2697 cm)
1284 2652 1377 2685 Mon.
1403 2652 1443 2684 C.
1467 2650 1595 2684 Euseb.

934 2700 1007 2734 Ast.
1041 2711 1108 2732 sec.
1141 2702 1220 2731 tert.
1261 2698 1385 2731 Stallb.
1423 2697 1597 2730 hominum

935 2746 1165 2789 (disciplinis)
1189 2744 1266 2778 Fic.
1315 2769 1339 2787 ,,
1331 2735 1442 2788 ‚Apud
1467 2742 1595 2775 Euseb.

933 2792 1096 2837 scriptum
1120 2793 1173 2825 est
1196 2787 1430 2834 ἄνθρῶπωντ
1454 2799 1516 2822 nec
1533 2787 1597 2822 du-
